2436 4094
331 466 430 520 172

1008 450 1436 515 JOANNIS
1506 451 1861 529 WIC{2IF
2159 474 2322 505 [sn-111.

637 585 908 633 Phronesz's.
977 584 1176 632 Dictum
1222 592 1295 633 est
1341 585 1441 643 tibi,
1491 586 1529 633 si
1573 586 1759 644 recoliS‚
1803 588 2056 649 quomodo
2096 574 2318 637 volumus

569 674 770 714 tractare
807 666 868 714 de
903 666 1151 714 virtutibus
1193 674 1242 714 et
1279 667 1418 724 vitiis,
1457 674 1504 714 et
1545 682 1648 715 non
1686 668 1949 716 formaliter
1986 669 2047 718 de
2087 671 2316 733 peccatis.

568 748 765 795 Dictum
803 756 875 796 est
912 748 997 796 tibi
1036 749 1194 807 etiam,
1231 749 1365 811 quod
1399 757 1655 811 peccatum
1691 766 1793 798 non
1829 754 2144 800 contrariatur
2178 753 2319 802 alicui

569 830 738 888 virtuti,
766 844 877 877 cum
903 829 962 877 sit
1000 830 1216 878 defectus
1253 838 1300 877 et
1335 845 1437 877 non
1474 831 1633 893 aliqua
1669 839 1900 891 creatura,
1927 834 2015 882 sed
2049 834 2200 882 modo
2226 848 2317 882 suo

570 913 833 976 opponitur
868 913 1138 975 cuicunque
1163 912 1359 970 virtuti1,
1394 928 1506 960 cum
1537 915 1772 976 extinguit
1801 915 2062 974 caritatem,
2095 916 2318 964 virtutem

570 1003 616 1042 et
639 996 842 1056 gratiam
867 995 916 1041 in
942 995 1203 1042 communi.
1274 995 1337 1041 Et
1363 994 1543 1042 dictum
1569 1003 1639 1043 est
1663 996 1747 1042 tibi
1772 997 1927 1054 tertio,
1954 997 2088 1060 quod
2113 996 2321 1060 duplex²

569 1085 640 1124 est
666 1077 836 1124 caritas
862 1077 959 1124 sive
984 1077 1150 1139 gratia,
1177 1077 1356 1124 scilicet
1379 1077 1430 1123 in
1454 1082 1665 1136 creatore,
1692 1093 1788 1140 qua
1813 1078 2152 1126 denominatur
2173 1079 2320 1142 grati-

570 1159 712 1206 ficare
730 1158 805 1205 vel
831 1158 1026 1220 diligere
1052 1165 1345 1218 creaturam;
1385 1166 1431 1205 et
1452 1158 1530 1205 illa
1554 1159 1725 1206 caritas
1751 1159 1800 1206 in
1818 1158 2008 1208 Deitate
2027 1167 2101 1207 est
2125 1167 2321 1209 aeterna

569 1248 618 1287 et
652 1240 702 1286 in
738 1239 931 1287 Christo
965 1247 1210 1301 perpetua,
1234 1239 1370 1301 juxta
1399 1239 1514 1286 illud
1549 1238 1787 1303 Jeremiae
1813 1241 1957 1288 xxxi:
2009 1242 2088 1289 ‘in
2111 1241 2310 1290 caritate

569 1330 801 1385 perpetua
825 1321 969 1369 dilexi
993 1329 1054 1379 te,
1084 1329 1130 1368 et
1155 1321 1350 1369 attraxi³
1373 1329 1419 1369 te
1452 1322 1689 1369 miserans
1712 1321 1833 1369 tui4.'
1907 1321 2030 1371 Sed⁶
2054 1323 2208 1384 gratia
2228 1323 2305 1371 vel

571 1405 740 1452 caritas
766 1404 816 1450 z'n
839 1409 1056 1451 creatura
1081 1403 1368 1450 intellectiva
1391 1412 1588 1451 vocatur
1614 1403 1957 1462 denominatio,
1979 1419 2076 1466 qua
2098 1405 2206 1467 ipsa
2237 1403 2308 1452 di-

571 1487 691 1535 citur
713 1493 851 1548 grata
873 1485 947 1532 vel
973 1500 1082 1532 cara
1106 1483 1215 1532 Deo
1225 1485 1256 1543 ⁶,
1281 1491 1328 1532 et
1353 1492 1425 1532 est
1451 1485 1630 1547 duplex
1656 1485 1837 1533 scilicet
1862 1485 2316 1548 praedestinationis

569 1568 642 1616 vel
676 1568 828 1616 finalis
854 1567 1248 1624 consumationis,
1283 1566 1482 1629 qualiter
1507 1567 1664 1615 solum
1695 1568 2038 1630 praedestinati
2070 1575 2182 1615 sunt
2205 1567 2316 1616 Deo

570 1647 666 1694 cari
690 1646 763 1693 vel
787 1647 936 1708 grati;
973 1654 1020 1693 et
1045 1646 1137 1693 alia
1162 1653 1234 1693 est
1257 1647 1410 1708 gratia
1433 1646 1507 1693 vel
1533 1647 1703 1693 caritas
1725 1646 1993 1694 secundum
2012 1653 2318 1709 praesentem

567 1729 812 1791 justitiam,
838 1743 935 1790 qua
968 1735 1184 1775 creatura
1219 1727 1463 1775 rationalis
1498 1728 1768 1790 disponitur
1803 1736 1850 1775 et
1876 1735 1948 1775 est
1973 1727 2035 1775 ad
2065 1727 2317 1775 modicum

570 1820 761 1873 tempus
794 1826 904 1858 cara
927 1809 1054 1868 Deo,
1080 1818 1126 1858 et
1159 1811 1236 1858 illa
1268 1819 1341 1858 est
1374 1812 1488 1858 satis
1520 1810 1745 1859 fluxibilis
1770 1812 1821 1858 in
1845 1811 2019 1858 viante.
2088 1809 2152 1857 Et
2184 1817 2316 1868 nota,

571 1892 703 1954 quod
727 1900 923 1954 propter
947 1893 1264 1959 assistentiam
1288 1893 1363 1940 vel
1387 1893 1709 1940 deficientiam
1734 1893 1838 1941 talis
1861 1893 2042 1955 gratiae
2061 1891 2196 1940 Deus
2215 1906 2318 1939 non
2371 1904 2375 1906 ·

570 1974 725 2035 magis
748 1974 822 2020 vel
855 1975 1015 2021 minus
1048 1973 1246 2021 afficitur
1279 1982 1537 2032 creaturae,
1564 1989 1676 2022 cum
1709 1990 1900 2037 semper
1927 1973 2023 2021 vult
2054 1973 2318 2036 praedesti-

571 2063 709 2102 natos
735 2070 847 2103 suos
872 2055 1049 2103 habere
1074 2055 1277 2117 gloriam
1312 2056 1667 2117 sempiternam.
1737 2055 1909 2104 Unde⁷
1931 2063 2120 2104 tantum
2153 2055 2318 2102 dilexit

572 2136 779 2195 Petrum,
816 2136 975 2184 David
1015 2144 1063 2184 et
1103 2145 1302 2195 ceteros,
1341 2138 1537 2200 quando
1579 2138 1784 2200 graviter
1824 2145 2157 2200 peccaverunt,
2195 2138 2319 2186 sicut

572 2219 768 2280 quando
793 2218 943 2266 modo
969 2218 1018 2265 in
1042 2219 1195 2281 patria
1220 2227 1330 2266 sunt
1353 2220 1494 2277 beati,
1521 2220 1635 2281 quia
1667 2227 1767 2266 tam
1803 2219 2000 2266 firmiter
2023 2219 2140 2283 ipsis
2165 2219 2315 2268 voluit

574 2307 758 2347 tantum
782 2301 983 2348 bonum.
1052 2300 1401 2348 Verumtamen
1426 2302 1547 2348 sicut
1571 2316 1672 2348 non
1689 2300 1837 2348 voluit
1859 2301 1995 2363 ipsos
2012 2307 2121 2348 tunc
2137 2300 2317 2350 habere

572 2389 758 2429 tantum
793 2383 992 2440 bonum,
1019 2381 1165 2430 sicut⁸
1200 2383 1530 2444 postmodum,
1554 2384 1619 2430 ita
1643 2382 1790 2430 odivit
1825 2383 1954 2430 illam
1989 2382 2316 2445 indispositio—

571 2479 698 2521 nem,
724 2463 844 2525 qua⁹
876 2463 1028 2511 taliter
1059 2471 1391 2525 peccaverunt.
1462 2464 1525 2512 Et
1549 2464 1617 2512 sic
1649 2464 1700 2510 in
1723 2463 1833 2511 Deo
1865 2472 1966 2511 tam
1999 2479 2137 2512 amor
2167 2479 2316 2527 quam

570 2545 735 2592 odium
770 2553 880 2592 sunt
915 2552 1123 2603 aeterna,
1148 2553 1195 2592 et
1220 2547 1287 2593 sic
1312 2545 1447 2593 Deus
1483 2546 1722 2593 infinitum
1757 2545 1864 2609 plus
1900 2547 2003 2594 odit
2036 2547 2316 2608 praescitos,

570 2628 714 2675 etiam
738 2627 997 2675 existentes
1022 2627 1071 2673 in
1094 2627 1247 2689 gratia
1270 2627 1538 2676 secundum
1563 2636 1868 2691 praesentem
1894 2628 2140 2691 Justitiam‚
2167 2642 2315 2691 quam

570 2708 949 2771 praedestinatos
981 2709 1169 2756 etiam¹⁰
1192 2709 1493 2767 criminosos,
1528 2725 1652 2773 quos
1685 2709 1966 2773 disposuit³1
1999 2709 2061 2757 ad
2097 2710 2314 2773 patriam.

568 2789 631 2837 Et
655 2789 722 2837 sic
747 2791 964 2852 quamvis
989 2790 1175 2852 logicus
1201 2791 1340 2849 dicat,
1367 2791 1500 2854 quod
1523 2791 1659 2839 Deus
1684 2791 1860 2840 odiat12
1882 2792 2042 2839 bonos
2070 2791 2122 2838 in
2145 2791 2313 2854 patria,

570 2872 682 2934 quia
705 2880 901 2934 propter
933 2872 1353 2934 indispositionem
1385 2874 1703 2935 praeteritam,
1730 2888 1878 2935 quam
1910 2872 2177 2921 habuerant
2200 2887 2312 2920 cum

569 2954 945 3016 peccaveruntffi,
987 2969 1090 3002 non
1137 2962 1301 3002 tamen
1348 2955 1450 3003 odit
1496 2970 1581 3003 eos
1629 2955 1895 3003 secundum
1941 2944 2312 3018 dispositionem

570 3052 716 3099 quam
757 3052 887 3084 nunc
928 3037 1107 3084 habent
1142 3037 1191 3084 in
1226 3037 1393 3099 patria.
1463 3036 1526 3084 Et
1561 3037 1629 3084 sic
1665 3036 1987 3084 communiter
2023 3035 2311 3098 intelligitur,

571 3119 705 3180 quod
728 3118 864 3166 Deus
888 3118 989 3166 odit
1012 3117 1226 3166 beatos¹4
1250 3118 1345 3166 hoc
1370 3126 1442 3166 est
1465 3126 1662 3181 propter
1685 3117 2053 3181 dispositionem
2077 3131 2174 3180 qua
2196 3117 2311 3165 bea-

571 3201 820 3259 tificantur,
845 3202 979 3263 quod
1003 3209 1075 3249 est
1098 3201 1407 3263 impossibile.

626 3325 639 3348 1
668 3323 826 3377 virtuti]
847 3324 1055 3369 virtutum,
1077 3323 1231 3363 A.B.C.
1357 3322 1372 3345 ²
1399 3321 1567 3374 duplex]
1590 3321 1748 3373 tripleX,
1768 3320 1871 3360 A.B.
1995 3319 2010 3342 ³
2038 3320 2205 3372 attraxi]
2227 3333 2310 3361 om.

573 3378 726 3418 A.B.C.
891 3377 906 3400 4
934 3379 1014 3430 tui]
1036 3391 1118 3418 om.
1138 3378 1201 3418 ed.
1222 3391 1282 3430 pr.
1392 3376 1408 3400 ⁵
1436 3376 1525 3427 sed]
1547 3376 1593 3422 si,
1610 3377 1672 3428 ed.
1693 3388 1754 3428 pr.
1881 3375 1897 3398 ⁶
1925 3373 2038 3426 Deo]
2061 3387 2142 3414 om.
2163 3375 2227 3414 ed.
2247 3387 2309 3427 pr.

572 3445 664 3471 cum
685 3433 730 3472 B.
750 3432 905 3485 primae
923 3446 1080 3472 manus.
1227 3432 1243 3455 ⁷
1270 3431 1408 3483 Unde]
1428 3436 1487 3476 ut,
1507 3431 1562 3470 D.
1583 3430 1646 3470 ed.
1662 3443 1722 3482 pr.
1833 3429 1849 3453 ⁸
1875 3428 1999 3480 sicut]
2022 3429 2107 3474 sed,
2127 3428 2308 3474 A.B.C.;

573 3486 642 3531 sic,
663 3488 725 3526 ed.
745 3502 807 3539 pr.
913 3488 928 3510 ⁹
957 3487 1055 3538 qua]
1078 3486 1184 3538 quia,
1201 3487 1263 3526 ed.
1284 3500 1344 3539 pr.
1455 3486 1486 3508 ¹⁰
1513 3485 1656 3536 etiam]
1677 3491 1729 3530 et,
1751 3485 1797 3523 B.
1817 3483 1971 3536 primae
1989 3495 2146 3528 manus,
2166 3482 2229 3522 ed.
2250 3496 2311 3535 pr.

573 3539 600 3562 ¹¹
629 3541 848 3593 disposuit]
869 3542 1061 3593 disponit,
1083 3542 1188 3581 A.C.
1378 3540 1410 3564 ²2
1435 3540 1567 3591 odiat]
1589 3539 1688 3585 odit,
1705 3539 1752 3579 B.
1773 3538 1972 3579 secundae
1990 3549 2146 3582 manus,
2166 3537 2229 3576 ed.
2250 3550 2310 3588 pr.

574 3594 601 3615 ¹³
621 3596 907 3648 peccaverunt]
927 3597 1165 3649 peccabant,
1187 3597 1286 3636 A.B.
1309 3595 1514 3635 secundae·
1527 3595 1735 3641 manus,C.
1843 3591 1873 3617 ¹⁴
1893 3591 2055 3643 beatos]
2076 3591 2221 3636 bonos,
2243 3591 2297 3631 D.
