2496 4108
0 2250 28 2441 *-''³†·>”²‘†⁴u³,2‚2f'
0 2129 6 2136 .

0 3768 13 4108 m—-w-——pfl-„u-vv-WM
0 3462 12 3748 -.=.,-„-v-v-y-,-..·v-
0 3400 7 3436 -„-
0 3293 6 3374 »γη-ὴ,
0 3230 7 3265 w,
0 3155 6 3166 r.
0 3087 17 3118 ·'‘;

156 436 292 474 cn*
755 416 1319 467 TRJALOGUS.

154 552 281 604 illius
305 549 650 618 propositionis
676 554 1076 611 sacramentalis1,
1106 552 1227 602 ‘hoc
1248 563 1321 602 est
1346 570 1523 617 corpus
1549 554 1743 613 meum‚'
1770 553 1911 602 relin-

155 635 354 698 quendo
378 636 662 698 opinionem
681 635 810 683 illam
833 642 886 682 ut
910 650 1100 683 summe
1124 635 1430 694 haereticam,
1453 636 1585 699 quod
1604 636 1912 699 evangelium

154 724 203 766 et
226 717 496 780 specialiter
518 719 720 766 verbum
745 716 924 766 Christi
950 717 1009 764 sit
1043 717 1224 765 dictum
1258 718 1556 780 impossibile
1587 726 1634 766 et
1658 718 1909 765 incultum.

154 798 285 849 Cum
321 807 482 848 autem
517 813 667 848 omne
704 797 885 847 dictum
923 797 1099 847 Christi
1136 800 1196 847 sit
1231 815 1397 847 verum
1433 809 1481 847 et
1517 815 1706 848 summe
1742 798 1912 847 catho-

36 883 38 885 ’
123 881 316 940 dicum,
342 880 562 930 Christus
599 889 761 935 autem
797 882 929 940 dixit,
967 882 1101 944 quod
1137 882 1226 929 iste
1265 882 1405 943 panis
1441 882 1502 929 sit
1538 896 1716 943 corpus
1754 895 1911 936 suum,

153 962 411 1011 manifeste
447 964 660 1024 sequitur
695 964 830 1026 quod
864 964 959 1012 hoc
1003 965 1063 1011 sit
1096 979 1277 1012 verum.
1358 963 1455 1011 Sed
1495 963 1574 1010 hic
1616 961 1904 1024 circumpal-

152 1046 308 1108 pitant
332 1043 569 1102 haeretici,
590 1052 638 1092 et
662 1061 774 1092 cum
806 1061 909 1093 non
941 1054 1148 1108 possunt
1180 1061 1358 1108 negare
1395 1046 1513 1107 quin
1535 1046 1681 1106 panis
1706 1043 1912 1091 demon-

152 1125 352 1174 stretur²
383 1127 690 1189 pronomine,
717 1127 906 1189 fingunt
940 1143 1138 1175 sensum
1172 1126 1485 1190 complexum
1510 1126 1745 1188 triplicem
1769 1125 1913 1172 nimis

151 1207 462 1256 haereticum.
534 1207 717 1256 Dicunt
757 1209 889 1256 enim
923 1211 1092 1270 primo,
1135 1210 1269 1272 quod
1317 1225 1418 1256 non
1462 1209 1572 1266 hoc,
1617 1208 1797 1256 scilicet
1836 1207 1912 1254 ille

151 1290 306 1353 panis,
341 1296 410 1337 est
440 1305 619 1352 corpus
645 1290 837 1348 Christi,
876 1291 962 1339 sed
998 1291 1131 1353 quod
1166 1292 1241 1338 ille
1279 1292 1417 1353 panis
1453 1291 1621 1338 virtute
1655 1290 1914 1336 verborum

150 1370 822 1420 illorum-sacramentalium⁸
844 1374 938 1419 erit
959 1371 1329 1435 quodammodo
1363 1386 1540 1433 corpus
1567 1369 1759 1419 Christi.
1830 1367 1911 1416 Se-

148 1453 301 1501 cunda
325 1460 488 1501 autem
511 1454 586 1501 via
611 1455 768 1516 magis
793 1454 1034 1502 haeretica
1053 1453 1195 1511 videt,
1221 1452 1354 1515 quod
1375 1452 1512 1515 juxta
1538 1465 1750 1499 errorem
1771 1465 1912 1498 suum

150 1547 306 1598 aeque
339 1535 565 1597 neganda
601 1543 672 1583 est
697 1536 788 1582 ista
820 1536 1070 1592 sententia,
1105 1535 1222 1582 ‘iste
1255 1535 1395 1596 panis
1430 1534 1518 1581 erit
1542 1533 1782 1596 posterius
1808 1548 1913 1580 cor-

151 1629 244 1680 pus
275 1615 483 1674 Christi,’
509 1617 635 1679 quia,
667 1625 719 1664 ut
756 1617 924 1678 arguit,
950 1617 1026 1664 ille
1063 1617 1204 1678 panis
1240 1615 1366 1663 foret
1400 1623 1517 1663 tunc
1551 1629 1815 1662 conversus
1840 1615 1914 1661 vel

149 1698 489 1747 idemtificatus
521 1700 713 1761 corpori
741 1698 931 1756 Christi,
957 1705 1004 1745 et
1036 1714 1122 1760 per
1149 1712 1458 1759 consequens
1491 1698 1542 1743 in
1576 1697 1914 1744 transubstan-

148 1774 349 1828 tiatione
374 1781 627 1839 desineret,
653 1789 700 1828 et
736 1781 805 1828 sic
840 1795 1091 1842 nunquam
1124 1779 1354 1826 veraciter
1391 1779 1479 1825 erit
1514 1793 1692 1839 corpus
1720 1777 1912 1825 Christi.

150 1861 273 1910 Ideo
314 1862 532 1910 secundo
573 1861 780 1924 corrigit,
820 1861 955 1923 quod
998 1861 1057 1908 de
1099 1861 1194 1907 isto
1237 1875 1364 1921 pane
1407 1859 1490 1906 fiet
1539 1858 1912 1920 quodammodo

147 1940 329 2007 corpus
354 1942 546 1992 Christi.
612 1942 775 1990 Ikrtz‘a
799 1950 961 1990 autem
987 1944 1067 1989 via
1086 1941 1270 1999 videns,
1297 1941 1432 2003 quod
1456 1939 1572 1986 nihil
1596 1940 1719 1987 illius
1768 1940 1914 2002 panis

78 2079 80 2082 v
149 2025 202 2073 in
226 2024 404 2074 Christi
436 2039 639 2088 corpore
664 2025 946 2083 remanebit,
973 2032 1120 2086 negat
1154 2023 1419 2086 quemlibet
1453 2037 1651 2070 sensum
1684 2022 1912 2084 priorem,

147 2107 239 2156 sed
273 2107 402 2165 dicit,
439 2106 574 2170 quod
609 2115 778 2155 auctor
813 2107 1074 2169 scripturae
1111 2105 1343 2167 intelligit,
1380 2104 1514 2167 quod
1550 2103 1645 2151 hoc
1681 2103 1910 2151 accidens

147 2199 239 2252 per
272 2203 324 2237 se
350 2190 454 2237 sine
489 2189 709 2252 subjecto
743 2189 902 2251 signat
935 2187 1342 2236 sacramentaliter
1375 2201 1553 2248 corpus
1587 2184 1778 2233 Christi.
1850 2185 1914 2232 Et

149 2265 240 2319 iste
265 2279 338 2318 est
363 2285 535 2319 sensus
560 2271 703 2334 hujus
727 2271 1076 2333 propositionis
1103 2269 1464 2317 sacramentalis
1489 2275 1536 2315 et
1562 2267 1870 2329 evangelicae
1881 2267 1913 2325 4,

147 2351 278 2400 “hoc
309 2360 382 2402 est
408 2367 588 2416 corpus
620 2353 818 2401 meum.'
889 2353 1036 2400 Videt
1072 2353 1218 2409 enim,
1253 2351 1388 2414 quod
1421 2366 1512 2398 nec
1545 2350 1744 2397 materia
1774 2350 1915 2412 panis

148 2429 244 2483 nec
291 2433 450 2482 forma
495 2436 666 2483 transit
706 2436 757 2482 in
800 2450 978 2497 corpus
1020 2433 1212 2491 Christi,
1257 2448 1349 2480 nec
1392 2433 1497 2495 ipsa
1532 2432 1830 2480 conveniunt
1866 2432 1915 2478 in

144 2514 399 2578 subjectm
449 2515 560 2563 ideo
594 2523 794 2578 apparet
826 2516 931 2573 sibi,
958 2515 1093 2577 quod
1126 2529 1228 2560 non
1259 2514 1403 2561 debet
1429 2512 1634 2560 concedi
1660 2513 1911 2570 catholice,

150 2596 290 2660 quod
322 2611 384 2644 ex
426 2596 523 2644 hoc
559 2612 686 2659 pane
724 2597 805 2644 fiet
841 2611 1018 2659 corpus
1043 2594 1219 2643 Christi
1256 2595 1378 2642 sicut
1414 2610 1475 2641 ex
1511 2609 1620 2641 aere
1657 2594 1708 2641 fit
1745 2602 1913 2650 statua,

151 2693 244 2726 nec
280 2679 402 2726 sicut
437 2693 498 2726 ex
534 2686 679 2726 nocte
717 2678 769 2725 fit
806 2678 922 2735 dieS,
948 2692 1050 2724 non
1087 2677 1216 2724 enim
1253 2676 1549 2723 conveniunt
1579 2675 1627 2721 in
1664 2675 1911 2737 subject03

147 2759 239 2808 sed
263 2759 399 2822 quod
422 2759 502 2807 illa
524 2759 792 2807 accidentia
815 2773 901 2820 per
926 2773 977 2806 se
1003 2758 1106 2805 sine
1138 2757 1356 2819 subjecto
1390 2755 1601 2817 figurant
1636 2770 1912 2803 sacramen-

149 2836 305 2890 taliter
340 2855 517 2904 corpus
554 2839 743 2888 Christi.
815 2839 863 2889 O
899 2854 1046 2902 quam
1090 2838 1373 2886 detestanda
1410 2846 1483 2884 est
1524 2837 1614 2884 ista
1650 2837 1780 2885 fictio
1817 2852 1937 2900 qua,

150 2922 362 2986 fingitur,
403 2923 544 2986 quod
590 2937 692 2971 non
740 2923 834 2970 isto
882 2921 1174 2984 pronomine
1233 2918 1613 2967 demonstretur⁵
1658 2919 1813 2981 panis,
1861 2927 1913 2966 ut

148 3000 406 3053 ostensum
429 3012 502 3052 est
527 3006 773 3067 superius;
819 3003 905 3051 sed
929 3018 1082 3050 unum
1116 3001 1429 3064 impossibile,
1456 2997 1618 3062 quod⁶
1642 3001 1912 3048 secundum

153 3085 380 3136 doctores
404 3086 669 3134 modernos
689 3101 791 3134 non
811 3093 973 3148 potest
991 3084 1206 3146 intelligi,
1227 3091 1273 3130 et
1293 3083 1564 3130 secundum
1582 3081 1911 3144 Augustinum

153 3176 202 3217 et
237 3177 433 3217 sanctos
470 3176 658 3217 ceteros
694 3183 797 3216 non
834 3168 894 3215 de
931 3166 1024 3214 Dei
1063 3165 1418 3227 omnipotentia
1455 3171 1618 3226 potest
1657 3178 1778 3211 esse.
1849 3163 1912 3211 Et

151 3259 256 3301 toto
298 3251 427 3301 facto
467 3252 688 3300 nesciunt
729 3251 1012 3314 exprimere,
1051 3249 1187 3312 quod
1222 3263 1378 3310 genus
1420 3246 1682 3295 accidentis
1718 3247 1778 3294 sit
1816 3245 1911 3295 hoc

209 3405 224 3430 ¹
251 3405 362 3446 illius
388 3405 685 3459 propositionis
713 3405 1037 3457 sacramentalis]
1066 3405 1117 3444 de
1147 3403 1429 3456 propositione
1447 3401 1518 3441 illa
1539 3401 1834 3447 sacramentali,
1855 3401 1910 3442 D.

154 3459 171 3484 ¹
197 3460 519 3512 demonstretur]
541 3460 856 3505 demonstratur,
877 3461 929 3499 A.
934 3461 979 3499 B.
984 3460 1031 3500 C.
1052 3460 1114 3499 ed.
1136 3472 1196 3510 pr.
1490 3456 1505 3478 ³
1534 3455 1909 3509 sacramentalium]

154 3514 516 3559 sacramentaliter.
538 3515 592 3554 A
595 3515 644 3555 C.
782 3514 797 3537 ¹
825 3514 1104 3567 evangelicae]
1126 3511 1413 3564 evangelistae,
1433 3510 1496 3550 ed.
1517 3523 1579 3563 pr.
1700 3510 1716 3534 ⁵
1743 3510 1910 3551 demon-

155 3567 325 3621 stretur]
345 3568 662 3615 demonstratur,
684 3569 840 3610 A.B.C.
861 3569 925 3608 ed.
947 3581 1008 3620 pr.
1174 3567 1189 3590 ⁶
1219 3566 1348 3619 quod]
1370 3578 1454 3606 om.
1474 3564 1538 3606 ed.
1558 3577 1620 3618 pr.

2046 428 2150 484 253

1971 1016 2085 1038 eorum,
2122 1006 2152 1034 ui
