2456 4088
333 456 435 507 224

987 441 1412 504 JOANNIS
1484 443 1834 494 WICLIF
2155 464 2312 494 numu.

569 576 727 632 Verbi,
754 575 888 636 quod
913 576 1171 637 assumpsit
1207 577 1257 623 in
1281 577 1513 624 unitatem
1549 594 1787 640 personae
1820 579 2168 627 humanitatem
2189 578 2311 627 inte-

565 671 715 719 gram,
737 655 959 703 faciendo
985 671 1036 703 se
1061 672 1166 704 esse
1190 657 1320 704 illam
1339 673 1600 721 personam
1619 659 1844 717 hominis,
1866 674 1989 722 quae
2015 652 2313 707 aeternaliter

566 740 694 800 prius
720 737 818 794 fuit,
846 737 958 799 quia
990 738 1258 785 secundum
1282 746 1504 796 naturam
1528 739 1679 787 Verbi
1705 742 2003 806 aeternaliter
2035 742 2167 804 prius
2193 740 2308 799 fuit3

565 828 611 867 et
644 834 745 865 non
779 827 850 866 est
882 819 1261 881 intelligendum,
1296 819 1429 882 quod
1454 821 1645 882 spiritus
1670 822 1746 869 ille
1779 831 1965 870 creatus
1989 823 2134 870 habet
2164 822 2311 870 ullam

566 901 937 949 intellectionem
962 917 1112 963 quam
1138 917 1239 948 non
1265 903 1594 950 communicat
1618 918 1856 965 personae
1883 905 2197 966 compositae,
2224 903 2311 951 sed

565 982 800 1044 quidquid
826 983 1016 1044 spiritus
1041 982 1251 1030 hominis
1277 983 1572 1042 intellexerit,
1599 984 1815 1046 intelligit
1839 985 1919 1033 illa
1943 1000 2152 1047 persona
2175 1000 2310 1034 com-

565 1064 724 1126 posita
754 1071 801 1111 et
824 1080 850 1111 e
876 1072 1056 1112 contra.
1138 1064 1216 1112 Sic
1251 1065 1616 1127 intelligendum
1653 1075 1723 1114 est
1761 1067 1821 1114 de
1857 1083 2067 1130 persona
2089 1067 2241 1116 Verbi
2265 1075 2313 1116 et

564 1145 762 1192 homine
795 1145 875 1192 illo
911 1153 1173 1207 assumpto,
1201 1145 1358 1208 quodl
1391 1147 1627 1209 quidquid
1651 1163 1860 1210 persona
1893 1149 2043 1196 Verbi
2079 1149 2312 1212 intelligit,

565 1227 780 1289 intelligit
803 1242 1014 1289 persona
1039 1227 1198 1275 divina
1217 1229 1505 1290 composita,
1525 1237 1571 1276 et
1595 1230 1829 1292 quidquid
1848 1231 2023 1293 patitur
2039 1231 2314 1279 humanitas

565 1316 827 1370 assumpta,
847 1309 1021 1370 patitur
1044 1308 1123 1356 illa
1140 1324 1350 1371 persona
1374 1311 1657 1372 composita.
1712 1311 1820 1359 Nec
1845 1319 1917 1359 est
1931 1312 2313 1374 intelligendum,

566 1389 698 1452 quod
733 1404 943 1452 persona
966 1389 1116 1437 Verbi
1149 1390 1223 1437 vel
1246 1390 1416 1438 Deitas
1440 1391 1499 1439 sit
1533 1406 1646 1453 pars
1681 1392 1803 1440 illius
1826 1392 2051 1452 hominis,
2076 1393 2198 1442 sieut
2221 1408 2314 1442 nec

565 1486 677 1534 pars
702 1471 945 1533 integralis
969 1471 1181 1519 hominis
1214 1480 1285 1520 est
1316 1472 1394 1520 ille
1427 1473 1633 1535 spiritus,
1661 1474 1748 1522 sed
1772 1474 1958 1522 realiter
1985 1482 2115 1524 totus
2146 1475 2313 1525 homo.

566 1552 712 1600 Unde
750 1553 872 1600 sicut
908 1553 957 1599 in
993 1554 1192 1600 materia
1216 1554 1277 1601 de
1303 1554 1566 1602 Trinitate²
1598 1562 1694 1603 tres
1718 1571 1958 1618 personae
1996 1565 2106 1605 sunt
2141 1557 2314 1606 eadem

567 1642 736 1681 natura
761 1635 933 1693 divina,
955 1636 1022 1683 sic
1047 1636 1096 1682 in
1121 1634 1404 1693 materiabde
1431 1635 1760 1684 incarnatione
1786 1645 1881 1685 tres
1905 1645 2115 1697 naturae,
2137 1639 2316 1688 scilicet

567 1731 744 1779 corpus
768 1725 815 1764 et
840 1717 1002 1764 anima
1029 1725 1077 1764 et
1112 1725 1282 1764 natura
1319 1718 1479 1765 divina
1514 1726 1623 1765 sunt
1660 1718 1875 1783 singulae
1911 1720 2083 1768 eadem
2107 1735 2317 1782 persona

567 1799 730 1846 Verbi.
749 1851 753 1855 .
790 1799 852 1846 Et
873 1801 991 1847 sicut
1015 1815 1117 1847 non
1137 1800 1363 1862 sequitur,
1384 1800 1525 1848 Pater
1549 1809 1622 1848 est
1646 1809 1816 1849 natura
1841 1802 2014 1860 dlvina,
2033 1810 2079 1849 et
2096 1801 2316 1850 Verbum

570 1889 642 1928 est
679 1881 876 1928 eadem³
917 1888 1100 1938 natura,
1141 1897 1259 1943 ergo
1301 1881 1442 1929 Pater
1484 1890 1557 1930 est
1599 1882 1746 1930 Filius
1761 1899 1773 1941 ;
1828 1883 1895 1930 ita
1940 1898 2042 1930 non
2089 1883 2315 1945 sequitur,

570 1962 760 2024 singula
791 1962 961 2009 harum
996 1962 1140 2009 trium
1166 1971 1442 2010 naturarum
1469 1972 1539 2010 est
1570 1963 1740 2011 eadem
1776 1979 1986 2026 persona
2009 1964 2171 2022 Verbi,
2197 1979 2316 2027 ergo

575 2043 734 2105 aliqua
767 2058 932 2090 earum
968 2053 1040 2091 est
1064 2044 1246 2105 reliqua
1279 2045 1540 2091 earundem
1549 2060 1560 2102 ;
1603 2053 1655 2091 ut
1681 2046 1823 2092 docet
1846 2045 2125 2092 Anslzelmus
2158 2046 2219 2094 de
2243 2047 2315 2094 in·

574 2125 868 2182 carnatione,
894 2141 998 2187 cap.
1025 2126 1101 2172 vii.
1161 2125 1223 2172 Et
1247 2141 1332 2187 per
1350 2125 1445 2173 hoc
1466 2126 1694 2173 tolluntur
1713 2127 1925 2189 argutiae
1945 2142 2069 2189 quae
2093 2127 2318 2177 volitant⁴

571 2207 621 2252 in
646 2206 737 2253 ista
760 2206 973 2253 materia.
1043 2206 1305 2254 Diversitas
1330 2214 1492 2254 tamen
1518 2215 1590 2254 est
1622 2208 1671 2254 in
1702 2208 2032 2255 incarnatione
2057 2215 2105 2255 et
2134 2209 2316 2257 unione

571 2288 775 2345 animae,
818 2289 930 2350 quia
976 2288 1105 2335 basis
1151 2288 1508 2346 incarnationis,
1551 2304 1674 2350 quae
1723 2296 1794 2336 est
1834 2297 2004 2337 natura
2043 2290 2208 2348 Verbi,
2245 2299 2318 2339 est

571 2377 764 2416 aeterna
788 2384 816 2415 a
840 2379 974 2430 parte
1000 2377 1124 2426 ante,
1151 2370 1263 2431 quia
1295 2369 1481 2416 realiter
1504 2369 1639 2418 Deus
1671 2370 1774 2432 ipse
1789 2386 1802 2429 3
1851 2371 1939 2418 sed
1961 2372 2092 2419 basis
2124 2371 2318 2420 unionis

571 2450 761 2497 alterius
796 2451 988 2512 spiritus
1025 2451 1170 2497 creati
1206 2465 1318 2498 cum
1354 2465 1555 2512 corpore
1592 2459 1665 2499 est
1701 2459 1934 2513 perpetua
1969 2468 1998 2500 a
2020 2460 2155 2515 parte
2191 2461 2318 2516 post,

570 2532 679 2578 licet
725 2532 902 2593 incepit
949 2547 1066 2579 esse.
1137 2531 1201 2578 Et
1248 2531 1316 2579 sic
1364 2540 1438 2579 est
1483 2532 1534 2579 in
1581 2532 1909 2581 incarnatione
1950 2533 2318 2596 quodammodo

571 2612 748 2674 duplex
785 2614 918 2670 unio,
957 2613 1136 2660 scilicet
1171 2613 1286 2660 unio
1322 2612 1472 2661 Verbi
1513 2629 1625 2662 cum
1661 2622 1824 2662 creato
1861 2615 2029 2678 spiritu
2063 2623 2110 2663 et
2146 2630 2317 2663 conse-

571 2703 772 2757 quenter
798 2710 910 2742 cum
935 2709 1138 2757 corpore
1172 2710 1228 2742 ac
1253 2703 1423 2743 natura
1454 2696 1738 2758 composita,
1763 2704 1811 2751 et
1841 2697 1958 2744 unio
1981 2696 2103 2744 illius
2129 2697 2319 2760 spiritus

570 2776 715 2823 creati
741 2790 851 2822 cum
874 2790 1094 2838 corpore,
1115 2791 1239 2838 quae
1263 2776 1312 2823 in
1339 2784 1507 2824 sancto
1532 2776 1716 2824 triduo⁵
1740 2785 1812 2825 est
1836 2777 1993 2826 soluta
2005 2792 2019 2836 3
2055 2785 2102 2825 et
2127 2778 2195 2826 sic
2218 2785 2318 2825 tam

568 2856 644 2904 ille
670 2857 859 2918 spiritus
884 2871 1031 2919 quam
1055 2871 1232 2919 corpus
1267 2865 1338 2905 est
1366 2858 1415 2904 in
1439 2857 1597 2905 triduo
1629 2873 1719 2920 pro
1752 2866 1972 2920 tempore
2004 2859 2319 2921 separationis

571 2939 757 2986 realiter
798 2938 1017 2985 Verbum
1058 2938 1166 2996 Dei,
1205 2940 1273 2986 sic
1315 2938 1446 3001 quod
1487 2954 1652 2986 verum
1691 2940 1749 2987 sit
1789 2948 1837 2987 et
1874 2941 2248 3003 inexpugnabile
2291 2957 2319 2988 a

573 3019 812 3081 sophistis,
840 3020 973 3081 quod
991 3019 1127 3067 Deus
1152 3035 1241 3082 pro
1267 3020 1347 3067 illo
1374 3020 1531 3067 triduo
1555 3018 1707 3082 jacet⁶
1731 3029 1949 3068 mortuus
1972 3023 2021 3069 in
2047 3022 2317 3084 sepulchro,

574 3109 620 3148 et
644 3101 719 3147 ille
745 3101 875 3148 idem
898 3099 1035 3148 Deus
1060 3115 1149 3163 pro
1174 3101 1350 3148 eodem
1374 3101 1531 3148 triduo
1558 3102 1825 3149 secundum
1859 3103 2069 3150 eundem
2102 3112 2317 3151 creatum

575 3182 791 3243 spiritum
816 3181 1064 3229 descendit
1097 3182 1159 3229 ad
1191 3181 1369 3229 inferos
1384 3197 1397 3240 3
1446 3197 1578 3229 mors
1603 3190 1766 3230 tamen
1797 3183 1934 3230 vera⁷
1957 3184 2206 3242 intercidit,
2232 3200 2320 3247 per

631 3358 644 3380 ¹
673 3359 804 3411 quod]
826 3364 879 3405 et,
901 3359 948 3399 B.
970 3358 1171 3400 secundae
1185 3372 1342 3406 manus,
1363 3360 1425 3399 ed.
1446 3373 1506 3412 pr.
1735 3359 1752 3383 ²
1779 3360 1830 3400 de
1850 3360 2069 3412 Trinitate]
2091 3361 2318 3409 Trinitatis,

577 3412 728 3452 A.B.C.
750 3414 813 3453 ed.
834 3426 895 3465 pr.
1107 3414 1121 3436 ³
1150 3414 1293 3453 eadem
1313 3414 1478 3465 natura]
1499 3420 1644 3454 natura
1663 3414 1800 3454 divina
1819 3415 1974 3460 eadem,
1994 3415 2150 3456 A.B.C.
2171 3417 2235 3456 ed.
2254 3430 2317 3469 pr.

576 3464 590 3487 ⁴
618 3466 812 3519 volitant]
833 3467 1034 3513 volutant,
1055 3467 1103 3507 B.
1124 3468 1279 3519 pn‘mae
1298 3481 1456 3513 manus,
1477 3469 1540 3508 ed.
1561 3482 1623 3521 pr.
1850 3469 1865 3492 ⁵
1891 3474 2034 3508 sancto
2054 3469 2210 3522 triduo]
2231 3470 2317 3510 scil.

576 3518 679 3558 inter
698 3527 873 3614 znogem
893 3527 933 3561 et
953 3523 1287 3562 resurrectionem
1307 3522 1473 3563 Christi.
1636 3523 1651 3545 ⁶
1675 3521 1803 3574 jacet]
1813 3522 1956 3574 jaceat,
1977 3523 2033 3564 D.
2159 3523 2176 3546 ⁷
2203 3525 2317 3577 vera]

576 3584 679 3618 vere,
743 3604 751 3612 .
795 3605 803 3613 .

2068 3662 2251 3695 WIGLIF
