2496 4108
141 461 292 496 canu.
738 445 1305 496 TRJALOGUS.

142 575 298 627 sandi.
366 577 432 627 Et
455 581 768 631 confirmatur
792 598 853 630 ex
884 581 994 641 hoc,
1020 582 1154 645 quod
1184 584 1451 645 baptisatos
1476 590 1668 630 nostros
1693 579 1898 629 dicimus

141 659 421 723 regulariter
470 661 699 726 Spiritum
744 663 979 713 Sanctum
1020 665 1242 728 accipere
1281 680 1342 712 eo
1384 665 1493 727 ipso
1537 678 1637 727 quo
1685 662 1899 725 legitime

142 741 444 812 baptisantur
457 759 471 802 3
530 745 683 792 multo
732 746 890 808 magis
930 745 1026 794 hoc
1069 760 1188 808 ergo
1235 745 1322 793 fuit
1363 761 1530 794 verum
1571 745 1621 792 in
1662 745 1901 807 primitiva

142 813 361 873 ecclesia.
432 823 532 873 Sed
554 825 606 873 in
640 834 776 874 textu
808 827 992 886 dicitur,
1018 827 1154 890 quod
1178 826 1348 874 Petrus
1383 834 1431 874 et
1464 825 1719 889 Johannes
1743 826 1901 888 impo-

139 905 323 954 nebant
345 920 519 954 manus
543 922 688 970 super
710 908 816 956 illos
840 917 887 956 et
912 909 1215 971 accipiebant
1242 909 1474 971 Spiritum
1502 908 1751 965 Sanctum,
1778 922 1835 955 ac
1861 908 1901 955 si

143 990 248 1034 non
282 994 394 1035 ante
429 987 587 1035 illum¹
624 990 943 1053 accepissent,
969 1005 1068 1054 quo
1105 991 1257 1038 modo
1293 1005 1411 1053 ergo
1448 1005 1535 1052 per
1564 997 1675 1038 ante
1712 989 1901 1036 fuerant

140 1066 353 1131 legitime
378 1069 638 1133 baptisati?
709 1070 818 1120 Nec
851 1072 1004 1130 obest,
1032 1071 1119 1120 sed
1146 1072 1372 1120 convenit
1396 1072 1721 1134 baptisantem
1756 1085 1901 1133 super

139 1150 434 1212 baptisatam
481 1166 656 1200 manus
703 1153 971 1216 imponere.
1067 1154 1306 1211 Similiter,
1354 1161 1408 1201 ut
1454 1161 1586 1215 patet
1632 1151 1721 1199 ex²
1766 1159 1900 1199 textu

137 1232 352 1281 Actuum
374 1232 482 1290 viii„
507 1232 677 1282 Petrus
701 1242 749 1282 et
778 1233 1031 1298 Johannes
1062 1236 1382 1298 imponebant
1413 1249 1588 1281 manus
1624 1248 1768 1295 super
1793 1232 1898 1280 illos

139 1321 188 1362 et
221 1314 525 1376 accipiebant
562 1314 791 1378 Spiritum
829 1315 1075 1365 Sanctum.
1149 1316 1200 1364 Si
1237 1317 1378 1378 igitur
1414 1315 1630 1377 praecise
1667 1329 1728 1361 ex
1764 1321 1899 1360 textu

139 1395 233 1443 isto
269 1395 582 1454 convincitur,
620 1397 1044 1446 confirmationem
1079 1413 1186 1446 esse
1225 1397 1636 1460 appropriandam
1671 1395 1897 1456 epzlvcopzlr,

139 1484 332 1540 oportet
355 1477 518 1540 quod⁸
551 1478 643 1540 ipsi
678 1479 934 1541 imponant
971 1494 1116 1542 super
1153 1479 1451 1527 confirmatis
1486 1478 1608 1526 suis⁴
1632 1492 1820 1534 manus,
1847 1484 1898 1524 ut

141 1555 372 1621 Spiritum
400 1557 631 1607 Sanctum
664 1560 918 1622 accipiant.
992 1560 1091 1609 Sed
1123 1561 1214 1608 ista
1248 1560 1451 1622 Spiritus
1479 1558 1642 1606 Sancti
1676 1557 1896 1620 acceptio

140 1654 232 1688 nec
257 1640 459 1689 docetur
482 1642 533 1688 in
558 1642 700 1703 signo
727 1642 938 1690 sensibili
963 1657 1054 1689 nec
1078 1642 1224 1689 etiam
1249 1642 1463 1699 ratione;
1501 1639 1753 1702 quomodo
1779 1653 1898 1700 ergo

118 1709 202 1770 ‘ex
225 1722 320 1771 isto
344 1730 480 1771 textu
508 1723 825 1782 concluditur,
851 1723 984 1787 quod
1017 1724 1235 1786 episcopi
1269 1723 1385 1770 dant
1415 1722 1509 1769 hoe
1543 1728 1900 1769 sacramentum

139 1804 303 1867 pueris
343 1819 469 1868 quos
506 1805 829 1854 confirmant?
893 1805 958 1853 Et
995 1814 1232 1868 quantum
1274 1804 1337 1851 ad
1373 1803 1536 1851 oleum
1574 1817 1673 1865 quo
1709 1809 1901 1864 ungunt

138 1900 332 1949 pueros,
368 1894 418 1934 et
447 1887 647 1949 peplum
679 1887 861 1934 lineum
898 1887 1033 1950 quod
1065 1886 1379 1949 complexum
1414 1893 1488 1933 est
1523 1884 1682 1947 capiti,
1713 1884 1901 1931 videtur

139 1967 275 2031 quod
307 1968 367 2016 sit
397 1968 515 2016 ritus
546 1968 664 2016 levis
693 1968 1004 2017 infundabilis
1029 1967 1117 2016 ex⁵
1148 1970 1395 2031 scriptura.
1468 1966 1693 2015 Similiter
1717 1965 1902 2012 videtur

138 2050 275 2114 quod
306 2052 397 2100 ista
429 2051 734 2100 confirmatio
767 2052 1041 2100 introducta
1074 2067 1219 2115 supra
1242 2051 1492 2114 apostolos
1523 2048 1828 2112 blasphemat
1852 2050 1902 2096 in

139 2131 318 2192 Deum,
342 2133 458 2197 quia
488 2135 659 2182 asserit
692 2141 985 2193 constanter,
1011 2133 1146 2197 quod
1174 2134 1367 2196 episcopi
1392 2133 1509 2181 dant
1541 2132 1728 2179 noviter
1755 2129 1901 2193 Spiri-

138 2222 245 2263 tum
278 2213 513 2264 Sanctum
545 2216 620 2263 vel
655 2216 760 2278 ejus
798 2216 1047 2264 dationem
1078 2217 1311 2264 roborant
1346 2222 1394 2262 et
1430 2214 1752 2271 confirmant3
1805 2212 1900 2260 hoc

139 2305 304 2346 autem
338 2306 413 2346 est
440 2298 550 2361 plus
582 2313 731 2361 quam
764 2298 878 2347 dare
917 2298 1148 2362 Spiritum
1183 2298 1430 2346 Sanctum.
1499 2295 1727 2359 Apostoli
1763 2291 1903 2342 vero⁶

139 2393 243 2427 non
274 2377 454 2427 audent
488 2379 558 2428 sic
593 2379 770 2437 dicere,
799 2380 887 2428 sed
921 2379 1056 2443 quod
1085 2387 1343 2427 oraverunt
1377 2393 1468 2441 pro
1504 2378 1636 2439 ipsis,
1662 2383 1714 2424 ut
1751 2391 1779 2423 a
1802 2375 1904 2422 Deo

139 2460 416 2524 acciperent
442 2460 672 2524 Spiritum
706 2461 954 2510 Sanctum.
1027 2460 1282 2524 Numquid
1305 2475 1423 2522 ergo
1449 2458 1691 2508 Caesarea
1716 2457 1902 2505 dotatio

140 2541 256 2591 facit
274 2550 472 2591 nostros
494 2543 757 2606 episcopos
781 2558 887 2591 esse
914 2543 1090 2605 dignos
1113 2550 1166 2592 ut
1189 2543 1282 2604 ipsi
1307 2543 1375 2589 sic
1401 2541 1586 2588 donent
1605 2538 1904 2601 singulariter

143 2623 375 2688 Spiritum
411 2623 645 2673 Sanctum
685 2625 772 2672 ex⁷
811 2625 909 2672 hoc
947 2624 1082 2687 quod
1118 2624 1211 2686 ipsi
1249 2624 1319 2671 sic
1362 2621 1542 2670 Christi
1580 2619 1822 2667 mandatis
1858 2626 1904 2665 et

141 2705 358 2756 consiliis
390 2705 767 2755 adversantur⁸?
825 2706 1033 2754 Videtur
1063 2706 1195 2753 enirn
1227 2703 1362 2767 quod
1387 2702 1452 2751 si⁹
1476 2709 1635 2750 textus
1659 2701 1749 2747 iste
1775 2699 1901 2746 adeo

141 2779 453 2852 ponderatur,
481 2787 615 2851 quod
647 2795 842 2851 oportet
874 2787 936 2836 ad
967 2787 1390 2836 confirmationem
1422 2798 1603 2848 papam
1635 2783 1746 2831 loco
1777 2781 1905 2829 Petri

143 2869 377 2920 accedere
420 2870 530 2933 plus
573 2870 919 2934 speculativum
962 2869 1231 2932 praelatum
1242 2869 1276 2894 ¹⁰
1317 2868 1429 2915 loco
1469 2864 1723 2930 JohanniS.
1796 2861 1904 2909 Nec

145 2951 370 3001 debent¹¹
389 2951 642 3015 dedignari
667 2952 728 3000 de
753 2953 847 3000 isto
873 2951 1035 3000 officio
1055 2951 1163 3013 plus
1182 2966 1330 3014 quam
1349 2949 1520 2997 Petrus
1539 2945 1903 3008 dedignabatur,

11 3047 22 3069 1‘
74 3083 75 3087 ,
143 3033 280 3097 quod
303 3049 333 3082 a
356 3034 528 3082 ceteris
564 3035 800 3097 apostolis
838 3033 993 3081 fuerat
1028 3033 1196 3080 missus
1210 3049 1234 3087 ,·
1284 3031 1578 3078 communitas
1611 3028 1742 3076 enim
1772 3027 1905 3073 bona

143 3123 191 3164 et
215 3122 386 3163 sancta
409 3124 480 3163 est
505 3131 600 3162 una
623 3116 829 3177 sz‘mplzcz‘
848 3116 953 3178 ejus
969 3119 1106 3177 parte
1131 3113 1241 3161 Deo
1267 3112 1524 3175 acceptior.

211 3195 488 3245 Phronesz's.
559 3197 763 3245 Videtur
803 3197 936 3254 mihi,
974 3211 1127 3254 soror,
1167 3194 1302 3258 quod
1344 3195 1457 3242 satis
1498 3201 1636 3241 acute
1673 3193 1901 3255 replicas;

198 3375 214 3399 ¹
247 3373 388 3427 illum]
409 3373 528 3415 illum
549 3373 750 3426 spiritum,
772 3373 928 3413 A.B.C.
949 3372 1013 3412 ed.
1034 3385 1095 3426 pr.
1207 3371 1223 3395 ²
1250 3371 1318 3423 ex]
1340 3371 1396 3416 in,
1417 3370 1480 3410 ed.
1500 3383 1563 3423 pr.
1727 3369 1742 3392 ³
1770 3370 1879 3422 quod

145 3434 205 3475 ut,
225 3428 290 3469 ed.
309 3441 372 3481 pr.
497 3427 512 3450 ⁴
542 3426 794 3468 confirmatis
814 3427 914 3480 suis]
933 3426 1199 3467 confirmatos
1219 3438 1324 3470 suas,
1346 3424 1500 3464 A.B.C.
1521 3424 1584 3464 ed.
1605 3437 1667 3477 pr.
1789 3425 1804 3447 ⁶
1832 3436 1882 3464 ex

146 3482 203 3529 in,
223 3483 286 3522 ed.
306 3495 368 3536 pr.
486 3492 489 3495 ·
532 3481 550 3505 ⁶
576 3481 692 3531 vero]
715 3487 865 3526 autem,
886 3481 950 3520 ed.
971 3493 1032 3533 pr.
1199 3480 1213 3502 ⁷
1243 3479 1312 3531 ex]
1335 3486 1388 3524 et.
1409 3478 1471 3519 ed.
1492 3491 1553 3530 pr.
1722 3478 1737 3501 ⁸
1764 3478 1902 3519 adver-

147 3536 308 3588 santur]
330 3535 606 3581 adversentur,
628 3535 785 3575 A.B.C.
806 3535 870 3575 ed.
892 3547 952 3587 pr.
1063 3535 1078 3557 ⁹
1109 3534 1162 3585 si]
1185 3534 1255 3579 sic,
1276 3534 1339 3573 ed.
1361 3546 1421 3586 pr.
1439 3547 1448 3578 ;
1480 3533 1525 3579 si.
1547 3533 1601 3572 D.
1731 3533 1762 3557 ¹⁰
1789 3545 1902 3586 prae-

146 3590 298 3642 latum]
319 3590 545 3643 praelatum
568 3590 861 3642 presbyterum,
883 3591 930 3628 C.
1099 3590 1124 3612 ¹¹
1155 3587 1325 3640 debent]
1347 3587 1525 3634 deberet,
1548 3586 1700 3628 A.B.C.

2034 457 2139 512 293
