2462 4114
395 419 499 487 382
1079 420 1511 483 JOANNIS
1581 421 1933 471 WICLIF
2216 440 2361 471 univ

318 564 568 599 Dominitempo-
634 556 801 604 dubito
825 555 942 616 quin
977 555 1162 602 domini
1193 557 1484 618 temporales
1509 564 1731 605 tenentur
1750 557 1915 619 juvare
1945 555 2165 604 infimam
2186 563 2374 619 partem

315 599 393 626 rales
406 599 522 626 debent

313 632 579 705 {fflaerceckifssffi
634 637 863 685 ecclesiae
889 643 1058 684 contra
1080 635 1172 684 hos
1191 637 1564 699 pseudofratreS,
1586 638 1707 685 sicut
1730 644 1955 686 tenentur
1979 652 2030 686 se
2053 637 2188 700 ipsos
2207 637 2375 700 juvare

313 699 577 760 ¹f¹r¹3¹t¹51¹2³113P⁵eud⁰'
633 726 800 765 contra
840 718 1230 780 possessionatos
1272 719 1486 777 cleric03,
1526 727 1578 766 ut
1620 719 1850 781 praedixi.
1920 717 2058 767 Deus
2099 717 2232 766 enim
2270 731 2375 765 non

630 798 812 860 potest¹
850 799 1067 861 accipere
1103 815 1133 848 a
1168 815 1256 847 suo
1293 800 1485 848 subdito
1520 801 1595 848 vel
1636 800 1868 858 conferre,
1905 799 1997 848 nisi
2035 799 2246 861 gratiose
2286 799 2376 848 sibi

628 880 855 928 retribuat
886 881 1044 943 majus
1079 881 1294 940 bonum3
1343 881 1597 944 quomodo
1630 896 1748 943 ergo
1780 881 1890 930 licet
1921 879 2145 943 praelatis
2178 879 2253 928 vel
2287 879 2376 928 do-

627 961 770 1008 minis
818 962 1036 1024 accipere
1083 962 1349 1024 quidquam
1397 963 1458 1010 de
1501 963 1599 1011 suis
1647 962 1862 1020 subditis,
1905 961 1998 1009 nisi
2044 961 2375 1024 aequivalente

627 1040 865 1103 adjutorio
912 1043 1319 1105 recompensent?
1394 1043 1590 1092 Debent
1636 1043 1780 1102 enim,
1830 1049 2066 1105 quantum
2113 1041 2373 1100 sufficiunt,

626 1123 762 1184 sequi
787 1122 1046 1171 Christum.
1116 1123 1261 1172 Unde
1286 1124 1483 1186 praelati
1508 1124 1613 1172 falsi
1637 1133 1685 1172 et
1717 1139 1891 1172 omnes
1915 1123 2077 1171 vicarii
2109 1122 2373 1172 antichristi

624 1204 879 1253 vendicant
904 1205 1155 1263 diabolice,
1181 1221 1232 1253 se
1257 1221 1362 1253 esse
1387 1205 1632 1253 liberiores
1655 1220 1754 1267 quo
1780 1205 1844 1252 ad
1868 1205 2087 1252 subditos
2121 1218 2270 1267 quam
2303 1204 2375 1252 est

625 1284 854 1334 Christus.
940 1286 1047 1334 Nec
1088 1287 1230 1334 video
1272 1286 1523 1349 quomodo
1571 1286 1740 1348 aliquis
1787 1293 1955 1348 posset
1995 1299 2104 1333 esse
2143 1292 2374 1347 tyrannus

623 1366 783 1424 seculi,
810 1367 902 1414 nisi
927 1368 977 1414 in
1002 1368 1326 1415 subtractione
1351 1367 1425 1415 vel
1457 1367 1755 1415 obmissione
1787 1367 1930 1429 hujus
1965 1366 2191 1429 adjutorii
2213 1373 2376 1428 tyran-

623 1448 757 1496 niset.
829 1447 1046 1496 Christus
1082 1449 1213 1496 enim
1247 1464 1350 1496 non
1386 1456 1546 1510 potest
1572 1448 1863 1511 adjutorium
1899 1456 1946 1495 et
1981 1446 2322 1495 defensionem
2346 1462 2376 1495 a

623 1530 721 1577 suis
755 1530 1070 1577 subtrahere2.
1143 1529 1412 1589 Quomodo
1446 1546 1564 1592 ergo
1601 1538 1864 1592 sequuntur
1894 1529 2026 1590 hunc
2059 1528 2372 1587 Dominum³‚

622 1611 704 1671 qui
741 1611 1024 1659 subtrahunt
1060 1611 1395 1659 defensionem
1431 1619 1479 1658 et
1521 1611 1810 1673 adjutorium
1847 1610 2074 1659 suorum⁴
2107 1610 2374 1658 tenentium

622 1700 788 1739 contra
824 1707 992 1740 eorum
1028 1694 1344 1755 praecipuum
1379 1694 1662 1741 inimicum?
1722 1691 1828 1740 Nec
1872 1692 2041 1740 dubito
2085 1691 2207 1754 quin
2244 1691 2374 1754 Justa

622 1772 842 1820 defensio
867 1789 1036 1820 eorum
1061 1774 1255 1821 cederet
1292 1774 1502 1822 dominis
1526 1774 1872 1836 temporalibus
1907 1773 1971 1821 ad
2003 1772 2373 1835 prosperitatem

622 1855 922 1902 mundanam
958 1870 1014 1901 ac
1051 1870 1193 1902 suum
1225 1856 1449 1903 meritum
1478 1863 1524 1903 et
1557 1855 1619 1903 ad
1650 1844 1855 1917 gloriam
1888 1855 2247 1917 sempiternam.
2320 1853 2372 1902 Si

623 1943 784 1981 autem
838 1935 1021 1982 domini
1066 1936 1355 1997 temporales
1402 1944 1625 1984 tenentur
1673 1951 1786 1983 suos
1833 1943 2054 1984 tenentes
2113 1935 2371 1984 defendere

623 2024 790 2064 contra
827 2016 968 2074 fures,
1005 2016 1216 2065 latrones
1252 2025 1300 2064 et
1334 2025 1566 2079 raptores,
1592 2017 1691 2065 imo
1728 2025 1898 2065 contra
1931 2017 2100 2065 hostes
2134 2017 2371 2080 publicos,

622 2113 827 2160 regnum
851 2098 985 2159 quod
1017 2098 1233 2146 incolunt
1265 2099 1559 2156 invadentes,
1585 2099 1737 2146 multo
1770 2099 1926 2161 magis
1960 2106 2128 2147 contra
2158 2099 2372 2162 pseudo-

623 2179 802 2237 fratres,
841 2195 952 2227 cum
989 2181 1082 2227 sint
1116 2181 1166 2226 in
1202 2181 1430 2228 omnibus
1470 2180 1571 2227 istis
1608 2180 1792 2243 injuriis
1827 2180 2187 2243 praecellentes,
2224 2189 2273 2228 et
2307 2195 2369 2229 eo

625 2261 891 2322 specialiter
930 2276 1028 2323 quo
1067 2261 1235 2309 fratres
1274 2261 1499 2310 directius
1539 2262 1778 2324 impetunt
1820 2269 1990 2310 contra
2027 2260 2287 2321 Christum,
2324 2271 2371 2311 et

623 2355 721 2402 quo
745 2341 927 2389 facilius
952 2342 1179 2404 possent5
1204 2358 1290 2405 per
1314 2342 1608 2404 temporales
1634 2343 1861 2391 domi-nos
1885 2342 2108 2405 mitigari.

691 2422 822 2470 Nam
860 2438 959 2470 non
1000 2431 1204 2485 oportet,
1242 2424 1364 2471 sicut
1400 2438 1502 2470 non
1545 2423 1762 2481 consu10,
1800 2423 1959 2486 quod⁶
1994 2431 2216 2486 pugnent
2257 2438 2370 2476 cum

623 2504 843 2551 fratribus
897 2518 982 2552 eos
1038 2504 1322 2562 occidend0,
1372 2504 1482 2552 sed⁷
1531 2505 1594 2552 ad
1649 2503 1770 2552 hoc⁸
1819 2519 1936 2552 sane
1985 2504 2188 2553 consulo
2232 2504 2370 2568 quod

622 2585 845 2632 homines
881 2601 983 2633 non
1017 2586 1211 2634 foveant
1246 2601 1332 2633 eos
1373 2586 1423 2632 in
1466 2587 1563 2634 suis
1599 2586 1944 2648 temporalibus
1985 2585 2078 2633 sub
2119 2583 2371 2635 mendaci⁹

624 2667 786 2714 colore
822 2666 1157 2725 eleemosinae,
1195 2667 1308 2729 quia
1343 2668 1411 2715 sic
1447 2667 1811 2715 damnificarent
1846 2666 2041 2714 indubie
2077 2681 2131 2715 se
2165 2674 2214 2715 et
2246 2667 2366 2716 illos.

623 2747 767 2795 Unde
803 2749 1070 2796 recolerent
1106 2749 1304 2806 domini,
1340 2748 1592 2810 quomodo
1626 2756 1883 2810 peccatum
1914 2762 2084 2795 eorum
2116 2746 2367 2811 proprium

623 2837 696 2877 est
730 2830 845 2892 ipsis
886 2829 1096 2877 dominis
1138 2830 1284 2877 nimis
1319 2845 1479 2892 grave,
1515 2830 1626 2877 licet
1661 2844 1763 2877 non
1798 2829 1976 2877 faciant
1996 2877 1998 2879 ,
2017 2844 2071 2877 se
2106 2830 2366 2892 participes

622 2926 733 2958 cum
757 2911 1018 2973 hypocritis
1050 2911 1151 2958 istis
1176 2913 1226 2958 in
1260 2912 1474 2968 crimine,
1500 2926 1613 2958 cum
1643 2927 1704 2958 ex
1737 2911 1833 2959 fide
1865 2910 2102 2972 evangelii
2133 2911 2192 2959 sit
2222 2911 2366 2959 nimis

622 2992 958 3053 periculosum,
985 2993 1053 3039 sic
1077 3007 1260 3054 ponere
1292 2993 1569 3055 portionem
1603 3007 1715 3040 cum
1747 2993 1850 3040 istis
1882 2992 2158 3055 hypocritis
2229 2993 2294 3042 Et
2326 2995 2367 3042 si

621 3074 804 3122 dicatur
839 3073 973 3135 quod
1008 3073 1298 3135 temporales
1335 3073 1520 3121 domini
1556 3073 1734 3120 debent
1770 3074 1861 3121 illis
1897 3074 2094 3122 credere
2129 3081 2362 3137 tanquam

621 3155 937 3202 sanctioribus
970 3154 1214 3202 militantis
1246 3154 1492 3212 ecclesiae,
1529 3154 1639 3202 dico
1673 3170 1785 3202 cum
1820 3155 2056 3217 apostole,
2091 3156 2226 3218 quod
2257 3171 2362 3204 non

620 3341 637 3374 t
673 3282 873 3375 inpotteist}
894 3283 1040 3345 pqtuit,
1061 3283 1126 3323 ed.
1145 3295 1207 3345 pr.
1290 3337 1337 3376 bt
1383 3281 1411 3375 1²1
1434 3282 1969 3376 tyragniset—subtrahssre]
1990 3295 2074 3346 om.
2094 3283 2222 3376 Aga
2250 3283 2364 3376 adjg.

619 3349 775 3440 p‘iilriiaee
793 3350 1122 3443 ωἰὲἓξῗοεξέἰῗῌὲέ
1141 3350 1223 3377 SUIS
1243 3350 1307 3413 su*
1335 3350 1521 3443 ἔιῗοξιῖξὶι]
1543 3367 1673 3437 suum,
1693 3391 1754 3436 Β.,
1775 3391 1828 3430 A.
1856 3337 2361 3443 Pdglgbnffassusffqegi’pr:

619 3444 634 3465 ⁵
661 3444 847 3496 possent]
869 3450 1019 3497 posset,
1039 3446 1102 3485 ed.
1122 3458 1184 3496 pr.
1453 3445 1468 3468 ⁶
1496 3445 1626 3497 quod]
1649 3459 1731 3486 om.
1753 3445 1816 3485 ed.
1835 3459 1922 3498 pr.;
1953 3445 2063 3496 quod
2081 3445 2280 3491 homines,
2303 3445 2358 3484 D.

618 3496 632 3518 ⁷
661 3499 989 3550 pugnent—sed]
1011 3512 1092 3539 om.
1115 3500 1176 3545 Β.,
1197 3499 1249 3538 Α.
1269 3499 1426 3551 primae
1443 3512 1600 3539 manus.
1864 3499 1879 3522 ⁸
1906 3499 1960 3538 ad
1979 3498 2079 3551 hoc]
2099 3511 2181 3538 om.
2202 3498 2358 3539 A.B.C.

619 3550 634 3572 ⁹
662 3551 866 3603 mendaci]
888 3553 1076 3598 mendici,
1097 3553 1157 3600 Β.,
1178 3554 1230 3592 A.
1251 3553 1407 3605 primae
1425 3565 1581 3593 manus.
