2436 4094
133 433 269 467 cam.
718 411 1305 462 TRIALOGUS.

134 561 160 595 2
189 545 304 595 Cor.
328 546 415 604 v.¹,
441 555 488 595 et
511 547 562 594 in
594 547 701 610 lege
733 548 878 595 veteri
912 547 1190 595 sacerdotes
1224 546 1447 595 dicuntur
1476 546 1748 595 comedisse
1772 560 1886 609 pec-

131 635 240 678 cata
279 628 448 691 populi
461 644 474 687 ;
530 636 577 676 et
616 628 913 691 quandoque
957 629 1190 691 accipitur
1229 636 1488 691 peccatum
1529 642 1618 690 pro
1667 628 1887 691 subjecto

129 719 365 775 peccante
378 726 392 771 3
442 719 490 759 et
523 711 694 758 ultimo
730 713 963 774 accipitur
998 720 1253 774 peccatum
1287 726 1378 774 pro
1411 726 1574 774 poena
1606 711 1767 760 debita
1797 725 1887 773 pro

129 799 350 856 peccato·
408 791 471 840 Et
489 793 558 840 sic
583 792 725 840 octo²
743 793 903 841 modis
921 801 1178 855 peccatum
1197 792 1453 855 accipitur³
1471 794 1586 841 satis
1612 793 1888 855 aequivoce.

130 873 356 924 Deficere
380 881 546 922 autem
572 881 646 922 est
670 875 871 922 verbum
897 874 1187 933 absolutum,
1214 883 1262 922 et
1285 875 1398 923 ideo
1423 875 1656 937 competit
1689 882 1890 938 peccato

133 954 269 1020 quod
303 971 334 1004 a
365 955 585 1019 subjecto
617 971 705 1004 suo
740 957 951 1004 exoritur
976 964 1023 1003 et
1046 956 1097 1003 in
1131 957 1349 1019 subjecto
1382 971 1472 1004 suo
1506 957 1708 1004 finaliter
1731 958 1892 1004 termi-

132 1044 288 1086 natur.
358 1035 545 1085 Vitium
578 1045 741 1098 autem
750 1034 781 1095 4,
819 1037 1035 1100 privatio,
1062 1053 1238 1100 poena,
1272 1038 1416 1100 culpa
1451 1047 1498 1086 et
1533 1047 1691 1086 reatus
1728 1039 1893 1087 distin-

132 1125 346 1183 guuntur
375 1133 405 1166 a
437 1126 641 1181 peccato
675 1118 939 1167 formaliter
971 1119 1227 1167 intellecto.
1298 1119 1361 1167 Et
1394 1119 1552 1167 adhuc
1587 1128 1658 1168 est
1693 1121 1895 1182 penuria

132 1201 393 1249 verborum
427 1214 526 1262 qua
561 1199 766 1249 dicimus
802 1201 937 1263 quod
972 1209 1230 1263 peccatum
1266 1202 1335 1249 sic
1369 1205 1380 1226 ‘
1397 1201 1679 1249 formaliter'
1706 1209 1779 1249 est
1814 1217 1894 1249 ac-

137 1289 349 1344 ceptum,
375 1281 490 1344 quia
525 1282 687 1344 potius
724 1282 960 1331 diceretur
995 1283 1130 1345 quod
1167 1287 1178 1307 ‘
1194 1280 1574 1341 deformaliter⁵‚'
1602 1284 1640 1331 si
1672 1299 1788 1332 usus
1823 1283 1896 1331 lo-

134 1363 316 1427 quendi
359 1362 649 1412 admitteret.
735 1364 924 1412 Dicitur
965 1373 1140 1423 autem,
1179 1366 1314 1427 quod
1349 1365 1526 1413 multae
1564 1373 1673 1414 sunt
1709 1367 1896 1428 species

135 1445 338 1510 peccati,
381 1446 670 1509 accipiendo
712 1455 968 1510 peccatum
1012 1462 1102 1513 pro
1145 1446 1311 1495 habitu
1353 1447 1427 1494 vel
1475 1447 1632 1496 forma
1676 1449 1894 1510 positiva.

139 1526 239 1576 Sed
262 1527 554 1590 accipiendo
580 1529 744 1591 ipsum
767 1543 858 1591 pro
883 1528 1189 1577 deformitate
1214 1529 1288 1576 vel
1313 1529 1506 1577 defectu
1537 1531 1801 1592 peccantiS,
1827 1530 1896 1579 sic

138 1622 244 1656 non
278 1617 352 1657 est
382 1624 471 1671 per
494 1625 547 1658 se
571 1610 644 1658 vel
668 1625 755 1673 per
780 1610 1006 1658 accidens
1030 1611 1080 1658 in
1103 1625 1283 1672 genere
1311 1611 1398 1659 sed
1429 1627 1517 1674 per
1547 1612 1895 1671 reductionem,

138 1696 188 1738 et
218 1697 272 1739 ut
303 1690 474 1739 dicitur
505 1692 841 1751 communiter,
868 1693 920 1739 in
944 1708 1123 1754 genere
1155 1692 1411 1755 qualitatiS,
1438 1708 1551 1741 cum
1588 1695 1650 1743 sit
1683 1694 1898 1743 defectus

137 1772 336 1836 gratiae,
361 1787 486 1836 quae
510 1773 713 1836 qualitas
739 1774 911 1822 dicitur
936 1774 1057 1822 sicut
1081 1774 1244 1822 virtus.
1315 1773 1615 1824 Privationes
1645 1783 1822 1834 autem,
1847 1786 1899 1826 ut

138 1854 347 1903 caecitas
365 1855 567 1903 tenebra
590 1862 638 1903 et
661 1855 836 1903 similia
859 1862 970 1903 sunt
993 1856 1043 1902 in
1069 1855 1326 1918 cathalogo
1347 1864 1608 1915 creaturae,
1630 1857 1742 1906 ideo
1768 1858 1901 1906 aliter

139 1944 340 2000 peccata
377 1944 490 1985 sunt
526 1952 615 2000 per
655 1937 990 1986 reductionem
1030 1937 1080 1984 in
1119 1952 1312 1999 genere,
1351 1946 1397 1985 et
1438 1938 1571 1986 aliter
1607 1940 1901 2001 privationes

139 2017 433 2082 hujusmodi.
504 2018 857 2067 Verumtamen
883 2019 1005 2067 sicut
1023 2027 1281 2082 peccatum
1307 2019 1479 2068 dicitur
1502 2035 1590 2069 ens
1613 2021 1677 2069 ad
1701 2037 1900 2071 sensum

140 2101 476 2164 aequivocum,
502 2101 569 2149 ita
601 2101 774 2150 dicitur
803 2115 910 2149 esse
943 2101 1144 2160 bonum,
1179 2116 1292 2150 cum
1329 2100 1590 2164 Gregorius
1622 2111 1761 2151 vocat
1788 2107 1800 2128 ‘
1815 2119 1900 2152 ne-

141 2182 420 2231 cessarium'
446 2181 586 2231 Adae
620 2189 876 2245 peccatum
909 2189 956 2230 et
989 2185 1002 2207 ‘
1018 2182 1214 2245 culpam
1238 2182 1459 2242 felicem‚’
1494 2198 1606 2231 cum
1642 2184 1899 2233 occasione

143 2273 347 2329 accepta
388 2280 477 2329 per
510 2264 606 2314 Dei
646 2266 852 2328 gratiam
887 2265 1094 2312 multum
1133 2265 1348 2328 prodest.
1419 2265 1469 2314 N
1471 2281 1528 2314 ec
1563 2266 1701 2315 Deus
1737 2277 1903 2330 posset

143 2355 401 2413 peccatum
433 2347 591 2396 sinere
625 2362 733 2396 esse
766 2346 840 2395 vel
873 2346 989 2406 fieri,
1015 2347 1107 2395 nisi
1139 2362 1227 2410 per
1259 2347 1485 2396 accidens
1518 2348 1725 2397 multum
1755 2349 1902 2412 profi-

143 2436 288 2488 ceret,
336 2429 452 2492 quia
498 2429 538 2478 si
584 2437 840 2492 peccatum
887 2437 974 2488 est,
1016 2437 1132 2477 tunc
1173 2429 1311 2479 Deus
1357 2430 1496 2493 punit
1543 2430 1675 2488 illud,
1724 2417 1772 2479 et
1818 2446 1905 2494 per

143 2525 453 2574 consequens
487 2511 592 2574 ejus
622 2511 751 2574 justa
785 2511 971 2574 punitio
1012 2510 1219 2559 multum
1253 2511 1465 2574 prodest.
1535 2511 1600 2559 Et
1633 2512 1699 2560 ita
1734 2512 1905 2561 dicitur

143 2591 307 2642 Deus⁰
342 2591 462 2640 velle
496 2599 753 2654 peccatum
781 2607 889 2654 quo
926 2592 990 2640 ad
1026 2606 1134 2639 esse
1171 2606 1315 2639 suum
1339 2592 1624 2650 secundum,
1661 2593 1798 2655 quod
1832 2601 1904 2641 est

145 2673 512 2724 occasionaliter
525 2673 773 2736 proficere.
846 2672 1108 2720 Peccatum
1128 2681 1293 2720 tamen
1312 2672 1484 2721 dicitur
1510 2674 1624 2722 satis
1643 2674 1904 2736 aequivoce

145 2757 326 2805 habere
360 2770 469 2804 esse
502 2755 759 2808 secundum,
797 2755 911 2816 quia
946 2754 1061 2802 illud
1097 2762 1169 2802 est
1204 2769 1312 2802 esse
1348 2755 1534 2802 bonum
1563 2754 1697 2817 quod
1732 2769 1904 2803 conse-

148 2839 308 2902 quitur
331 2837 395 2886 ad
418 2836 602 2886 deesse.
673 2836 737 2884 Et
760 2837 826 2884 ita
850 2836 1069 2898 quamvis
1092 2844 1193 2884 tam
1216 2834 1352 2884 Deus
1385 2850 1534 2897 quam
1558 2844 1775 2884 creatura
1797 2836 1906 2884 velit

148 2928 408 2985 peccatum
431 2919 501 2968 sic
527 2933 633 2967 esse
658 2926 706 2966 et
731 2919 800 2966 sic
834 2917 1082 2980 prodesse,
1109 2932 1210 2966 non
1243 2926 1408 2965 tamen
1434 2926 1507 2966 est
1535 2917 1719 2980 justum
1744 2916 1905 2965 Deum

64 3032 69 3050 ⁴
150 3002 271 3051 velle
305 3001 559 3051 hominem
595 2999 839 3063 peccare⁷‚
875 2999 949 3047 vel
989 3000 1039 3046 in
1074 2999 1170 3048 hoc
1212 2998 1400 3047 homini
1442 2999 1761 3062 complacere,
1794 3000 1907 3061 quia

150 3084 274 3134 tales
305 3082 692 3147 praedicationes
726 3081 893 3129 dicunt
925 3096 1031 3129 esse
1065 3082 1275 3143 primum
1308 3081 1492 3143 peccati
1517 3081 1590 3128 vel
1624 3095 1764 3129 suum
1789 3080 1905 3128 defi—

152 3181 279 3216 cere.
346 3164 543 3214 Poenae
569 3171 733 3212 autem
767 3178 878 3212 cum
912 3163 1007 3211 sint
1035 3162 1193 3225 justae
1220 3170 1267 3210 et
1291 3161 1498 3210 inflictae
1525 3177 1554 3210 a
1577 3161 1702 3221 De0‚
1729 3161 1908 3211 debent

210 3358 223 3381 ¹
254 3369 276 3397 α
299 3355 489 3398 Corinth.
518 3369 558 3396 v.
589 3366 654 3396 21.
874 3352 890 3377 ²
919 3352 1038 3406 octo]
1068 3357 1274 3406 quattuor,
1305 3350 1352 3392 B.
1381 3351 1538 3405 primae
1564 3363 1723 3414 manus,
1754 3350 1818 3392 ed.
1847 3364 1908 3404 pr.

151 3411 168 3436 ⁸
194 3410 413 3464 accipitur]
433 3410 619 3457 sumitur,
638 3408 739 3451 ΒΩ.
759 3407 823 3450 ed.
843 3420 905 3461 pr.
1151 3405 1167 3429 ⁴
1192 3406 1352 3459 autem]
1372 3419 1485 3459 ergo,
1507 3406 1554 3446 B.
1574 3418 1731 3459 primae
1749 3418 1908 3468 manus,

153 3465 217 3506 ed.
237 3478 301 3518 pr.
409 3465 426 3489 ⁵
452 3462 749 3516 deformaliter]
769 3462 1020 3508 difformiter,
1042 3460 1172 3508 B.D.;
1202 3461 1441 3501 difformiter
1455 3461 1557 3501 alias
1576 3459 1908 3506 deformabiliter,

155 3519 220 3560 ed.
240 3532 302 3572 pr.
492 3519 509 3543 ⁶
539 3517 673 3571 Deus]
696 3517 846 3566 Deum,
867 3516 1022 3558 A.B.C.
1043 3515 1106 3557 ed.
1126 3528 1188 3568 pr.
1351 3514 1367 3539 ⁷
1395 3514 1583 3568 peecare]
1604 3514 1710 3556 velle
1727 3527 1908 3568 peccare,

2034 422 2128 472 141
