2436 4094
357 449 424 502 80

1032 439 1455 505 JOANNIS
1513 440 1866 490 WICLIF
2177 462 2318 492 1.113.11.

576 575 638 622 ad
662 590 837 637 corpus
862 590 1009 637 quam
1033 575 1370 622 insensibiliter
1394 574 1663 623 secundum
1688 575 1970 624 affectiones
1994 576 2156 635 animi,
2181 576 2318 640 quod

572 656 717 705 fuisse
753 664 799 703 et
839 655 942 704 fore
984 657 1146 704 insunt
1182 656 1279 703 suis
1316 655 1660 714 durationibus‚
1699 657 1820 704 sicut
1854 666 1901 706 et
1941 658 2165 720 tempori.
2234 657 2316 706 Ad

571 737 687 799 quid
711 752 828 799 ergo
855 745 1047 799 oportet
1070 752 1255 799 ponere
1282 738 1535 786 aevitatem
1558 738 1836 800 hujusmodi
1861 746 1971 787 ante
1995 740 2221 802 tempus?

635 817 903 867 Phronesz's.
975 818 1226 877 Quantum
1267 819 1330 867 ad
1366 820 1574 880 primam
1619 819 1895 868 instantiam
1939 827 2074 869 tuam
2114 819 2313 882 videtur,

567 899 700 962 quod
735 900 988 948 multitudo
1025 900 1214 948 illorum
1244 901 1495 963 spirituum
1530 901 1652 948 sicut
1688 900 1857 949 dicitur
1887 915 1989 949 non
2021 902 2312 950 constituere

565 995 717 1027 unum
753 982 984 1043 spiritum,
1022 982 1088 1030 ita
1123 996 1211 1029 sua
1245 982 1403 1044 prima
1439 981 1626 1030 duratio
1667 997 1770 1030 non
1812 983 1983 1031 dicitur
2019 984 2311 1032 constituere
2391 1018 2394 1020 -

563 1077 714 1109 unum
756 1078 941 1111 aevum.
1013 1062 1137 1111 Mihi
1178 1071 1339 1111 autem
1380 1063 1563 1111 videtur
1603 1063 1864 1126 probabile,
1902 1064 2036 1127 quod
2075 1065 2140 1113 illi
2175 1065 2312 1128 spiri-

561 1150 637 1191 tus
663 1145 956 1192 constituunt
979 1160 1133 1192 unum
1158 1145 1391 1207 spiritum,
1416 1153 1463 1193 et
1489 1145 1622 1207 quod
1646 1146 1873 1194 omnibus
1897 1146 1986 1195 illis
2009 1162 2108 1202 una
2131 1148 2308 1196 aevitas

561 1232 633 1273 est
672 1227 961 1285 communiS,
995 1234 1043 1274 et
1083 1226 1217 1289 quod
1248 1241 1309 1274 ex
1344 1226 1613 1289 adjacentia
1648 1228 1894 1290 temporis,
1931 1228 2118 1277 ratione
2152 1238 2308 1277 muta-

561 1306 752 1355 bilitatis
786 1322 914 1365 suae,
943 1307 1123 1355 habent
1154 1306 1401 1370 propriam
1434 1307 1837 1369 quandalitatem1
1861 1317 1908 1358 et
1931 1309 2080 1358 fuisse
2104 1325 2162 1359 ac
2185 1310 2304 1370 fore,

558 1388 692 1450 quod
716 1395 789 1435 est
812 1390 1051 1451 posterius
1076 1390 1184 1453 ipso
1211 1403 1358 1448 aevo;
1397 1389 1471 1437 et²
1489 1390 1618 1438 beati
1638 1390 1878 1439 intuentes
1904 1391 2116 1440 divinam
2138 1407 2304 1441 essen-

557 1470 673 1518 tiam
709 1485 765 1518 ac
802 1471 990 1519 immoti
1026 1472 1076 1518 in
1104 1472 1201 1519 suis
1228 1471 1567 1519 affectionibus
1602 1471 1782 1519 habent
1812 1487 1964 1520 unam
1999 1473 2303 1523 durationem

556 1558 873 1609 constantem,
909 1566 1010 1599 non
1043 1552 1380 1600 successivam.
1452 1551 1659 1615 Oportet
1691 1568 1809 1618 ergo
1841 1554 1974 1617 quod
2005 1554 2083 1603 illa
2114 1555 2301 1607 duratio

553 1632 727 1680 habeat
751 1633 1000 1696 quoddam
1024 1649 1221 1692 nomen,
1247 1641 1295 1681 et
1318 1641 1507 1697 praeter
1540 1634 1669 1682 illam
1702 1650 2015 1685 communem
2047 1638 2300 1688 aevitatem

552 1714 735 1761 videtur
758 1714 892 1776 quod
916 1715 1131 1777 singulus
1155 1715 1346 1764 illorum
1371 1716 1622 1778 spirituum
1645 1716 1790 1765 habet
1821 1718 2070 1780 propriam
2101 1734 2298 1769 mensu-

551 1809 669 1852 ram,
703 1810 827 1857 quae
863 1810 892 1842 a
926 1796 1215 1858 quibusdam
1251 1796 1420 1845 dicitur
1453 1798 1646 1856 aevitas,
1679 1806 1726 1846 et
1761 1799 1824 1847 ab
1859 1799 1961 1848 aliis
1995 1801 2298 1863 quandalitas

550 1876 762 1923 aevitatis
776 1892 789 1935 ;
841 1892 932 1924 nec
967 1884 1041 1925 est
1077 1877 1326 1925 difficultas
1362 1879 1411 1926 in
1446 1879 1547 1928 istis
1583 1880 1926 1929 variationibus
1965 1883 2296 1935 terminorum.

548 1955 629 2004 Ad
652 1958 892 2005 secundam
916 1958 1191 2007 instantiam
1214 1967 1361 2018 tuam,
1387 1968 1534 2022 patet,
1561 1961 1695 2023 quod
1720 1962 1968 2011 conclusio
1993 1963 2123 2012 illata
2151 1964 2295 2014 debet

549 2038 778 2097 coneedi;
805 2047 1136 2087 verumtamen
1159 2041 1336 2089 aevitas
1360 2049 1432 2089 est
1456 2049 1566 2090 ante
1590 2042 1683 2090 tale
1706 2042 1853 2091 fuisse
1876 2044 1950 2091 vel
1982 2044 2085 2093 fore
2117 2047 2291 2110 angeli.

546 2118 763 2181 Angelus
800 2128 962 2168 autem
997 2129 1156 2183 potest
1191 2122 1396 2170 mirabili
1431 2122 1668 2172 celeritate
1706 2139 1951 2173 assumere
1987 2127 2077 2174 sibi
2113 2142 2291 2192 corpus

546 2209 733 2261 praeter
749 2202 980 2250 unionem
1000 2199 1365 2265 hypostaticam,
1383 2211 1430 2251 et
1449 2212 1612 2267 aptare
1631 2205 1721 2252 sibi
1739 2205 1855 2254 illud
1873 2221 2049 2270 corpus
2067 2210 2118 2256 in
2136 2210 2292 2273 figura

544 2289 592 2329 et
627 2283 954 2332 accidentibus
990 2284 1188 2332 humani
1223 2286 1452 2347 corporis.
1525 2285 1729 2349 Propter
1769 2287 1902 2350 quod
1942 2287 2201 2352 Gregorius
2241 2301 2290 2342 et

544 2363 621 2411 alii
659 2366 811 2412 sancti
855 2374 1031 2413 vocant
1068 2366 1162 2414 tale
1205 2375 1523 2429 aggregatum
1563 2383 1624 2415 ex
1656 2369 1833 2431 spiritu
1873 2378 1920 2418 et
1958 2371 2040 2419 tali
2082 2387 2286 2436 corpore

544 2448 555 2469 ‘
573 2446 751 2493 animal
773 2447 1033 2505 rationale‚’
1059 2455 1108 2495 et
1133 2448 1200 2496 sic
1224 2448 1330 2496 talis
1356 2449 1655 2511 quandalitas
1682 2452 1826 2499 creati
1851 2453 2042 2515 spiritus
2064 2462 2286 2518 tempore

541 2535 854 2587 mensuratur,
879 2536 927 2576 et
950 2543 1053 2576 non
1078 2529 1234 2577 solum
1259 2529 1337 2577 illa
1360 2530 1577 2589 aevitas³‚
1604 2531 1690 2579 sed
1714 2535 1987 2582 successiva
2010 2535 2201 2585 affectio
2226 2553 2284 2588 ac

539 2609 829 2657 insensibilis
853 2610 960 2658 talis
985 2611 1361 2673 creati'spirituS,
1388 2612 1487 2659 sive
1510 2613 1642 2660 bona
1665 2613 1805 2662 fuerit
1828 2615 1926 2663 sive
1943 2617 2071 2666 mala
2083 2635 2097 2677 ;
2137 2626 2185 2667 et
2217 2621 2284 2670 ita

538 2689 721 2738 videtur
767 2693 1084 2741 substantiam
1131 2693 1428 2741 materialem
1474 2701 1522 2742 et
1569 2695 1787 2757 spiritum
1838 2697 2050 2747 hominis
2103 2699 2282 2750 habere

537 2770 782 2832 quandam
815 2774 1079 2832 aevitatem,
1114 2774 1417 2822 durationem
1453 2789 1591 2823 suam
1627 2779 1972 2827 successivam*
2007 2783 2282 2833 naturaliter

534 2853 922 2914 praecedentem.
990 2854 1078 2903 Et⁵
1095 2856 1255 2918 posito
1282 2855 1416 2919 quod
1435 2849 1671 2907 subducta
1688 2858 1811 2907 foret
1829 2862 1988 2909 omnis
2009 2866 2280 2915 successiva

533 2936 734 2982 mutatio
776 2938 873 2984 sive
915 2945 1123 3000 tempus,
1168 2945 1310 2985 staret
1352 2953 1464 2986 cum
1502 2938 1611 2998 hoc,
1648 2940 1782 3002 quod
1821 2942 1940 2990 tales
1981 2944 2277 2995 substantiae

532 3014 740 3065 habeant
764 3018 1067 3067 durationem
1092 3019 1296 3067 solidam
1319 3025 1699 3082 permanentem.

599 3097 676 3145 De
712 3105 903 3161 tempore
939 3108 1100 3148 autem
1137 3099 1319 3148 videtur
1328 3101 1359 3158 ⁶,
1396 3101 1529 3163 quod
1565 3102 1624 3149 sit
1660 3102 1845 3150 duratio
1881 3105 2050 3153 mundi
2081 3106 2132 3154 in
2167 3123 2275 3158 esse

531 3181 892 3239 transmutabili,
920 3182 1190 3229 secundum
1222 3181 1381 3244 prius⁷
1411 3181 1483 3230 et⁸
1507 3183 1745 3245 posterius
1770 3186 2108 3246 successivum,
2135 3198 2182 3237 et
2205 3191 2274 3240 sic
2314 3171 2321 3173 ’

530 3273 847 3324 quaecunque
866 3264 1036 3311 mundi
1056 3263 1195 3326 pars⁹
1213 3271 1346 3312 mota
1365 3263 1518 3322 fuerit,
1538 3264 1661 3312 inest
1680 3264 1864 3313 mundo
1884 3273 2088 3330 tempuS.
2149 3271 2271 3320 Ideo

583 3373 598 3396 ¹
626 3377 966 3431 quandalitatem]
987 3379 1235 3432 qualitatem,
1255 3379 1318 3419 ed.
1339 3392 1400 3432 pr.
1746 3379 1764 3404 ²
1789 3381 1850 3433 et]
1870 3385 1929 3428 ut,
1949 3382 2104 3424 A.B.C.
2124 3385 2187 3426 ed.
2208 3399 2270 3438 pr.

526 3425 542 3448 ³
569 3429 740 3481 aevitas]
762 3444 843 3472 orn.
864 3434 926 3473 ed.
946 3446 1007 3485 pr.
1028 3447 1121 3474 cum
1141 3434 1189 3474 C.
1209 3434 1364 3487 primae
1381 3446 1539 3480 manus,
1559 3434 1614 3474 D.
1759 3434 1776 3458 4
1801 3436 2089 3490 successivam]
2110 3452 2193 3479 om.
2214 3441 2270 3481 D.

527 3479 542 3502 ⁵
569 3481 628 3532 et]
649 3488 706 3528 ut,
726 3485 788 3524 ed.
804 3499 865 3537 pr.
886 3500 978 3527 cum
1000 3488 1048 3528 C.
1068 3489 1224 3540 primae
1242 3501 1399 3534 manus,
1420 3488 1475 3527 D.
1663 3487 1680 3512 ⁶
1706 3489 1884 3542 videtur]
1904 3490 2062 3532 videtur
2079 3492 2192 3539 mihi,
2212 3494 2268 3535 D.

526 3532 698 3637 Laprsius]
720 3550 806 3630 esge
825 3541 947 3591 prius,
967 3541 1030 3583 ed.
1051 3556 1112 3594 pr.
1224 3543 1239 3566 ⁸
1266 3542 1326 3595 et]
1348 3547 1388 3583 et
1408 3542 1642 3589 secundum,
1663 3542 1817 3585 A.B.C.
1837 3544 1900 3584 ed.
1919 3557 1980 3597 pr.
2108 3546 2124 3570 ⁹
2151 3548 2266 3600 pars]

494 3628 499 3652 ί
641 3602 708 3636 sxc,
729 3604 750 3630 e
784 3623 790 3630 .
813 3607 872 3644 pr.

2017 3683 2197 3718 WIOLIF
