2496 4108
274 817 451 844 Auctoritas

273 851 422 878 ecclesiae

272 883 413 918 scriptori

271 917 436 952 opponitur
443 923 453 950 ς

1028 420 1452 485 JOANNIS
1521 419 1872 470 WICLIF
2178 437 2332 467 univ.

586 560 862 606 virtuosum.
934 556 1126 618 Corpus
1159 563 1322 604 tamen
1354 562 1520 617 posset
1551 570 1658 603 esse
1693 554 1878 611 alicubi,
1906 554 2015 602 licet
2046 567 2149 600 non
2181 552 2242 600 sit
2263 551 2332 599 ibi

586 638 1006 696 dimensionaliter,
1048 645 1100 684 ut
1148 644 1280 699 patet
1322 637 1383 684 de
1429 651 1537 684 esse
1586 636 1813 698 spirituali
1861 635 2080 697 corporis
2127 647 2226 696 quo
2267 632 2332 680 ad

585 720 759 767 locum.
830 718 893 766 Et
917 726 1048 780 patet
1073 718 1247 765 solutio
1271 717 1415 780 hujus
1440 718 1676 780 objectus,
1703 717 1740 765 si
1764 717 1889 764 bene
1915 715 2134 763 attendis.

653 799 879 848 Pseustzlr.
949 799 1154 847 Videtur
1185 798 1303 846 mihi
1335 798 1470 861 quod
1504 798 1675 846 deliras
1709 799 1772 845 ab
1806 796 2065 859 opinione¹
2097 795 2331 844 ecclesiae
2400 863 2403 865 d

587 890 633 929 et
667 880 762 928 fide
799 881 1072 943 scripturae,
1099 895 1211 928 cum
1242 881 1379 943 juxta
1412 888 1550 927 tuum
1585 878 1770 927 dicere²
1794 893 1948 940 aeque
1982 883 2148 940 posset
2181 876 2332 924 laicus

588 963 825 1012 conficere
849 970 900 1009 ut
933 961 1161 1010 sacerdos
1175 977 1188 1021 ;
1238 962 1377 1009 etsie
1411 961 1613 1029 ecclesia
1646 959 2055 1021 foret·utrobique
2087 957 2333 1020 ambigua,

587 1059 733 1107 quam
757 1044 965 1090 hostiam
991 1042 1225 1090 adoraret.

653 1125 926 1173 Phronesz's.
996 1124 1158 1172 Video
1191 1125 1326 1187 quod
1362 1132 1646 1186 argumenta
1680 1123 1930 1171 ulteriora⁸
1964 1124 2050 1171 tibi
2090 1121 2334 1178 deficiunt,

587 1207 674 1255 sed
690 1206 904 1269 quaeris⁴
919 1206 1172 1268 quomodo
1192 1206 1490 1253 difficultates
1505 1212 1758 1253 extraneas
1774 1205 2066 1253 introducas.
2113 1202 2336 1251 Ecclesia

588 1288 775 1335 autem5
792 1294 989 1350 propter
1013 1286 1320 1337 subtilitatem
1343 1288 1572 1334 materiae
1591 1294 1638 1334 et
1661 1286 2080 1334 exercitationem⁶
2099 1286 2150 1333 in
2173 1282 2335 1333 studio

587 1369 938 1432 temporalium,
973 1369 1115 1415 nimis
1148 1368 1397 1415 modicum
1429 1368 1632 1416 attendit
1663 1367 1726 1415 ad
1758 1367 1899 1415 istam
1929 1368 2195 1424 materiam,
2221 1379 2335 1414 cum

587 1466 716 1514 papa
739 1459 787 1498 et
810 1465 982 1497 omnes
1007 1449 1112 1512 ejus
1142 1449 1407 1496 cardinales
1442 1450 1503 1496 de
1526 1450 1632 1512 ipsa
1663 1465 1836 1512 parum
1869 1449 2162 1512 concipiunt.
2235 1445 2334 1495 Sed

588 1548 674 1595 per
699 1531 875 1580 Christi
899 1532 1102 1594 gratiam
1125 1532 1303 1578 tenebo
1330 1531 1478 1578 fidem
1497 1538 1544 1578 et
1568 1546 1764 1578 sensum
1787 1531 2059 1592 scripturae,
2078 1537 2126 1578 et
2149 1529 2333 1578 cavebo

589 1616 651 1662 ab
673 1614 764 1680 hac
792 1613 991 1671 haeresi,
1027 1617 1038 1638 ‘
1055 1614 1094 1660 si
1127 1628 1255 1675 papa
1286 1620 1335 1660 et
1370 1612 1636 1660 cardinales
1669 1619 1888 1664 asserunt
1922 1611 2051 1659 hunc
2079 1626 2188 1659 esse
2221 1625 2336 1658 sen-

590 1710 696 1743 sum
722 1695 995 1757 scripturae,
1022 1709 1139 1755 ergo
1172 1695 1241 1741 sic
1274 1702 1347 1742 est
1361 1694 1389 1753 ;'
1439 1694 1552 1755 quia
1587 1701 1702 1742 tunc
1727 1692 1885 1740 forent
1909 1707 2054 1755 supra
2077 1691 2335 1755 apostolos

590 1776 872 1824 confirmati.

661 1857 757 1905 Sed
780 1858 976 1905 ulterius
1000 1865 1235 1919 quantum
1260 1858 1322 1905 ad
1351 1865 1483 1904 tuam
1516 1858 1741 1919 logicam,
1767 1857 1927 1904 multis
1951 1856 2136 1904 videtur
2159 1855 2338 1918 proba-

478 1954 520 1974 ἃ·
591 1939 685 1986 bile
711 1938 843 2000 quod
868 1938 999 1985 idem
1023 1947 1108 1995 est,
1137 1938 1313 1995 ‘laicus
1337 1945 1498 2000 potest
1522 1937 1790 1995 conficere,'
1816 1946 1862 1985 et
1888 1941 1900 1962 ‘
1916 1938 2030 1985 satis
2055 1937 2143 1984 rite
2176 1942 2363 1999 potest.

592 2020 740 2066 laicus
771 2019 1008 2066 conficere
1024 2019 1052 2077 ς’
1104 2020 1190 2066 sed
1223 2020 1432 2080 primum
1468 2035 1528 2066 ex
1559 2019 1718 2080 logica
1751 2028 1835 2066 tua
1869 2018 2018 2066 debes
2054 2017 2336 2066 concedere.

593 2100 655 2147 Et
683 2101 855 2146 iterum
887 2100 1022 2147 multi
1058 2101 1211 2147 sancti
1245 2101 1507 2162 presbyteri
1544 2109 1653 2147 sunt
1688 2100 1878 2157 idiotae,
1903 2108 1951 2148 et
1986 2099 2068 2158 sic,
2093 2107 2146 2148 ut
2179 2100 2340 2162 placet

594 2181 897 2244 quibusdam,
923 2181 1030 2228 laici
1054 2189 1101 2229 et
1136 2182 1227 2243 ipsi
1261 2197 1406 2244 saepe
1439 2181 1713 2229 conficiunt.
1782 2181 1846 2228 Et
1870 2182 2042 2229 iterum
2066 2180 2336 2229 laborando

595 2264 645 2310 in
697 2263 1092 2324 aequivocatione
1141 2262 1497 2320 confectionis⁷‚
1547 2263 1916 2310 concedendum
1961 2263 2161 2320 videtur,
2203 2262 2340 2325 quod

595 2344 703 2392 laici
724 2344 999 2401 conficiunt,
1018 2345 1119 2390 imo
1139 2345 1272 2406 quod
1291 2353 1589 2402 consecrant,
1611 2345 1733 2392 sicut
1749 2346 1893 2392 beata
1907 2343 2119 2392 Caecilia
2136 2344 2340 2393 domum

596 2441 733 2473 suam
757 2425 1012 2472 ecclesiam
1036 2426 1344 2474 consecravit.
1416 2425 1525 2473 Imo
1551 2426 1697 2473 credo
1721 2427 1855 2488 quod
1878 2426 2035 2474 nescis
2067 2426 2338 2484 ostendere,

594 2507 729 2569 quod
753 2506 949 2568 quando
975 2505 1235 2554 Christiani
1262 2507 1507 2569 fregerunt
1530 2523 1683 2570 panes
1719 2509 1846 2555 cirea
1869 2508 2060 2567 domos,
2085 2514 2139 2555 ut
2166 2492 2357 2571 legitur*

594 2588 702 2635 Act.
727 2587 788 2644 ii.,
814 2588 947 2648 quod
970 2588 1034 2634 illi
1059 2603 1211 2650 panes
1236 2588 1363 2635 non⁸
1388 2597 1523 2637 erant
1559 2604 1734 2650 corpus
1760 2589 1950 2648 Christi,
1977 2596 2058 2637 aut
2081 2589 2216 2652 quod
2247 2589 2339 2638 soli

596 2668 804 2730 apostoli
831 2669 905 2715 vel
941 2670 1204 2731 presbyteri
1240 2671 1307 2718 sic
1342 2670 1574 2719 fecerunt.
1648 2670 1746 2719 Sed
1782 2671 2067 2720 dimittendo
2103 2671 2232 2719 istud
2265 2671 2340 2718 in-

598 2748 805 2796 certum⁹
852 2758 1054 2812 apparet
1100 2751 1232 2810 mihi,
1281 2752 1415 2814 quod
1463 2753 1738 2800 sacerdotes
1785 2760 1981 2801 sanctos
2027 2753 2166 2802 decet
2211 2753 2341 2802 istud

597 2830 822 2889 officium,
861 2847 975 2879 cum
1012 2832 1230 2881 Christus
1267 2833 1532 2896 specialiter
1566 2834 1771 2896 injungit
1806 2835 1876 2882 eis
1911 2835 1980 2882 sic
2014 2833 2188 2893 facere,
2225 2834 2343 2883 dum

596 2911 863 2971 annectit10,
902 2918 913 2938 ‘
930 2914 1038 2972 hoc,
1076 2916 1458 2977 quotiescunque
1493 2914 1712 2972 feceritis,
1755 2916 1807 2962 in
1847 2930 2011 2963 meam
2051 2917 2339 2964 memoriam

597 2994 858 3041 facietis¹¹.'
933 2994 1011 3042 Sic
1044 3011 1162 3058 ergo
1196 2996 1586 3058 quandocunque
1620 2996 1839 3044 Christus
1862 3005 2089 3059 operatur
2112 3013 2225 3046 cum
2247 2997 2338 3046 ho-

598 3075 742 3133 mine,
769 3083 816 3123 et
841 3076 999 3123 solum
1022 3085 1138 3124 tunc
1172 3077 1367 3124 conficit
1402 3085 1771 3136 sacramentum,
1797 3077 1930 3139 quod
1965 3078 2173 3141 reputari
2197 3079 2341 3127 debet

652 3231 667 3254 1
694 3232 748 3270 ab
767 3231 980 3284 opinione]
1001 3245 1027 3271 a
1046 3232 1345 3278 communione,
1366 3232 1520 3273 A.B.C.
1784 3233 1801 3256 ²
1827 3238 1944 3273 tuum
1962 3233 2116 3287 dicere]
2136 3234 2164 3274 i.
2172 3247 2208 3275 e.
2227 3239 2342 3276 tuam

599 3286 908 3343 expositionem.
1179 3287 1194 3309 3
1221 3287 1429 3340 ulteriora]
1449 3287 1642 3327 ulteriora
1661 3286 1769 3327 illius
1787 3288 1994 3334 materiae,
2014 3288 2171 3329 A.B.C.
2191 3289 2255 3329 ed.
2275 3303 2338 3342 pr.

597 3337 611 3360 ⁴
639 3340 814 3390 quaeris]
831 3340 940 3385 ideo,
961 3341 1024 3380 ed.
1044 3354 1130 3393 pr.;
1161 3341 1318 3392 quaeris
1337 3341 1443 3387 ideo,
1464 3341 1618 3382 A.B.C.
1820 3341 1836 3365 ⁵
1863 3342 2020 3394 autem]
2040 3342 2162 3388 enim,
2182 3343 2338 3384 A.B.C.

597 3393 659 3431 ed.
679 3406 740 3444 pr.
931 3395 946 3417 ⁶
975 3395 1324 3447 exercitationem]
1347 3395 1645 3441 excitationem,
1665 3395 1727 3435 ed.
1748 3409 1808 3448 pr.
2008 3396 2025 3419 ⁷
2051 3397 2338 3450 confectionis]

598 3448 925 3494 consecrationis,
945 3449 1008 3488 ed.
1028 3462 1089 3501 pr.
1282 3449 1296 3472 ⁸
1324 3449 1428 3501 non]
1450 3463 1531 3490 om.
1553 3450 1609 3490 D.
1820 3450 1835 3473 ⁹
1863 3450 2082 3503 incertum]
2102 3451 2262 3498 iterum,
2282 3451 2338 3491 D.

598 3500 632 3560 1⁰·
655 3502 850 3552 annectit]
870 3502 1066 3554 adjungit,
1086 3502 1242 3544 A.B.C.
1262 3503 1325 3544 ed.
1346 3517 1407 3556 pr.
1574 3505 1603 3529 1¹
1632 3503 1683 3544 cf.
1708 3515 1724 3543 1
1749 3504 1937 3545 Corinth.
1957 3505 2010 3544 xi.
2034 3517 2085 3557 24
2103 3517 2187 3557 sq.;
2216 3506 2340 3546 verba

599 3558 608 3574 ‘
622 3554 887 3595 m—-facietis’
908 3557 1053 3596 desunt
1072 3556 1114 3596 in
1134 3557 1238 3598 Cod.
1260 3558 1312 3597 A.
1331 3557 1394 3598 ed.
1414 3571 1489 3609 pr.·
