2462 4114
328 1292 557 1327 blasphemiam.

1084 409 1512 475 JOANNIS
1582 412 1946 463 WICLIF
2243 432 2399 462 unav.

647 546 826 595 habent
874 544 1234 594 certitudinem¹
1278 545 1340 594 de
1381 547 1516 595 bono
1565 555 1771 610 speram,
1812 546 1997 596 videtur
2035 544 2227 610 utique²
2266 545 2401 610 quod

646 627 813 675 fratres
838 627 1078 675 seminant
1111 626 1452 690 deceptionem
1485 628 1705 677 frivolam
1736 629 1993 691 utrobique
2002 627 2033 687 ³,
2059 635 2107 676 et
2138 626 2320 677 faciunt
2350 627 2402 674 in

646 708 774 757 facto
812 709 968 771 magis
1003 707 1357 757 fraudulentam
1393 710 1845 769 commutationem,
1882 724 2029 773 quam
2065 709 2106 758 si
2139 709 2403 758 venderent

645 790 830 839 catum*
858 790 909 837 in
942 804 1102 840 sacco,
1173 790 1405 840 Ementes
1438 791 1637 854 quidem
1669 792 1908 840 beneficia
1939 790 2288 840 ecclesiastica¹⁵
2313 789 2402 852 Sy-

644 872 892 920 moniace⁰
916 880 1029 922 sunt
1051 874 1198 936 positi
1221 874 1271 921 in
1306 889 1392 937 spe
1424 875 1701 938 propinqua
1731 874 1952 923 evidente
1985 889 2047 922 ex
2072 873 2403 943 contingentia

643 955 711 1002 rei
745 962 926 1017 gestae,
964 955 1051 1004 sed
1085 955 1307 1004 fratribus
1342 957 1546 1004 omnino
1584 956 1743 1005 deficit
1779 956 2018 1005 evidentia
2052 956 2104 1003 in
2140 970 2231 1005 suo
2266 969 2402 1004 com-

642 1037 852 1095 merci03
908 1038 1014 1099 quis
1055 1052 1173 1100 ergo
1214 1038 1284 1086 sic
1322 1045 1615 1086 mercaretur
1657 1053 1770 1087 cum
1810 1037 2046 1097 fratribus,
2081 1037 2159 1086 cui
2199 1035 2402 1086 scintilla

642 1116 869 1166 luminis⁷
894 1118 1008 1166 fidei
1032 1120 1342 1168 coruscaret?
2068 1135 2071 1138 ’

709 1198 835 1247 Item
870 1215 1018 1248 nemo
1052 1200 1220 1249 debet⁸
1252 1216 1560 1264 praesumere
1595 1200 1684 1249 sibi
1719 1199 1853 1263 quod
1877 1199 1987 1249 Deo
2023 1207 2096 1249 est
2130 1199 2398 1263 proprium,

643 1280 755 1342 quia
777 1280 872 1329 hoc
904 1280 1028 1330 foret
1062 1281 1317 1331 manifesta
1351 1282 1653 1346 blasphemia
1667 1298 1681 1342 ;
1730 1282 1816 1330 sed
1852 1280 2148 1330 concedere⁹
2183 1280 2399 1329 indiffer-

643 1368 777 1409 enter
811 1363 1085 1426 cuicunque
1119 1363 1299 1412 volenti
1335 1379 1497 1412 emere
1532 1363 1950 1426 participationem
1992 1362 2148 1411 meriti
2181 1361 2399 1420 fratrum,

642 1444 828 1492 videtur
858 1460 965 1494 esse
990 1446 1101 1494 Deo
1134 1446 1384 1510 proprium
1399 1461 1413 1507 3
1462 1461 1580 1510 ergo
1614 1446 1782 1495 fratres
1814 1460 1916 1494 non
1949 1445 2129 1494 debent
2160 1445 2210 1494 in
2233 1444 2399 1493 Deum

642 1526 840 1574 taliter¹⁰
873 1527 1224 1591 blasphemare,
1250 1543 1352 1577 non
1376 1529 1508 1576 enim
1532 1529 1651 1576 boni
1687 1527 1845 1591 angeli
1870 1523 1947 1576 vel
1968 1534 2217 1590 apostatae
2252 1527 2397 1575 talem

642 1623 858 1671 unquam
903 1609 1259 1673 blasphemiam
1311 1618 1751 1674 praesumpserunt.
1845 1608 2100 1672 Numquid
2154 1609 2398 1658 credimus

643 1689 777 1752 quod
811 1698 1010 1753 propter
1043 1691 1189 1739 talem
1232 1691 1603 1740 concessionem
1639 1690 1840 1739 fratrum
1881 1690 2156 1738 maniacam
2189 1689 2327 1738 Deus
2368 1704 2398 1737 a

643 1771 925 1819 rectitudine
950 1772 1142 1834 regulae
1163 1773 1372 1835 justitiae
1397 1772 1688 1821 declinabit?
1735 1771 1911 1820 Audivi
1935 1771 2132 1834 quidem
2156 1770 2397 1834 quosdam

644 1853 891 1901 maniacos
916 1867 1061 1916 super
1085 1854 1220 1902 bono
1245 1853 1499 1916 temporali
1524 1861 1570 1902 et
1595 1853 1796 1902 seculari
1821 1853 2040 1901 dominio
2066 1851 2280 1911 delirare,
2306 1850 2396 1901 sed

644 1948 746 1980 non
770 1933 928 1982 audivi
953 1933 1116 1983 alios¹1
1143 1935 1210 1983 sie
1244 1934 1602 1997 praesumendo
1635 1950 1687 1983 se
1706 1950 1814 1983 esse
1836 1934 2000 1982 Deum
2030 1933 2177 1983 tam¹²
2199 1933 2396 1982 horride

646 2013 992 2076 blasphemare.
1071 2014 1197 2064 Item
1237 2031 1299 2064 ex
1340 2015 1436 2064 fide
1479 2016 1809 2064 demonstrata
1849 2031 1879 2063 a
1921 2013 2202 2063 doctoribus
2244 2029 2395 2063 nemo

644 2103 803 2158 potest
844 2095 1108 2159 quidquam
1150 2097 1290 2145 alicui
1330 2097 1418 2145 rite
1465 2096 1750 2154 concedere,
1793 2096 1883 2145 nisi
1923 2095 2061 2144 Deus
2100 2095 2233 2159 prius
2280 2095 2396 2144 illud

645 2180 937 2228 concesserit
950 2196 964 2240 ;
1001 2179 1236 2244 quidquid
1259 2196 1376 2244 ergo
1401 2181 1569 2229 fratres
1593 2180 1868 2229 concedunt
1891 2179 2091 2239 homini,
2114 2179 2252 2229 Deus
2274 2179 2394 2228 illud

643 2262 774 2324 prius
810 2262 1060 2322 concedit;
1113 2278 1226 2310 cum
1260 2263 1404 2326 igitur
1439 2263 1693 2311 concessio
1737 2261 1897 2310 divina
1937 2276 2040 2310 non
2081 2260 2327 2325 dependet
2366 2277 2397 2310 a

642 2342 865 2391 fratribus
902 2358 994 2392 nec
1029 2345 1091 2391 ab
1126 2359 1297 2392 eorum
1332 2344 1524 2392 cartulis
1564 2343 1639 2391 vel
1680 2343 1860 2406 sigillis,
1895 2342 2080 2391 videtur
2120 2356 2231 2391 esse
2271 2342 2396 2391 ultra

642 2424 1090 2487 praesumptionem
1137 2424 1316 2473 diaboli
1369 2424 1638 2473 concedere
1684 2420 1991 2488 participium
2036 2423 2193 2472 meriti
2238 2423 2396 2488 hypo-

644 2506 788 2554 critae
814 2505 927 2554 sic¹⁸
957 2506 1143 2554 viantis,
1216 2506 1267 2554 Si
1291 2506 1422 2554 enim
1454 2521 1539 2554 rex
1563 2513 1779 2554 terrenus
1804 2505 2097 2554 concederet
2127 2505 2394 2569 quidquam

643 2601 733 2635 suo
769 2586 976 2646 subditO,
1004 2595 1051 2635 et
1088 2587 1425 2636 confirmando
1460 2603 1547 2650 per
1583 2595 1765 2636 cartam
1799 2586 2117 2650 postmodum
2153 2585 2394 2650 sigillaret,

641 2669 894 2731 quomodo
923 2684 1026 2717 non
1060 2667 1183 2717 foret
1220 2684 1382 2717 scurra
1417 2669 1477 2717 de
1502 2684 1589 2716 sua
1625 2669 1835 2731 coquina
1867 2666 2010 2716 stulto
2047 2667 2283 2726 stultitior,
2309 2668 2396 2730 qui

641 2765 786 2812 supra
820 2749 936 2798 illud
971 2750 1106 2813 quod
1140 2757 1301 2814 potest
1336 2749 1605 2799 concedere
1642 2750 1848 2812 sigillum
1884 2764 2025 2797 suum
2067 2748 2226 2811 sigillo
2266 2748 2393 2811 regis

641 2831 953 2893 apponeret1⁴
967 2847 981 2891 ;
1036 2839 1084 2879 et
1123 2831 1276 2880 multo
1324 2832 1481 2894 magis
1528 2831 1579 2878 in
1620 2831 1766 2879 literis
1813 2830 2012 2878 fratrum
2058 2830 2152 2878 ista
2197 2830 2394 2879 stultitia

639 2912 786 2961 habet
840 2912 1016 2961 locum.
1111 2912 1238 2961 Item
1289 2927 1437 2961 nemo
1491 2912 1634 2961 debet
1681 2912 1989 2961 stabilitatem
2038 2911 2152 2960 fidei
2196 2912 2248 2960 in
2295 2911 2392 2960 suis

640 2994 918 3056 proximis1⁵
958 2993 1261 3051 infirmare¹⁶,
1303 2994 1389 3042 sed
1435 2993 1531 3041 hoc
1577 2993 1629 3041 fit
1675 3008 1763 3055 per
1802 2992 1922 3040 tales
1969 2993 2130 3041 literas
2176 2992 2391 3050 fratrum,

694 3130 708 3155 ¹
737 3130 789 3171 de
807 3129 1243 3182 suo-certitudinem]
1266 3142 1347 3169 om.
1369 3127 1432 3175 B„
1453 3129 1507 3168 A.
1526 3127 1683 3182 primae
1701 3141 1857 3174 manus,
1877 3127 1940 3168 ed.
1960 3141 2022 3181 pr.
2185 3127 2203 3151 ⁹
2229 3128 2390 3181 utique]

639 3184 801 3236 ubique,
821 3185 867 3224 B.
889 3197 972 3225 om.
995 3185 1051 3224 D.
1216 3185 1231 3207 ⁸
1259 3182 1752 3235 seminant—utrobique]
1776 3196 1858 3222 om.
1879 3182 1983 3222 A.B.
2127 3180 2144 3205 ⁴
2170 3182 2392 3223 venderent

642 3239 797 3291 catum]
819 3239 1088 3279 venderentur
1105 3242 1234 3285 eatae,
1254 3238 1360 3278 A.B.
1647 3237 1663 3260 ⁵
1689 3236 1982 3289 ecclesiastica]
2004 3235 2210 3282 ecclesiae,
2231 3236 2390 3277 A.B.C.

640 3293 655 3315 ⁶
684 3292 946 3346 Symoniace]
967 3293 1075 3333 facta
1093 3292 1350 3344 symoniaca,
1371 3292 1444 3338 C.;
1475 3291 1720 3343 Symoniaci,
1740 3291 1803 3331 ed.
1823 3304 1885 3343 pr.
2056 3290 2072 3315 ⁷
2100 3290 2284 3343 luminis]
2305 3296 2399 3331 om.'

641 3346 703 3386 ed.
719 3360 780 3399 pr.
972 3348 988 3371 ⁸
1015 3346 1157 3398 debet]
1178 3351 1326 3399 potest,
1348 3347 1394 3386 B.
1415 3346 1571 3398 primae
1588 3357 1748 3391 manus,
1768 3345 1830 3385 ed.
1851 3359 1913 3399 pr.
2101 3344 2117 3367 ⁹
2146 3344 2388 3396 concedere]

642 3401 954 3447 communicare,
974 3402 1073 3441 B.C;
1093 3400 1156 3441 ed.
1176 3413 1238 3453 pr.
1403 3401 1435 3424 ¹⁰
1463 3398 1618 3451 taliter]
1639 3412 1721 3439 orn.
1744 3399 1798 3440 D.
1926 3398 1956 3423 ¹¹
1984 3398 2108 3451 alios]
2129 3411 2212 3438 om.
2232 3398 2388 3438 A.B.C.

643 3454 672 3476 ¹²
701 3454 804 3506 tam]
826 3461 868 3495 et
887 3461 986 3502 tarn,
1005 3454 1068 3495 ed.
1089 3468 1150 3532 pr.
1344 3453 1373 3477 ¹³
1400 3453 1478 3506 sic]
1500 3467 1582 3494 om.
1604 3453 1667 3493 ed.
1687 3466 1748 3505 pr.
1939 3453 1969 3478 ¹¹
1996 3451 2241 3506 apponeret]
2261 3464 2390 3505 appo-

643 3519 748 3552 nere,
769 3509 830 3548 ed.
855 3521 918 3560 pr.
1080 3510 1094 3532 ¹
1138 3509 1220 3548 suis
1240 3508 1455 3561 proximis]
1477 3521 1573 3548 suos
1591 3508 1814 3560 proximos,
1835 3506 1988 3548 A.B.C.
2009 3507 2071 3547 ed.
2091 3518 2154 3560 pr.
2270 3505 2302 3529 ¹⁶
2329 3507 2387 3545 in-

643 3560 819 3614 firmare]
841 3562 1031 3610 infucare,
1051 3563 1115 3604 ed.
1133 3575 1193 3616 pr.
2369 3566 2373 3567 ’

2134 3641 2320 3677 WICLIF
