2436 4094
320 436 422 502 184

989 440 1422 504 JOANNIS
1490 442 1843 493 WICLIF
2140 464 2305 495 maur.

555 575 688 638 quod
723 575 919 634 incuria,
944 577 1039 624 hoc
1075 585 1148 626 est
1182 578 1487 640 parvipensio
1513 578 1587 626 vel
1623 594 1725 626 non
1761 581 1944 628 curatio
1969 581 2090 644 legis
2114 579 2224 639 Dei,
2249 588 2301 630 et

552 665 807 719 peccatum
825 659 1151 721 quodcunque
1170 659 1354 708 actuale
1373 660 1436 708 ad
1454 660 1584 707 illam
1602 661 1926 724 consequitur.
1996 661 2096 711 Ubi
2115 676 2300 725 quaeso

552 747 624 786 est
648 739 806 802 major
828 740 1136 803 ingratitudo,
1162 756 1311 804 quam
1335 756 1554 789 amorem
1577 741 1832 790 terminare
1858 743 2060 792 finaliter
2083 744 2134 791 in
2167 757 2301 792 crea·

550 827 655 866 tura
689 820 888 882 abjecta,
914 828 961 869 et
985 820 1163 879 Deum,
1188 836 1336 884 quem
1367 822 1579 871 maxime
1613 822 1847 871 debemus
1879 838 2054 872 omnes
2085 823 2302 887 diligere,

550 914 651 947 non
676 900 835 949 solum
867 917 969 950 non
1002 903 1198 966 diligere
1235 903 1322 952 sed
1354 904 1523 952 odire?
1594 902 1693 963 Qui
1725 904 1857 952 enim
1891 905 1960 954 sic
1991 905 2299 968 blasphemat

549 982 599 1028 in
623 981 799 1041 Deum,
825 983 1061 1032 tradendo
1086 993 1329 1034 creaturae
1355 985 1662 1033 dilectionem
1693 1000 1818 1048 quae
1841 985 1951 1035 Deo
1983 987 2182 1050 propria
2211 994 2300 1045 est,

548 1063 691 1112 nimis
715 1065 929 1126 ingratus
953 1073 1026 1113 est
1062 1074 1108 1114 et
1143 1066 1455 1128 blasphemus
1489 1066 1706 1124 idolatra,
1732 1074 1779 1115 et
1814 1068 1882 1116 sic
1917 1067 2032 1116 facit
2066 1067 2150 1130 qui
2185 1068 2300 1116 sub-

547 1144 712 1194 trahit1
737 1145 829 1194 Dei
863 1146 1119 1206 servitium,
1154 1148 1408 1197 serviendo
1439 1149 1652 1198 indebite
1686 1157 1944 1198 creaturae.
2015 1147 2147 1198 Nam
2178 1148 2304 1197 fides

547 1228 809 1290 scripturae
858 1236 905 1276 et
951 1229 1088 1276 vivax
1135 1230 1256 1278 ratio
1304 1229 1476 1279 dictat²
1523 1232 1679 1290 nobis,
1728 1231 1862 1295 quod
1908 1231 2149 1280 subducto
2197 1230 2300 1279 otio

546 1309 779 1357 debemus
821 1310 1049 1359 continue
1092 1312 1266 1359 servire
1307 1311 1433 1360 Deo,
1503 1312 1635 1361 Nam
1676 1314 1798 1363 sicut
1840 1313 1940 1361 avis
1980 1313 2194 1361 nascitur
2233 1311 2299 1361 ad

545 1391 770 1449 volatum,
796 1392 864 1440 sic
888 1391 1040 1441 homo
1064 1393 1126 1441 ad
1150 1393 1381 1453 laborem,
1407 1402 1454 1442 et
1472 1393 1586 1443 hinc
1610 1396 1798 1458 positus
1818 1401 1891 1442 est
1913 1394 1964 1442 in
1981 1393 2225 1457 paradiSO,
2243 1399 2306 1442 ut?

545 1482 825 1536 operaretur
858 1474 989 1533 illud,
1026 1475 1148 1523 sicut
1185 1475 1356 1524 dicitur
1381 1475 1589 1525 Genesis
1613 1476 1658 1525 ii.
1735 1475 1785 1524 Si
1821 1490 1940 1538 ergo
1975 1476 2104 1524 beati
2139 1475 2300 1538 angeli

544 1554 902 1615 damnarentur,
939 1549 1031 1605 nisi
1068 1558 1297 1605 servirent
1332 1558 1560 1606 continue
1596 1566 1642 1605 et
1677 1558 1838 1606 debite
1874 1556 1985 1605 Deo
2021 1571 2126 1615 su0,
2159 1556 2301 1619 quod

544 1638 844 1700 privilegium
869 1648 1122 1687 excusaret
1146 1654 1237 1687 nos
1262 1640 1479 1697 miseros,
1507 1640 1546 1687 si
1571 1639 1912 1688 subtrahamus
1937 1639 2180 1687 servitium
2202 1637 2299 1686 Dei

545 1720 710 1778 nostri,
748 1735 861 1768 cum
897 1729 1113 1770 terrenus
1149 1721 1379 1769 dominus
1414 1721 1502 1770 ad3
1536 1721 1686 1769 instar
1720 1720 1816 1769 Dei
1850 1721 1988 1783 punit
2029 1728 2169 1769 acute
2203 1733 2297 1782 pro

545 1802 868 1850 subtractione
917 1804 989 1851 sui
1031 1804 1239 1852 servitii?
1318 1803 1440 1851 Ideo
1478 1803 1698 1851 otiositas
1745 1803 1795 1850 in
1841 1801 1935 1849 Dei
1982 1801 2173 1850 servitio
2220 1808 2298 1850 est

544 1898 728 1946 vorago
765 1885 981 1933 subtilius
1017 1885 1255 1934 devorans
1291 1885 1537 1934 otiantem.
1609 1883 1741 1932 Nam
1778 1883 1901 1932 sicut
1936 1882 2043 1945 plus
2068 1882 2296 1931 continue

543 1965 738 2012 incurrit
761 1967 918 2028 magis
943 1966 1171 2025 debitum,
1198 1967 1266 2015 sic
1300 1966 1528 2015 continue
1560 1973 1631 2014 est
1662 1964 1983 2028 profundatus
2007 1965 2057 2012 in
2081 1965 2295 2024 crimine,

543 2054 589 2094 et
630 2048 942 2110 impotentior
983 2049 1046 2096 ad
1089 2048 1492 2096 satisfaciendum.
1563 2046 1709 2095 Unde
1751 2046 1971 2094 diabolus
2013 2060 2116 2094 non
2150 2046 2298 2095 habet

543 2129 759 2176 medium
795 2129 844 2176 in
879 2129 1076 2177 homine
1112 2130 1269 2191 magis
1305 2137 1488 2192 aptum,
1514 2143 1662 2192 quam
1698 2128 1832 2190 quod
1855 2127 2037 2176 videat*
2060 2128 2221 2191 ipsum
2244 2129 2296 2176 in

543 2210 636 2258 Dei
673 2211 863 2258 servitio
899 2211 1122 2259 otiosum.
1201 2211 1264 2259 Et
1298 2210 1411 2259 hinc
1450 2210 1671 2259 diabolus
1706 2209 1860 2256 Evam
1895 2208 2051 2258 solam
2087 2217 2136 2258 et
2170 2224 2295 2272 quo-

544 2291 808 2340 dammodo
834 2293 1065 2340 otiantem
1092 2293 1368 2360 aggreditur
1392 2293 1455 2341 ad
1486 2292 1786 2340 tentandum.
1858 2290 1921 2340 Et
1954 2299 2063 2339 sunt
2096 2305 2196 2354 quo
2230 2291 2295 2340 ad

546 2373 684 2421 istam
704 2374 992 2421 sententiam
1012 2374 1189 2421 multae
1210 2374 1585 2422 concordantiae
1604 2374 1654 2420 in
1674 2374 1921 2436 scriptura,
1941 2381 1989 2420 et
2007 2373 2157 2420 multa
2175 2387 2295 2422 con-

544 2455 685 2513 silia5,
710 2463 788 2503 ut:
843 2460 854 2481 ‘
871 2455 1198 2518 quodcunque
1222 2463 1382 2518 potest
1415 2470 1589 2504 manus
1618 2463 1714 2514 tua,
1739 2456 1992 2504 instantius
2024 2453 2292 2518 opereris⁶.’

541 2536 688 2585 Unde
707 2537 852 2584 etiam
872 2537 1042 2584 dicitur
1061 2537 1238 2585 Ezech.
1259 2539 1350 2584 xvi.
1372 2538 1506 2600 quod
1524 2538 1645 2585 haec
1664 2537 1752 2585 fuit
1776 2537 2003 2600 iniquitas
2030 2536 2294 2597 Sodomae,

542 2619 762 2666 saturitas
787 2620 927 2680 panis
952 2619 1248 2667 abundantia
1272 2619 1368 2666 vini
1392 2627 1439 2667 et
1463 2620 1614 2667 otium
1623 2619 1656 2667 ⁷.
1725 2618 1788 2666 Et
1811 2619 1924 2667 hinc
1949 2617 2168 2667 Christus
2192 2627 2294 2668 tam

541 2702 711 2748 crebro
733 2708 903 2749 -monet
929 2715 1044 2750 suos
1071 2700 1335 2763 discipulos
1356 2701 1565 2763 vigilare.
1636 2699 1765 2749 Cum
1788 2700 1920 2748 enim
1952 2708 2123 2750 natura
2153 2709 2292 2750 natu-

540 2782 698 2831 raliter
734 2784 978 2845 operativa
1013 2783 1289 2830 naturaliter
1325 2784 1507 2846 appetit
1538 2782 1742 2846 operari,
1768 2782 1885 2830 dum
1915 2782 2050 2830 deest
2073 2783 2292 2846 operatio

543 2865 718 2923 debita,
745 2873 905 2927 potest
930 2865 990 2912 de
1016 2865 1142 2913 facili
1179 2864 1241 2913 ad
1266 2865 1602 2927 operationem
1630 2864 1895 2912 indebitam
1923 2864 2156 2923 inclinari,
2180 2873 2229 2914 et
2252 2866 2293 2914 si

541 2947 692 3008 sapiat
726 2947 990 3008 quidquam
1023 2946 1304 3003 indebitum,
1331 2947 1499 2994 transit
1523 2961 1583 2993 ex
1615 2961 1707 2993 usu
1739 2946 2102 2995 consuetudinis
2134 2947 2184 2994 in
2208 2946 2292 2995 de-

540 3028 774 3075 lectabile.
845 3029 966 3075 Ideo
1002 3028 1168 3074 dicunt
1203 3027 1495 3089 philosophi,
1521 3027 1655 3089 quod
1675 3042 1790 3074 usus
1823 3035 1895 3075 est
1927 3027 2074 3075 altera
2104 3036 2289 3087 natura,

543 3108 697 3157 unde⁸
739 3109 995 3172 prudentia
1036 3109 1371 3171 applicationis
1420 3108 1483 3155 ad
1530 3123 1655 3170 opus
1703 3108 1920 3156 debitum
1965 3116 2039 3156 est
2077 3111 2288 3159 maxime

539 3190 851 3249 attendenda,
878 3198 925 3238 et
950 3190 1220 3254 specialiter
1243 3196 1295 3238 ut
1320 3189 1500 3237 dictum
1526 3198 1611 3247 est,
1636 3197 1688 3237 ut
1721 3189 1772 3237 in
1804 3190 2030 3239 omnibus
2062 3191 2290 3254 operibus

592 3382 604 3404 ¹
635 3382 857 3435 subtrahit]
880 3383 1082 3423 subtrahit
1102 3383 1192 3428 sibi,
1212 3383 1274 3423 ed.
1295 3396 1357 3435 pr.
1581 3382 1596 3406 ²
1623 3383 1772 3436 dietat]
1792 3383 1961 3429 dictant,
1982 3384 2044 3429 C„
2065 3383 2111 3423 B.
2132 3384 2288 3436 primae

539 3449 695 3482 manus,
716 3437 780 3476 ed.
800 3451 863 3489 pr.
1095 3438 1110 3460 ³
1139 3438 1193 3477 ad
1212 3437 1358 3489 instar]
1378 3438 1518 3483 instar,
1539 3439 1602 3478 ed.
1623 3452 1684 3491 pr.
1904 3437 1918 3460 ⁴
1945 3437 2101 3490 videat]
2121 3438 2289 3484 viderat,

540 3491 602 3528 ed.
623 3504 683 3541 pr.
867 3492 882 3515 ⁵
910 3492 1101 3543 consilia]
1124 3492 1283 3538 similia,
1305 3492 1377 3538 B.;
1407 3492 1646 3538 consimilia,
1666 3492 1728 3532 ed.
1749 3505 1810 3544 pr.
2027 3491 2044 3515 ⁶
2071 3492 2288 3533 instantius

544 3545 742 3596 opereris]
763 3545 962 3586 instanter
981 3559 1164 3600 operare,
1185 3547 1364 3592 A.B.C.;
1396 3546 1447 3586 cf.
1469 3546 1732 3586 Ecclesiastes
1751 3547 1804 3587 ix.
1829 3557 1891 3587 10.
1998 3546 2014 3569 ⁷
2042 3547 2288 3588 saturitas-

543 3597 693 3650 otium]
716 3612 797 3638 om.
820 3601 882 3639 ed.
903 3614 963 3653 pr.
1184 3601 1199 3624 ⁸
1227 3601 1354 3654 unde]
1376 3601 1484 3642 unde
1503 3601 1566 3649 de,
1586 3601 1649 3641 ed.
1669 3614 1730 3654 pr.
