2436 4094
1044 395 1473 461 JOANNIS
1530 393 1880 447 WICLIF
2190 411 2332 441 mnu.

583 540 832 582 erraverat.
911 531 1202 578 Democritus
1237 530 1416 588 autern,
1447 529 1604 587 Plato,
1637 530 1949 592 Augustinus,
1975 528 2333 584 Lz‘ncolm'enszk,

584 615 666 677 qui
701 615 766 660 ita
802 620 1068 669 senserant,
1096 620 1206 659 sunt
1242 612 1388 674 longe
1426 611 1652 659 clariores
1689 609 1981 673 philosophi,
2007 617 2055 658 et
2088 610 2140 657 in
2174 608 2336 656 multis

583 693 967 755 methaphisicis¹
989 694 1198 741 scientiis
1222 692 1329 755 plus
1355 691 1680 755 splendentes.
1751 691 1872 739 Ideo
1899 690 2096 754 quando
2115 690 2334 747 assumis,

587 775 720 838 quod
739 774 875 821 vivax
900 775 1021 821 ratio
1039 774 1113 821 vel
1137 773 1483 821 demonstratio
1509 771 1883 835 methaphisica²
1901 771 2196 830 contradicit,
2217 770 2335 818 false

588 857 726 918 petis,
752 854 829 901 ut⁸
854 855 1076 912 assoles⁴‚
1098 855 1295 917 quando
1319 855 1404 902 tibi
1430 854 1658 902 deficiunt
1681 860 1978 915 argumenta.
2049 852 2182 900 Sicut
2205 853 2336 900 enim

584 936 817 984 ternarius
843 950 944 982 non
970 943 1043 983 est
1075 935 1318 983 divisibilis
1351 936 1401 982 in
1434 936 1554 983 duas
1588 934 1868 982 medietates
1901 933 2127 996 aequales
2153 933 2335 996 simpli-

585 1019 714 1074 citer,
744 1018 812 1064 sic
838 1017 1061 1064 sensibile
1082 1015 1379 1064 ‘continuum
1413 1033 1473 1064 ex
1506 1017 1721 1079 partibus
1753 1015 2117 1063 indivisibilibus
2140 1015 2335 1077 impari-

582 1100 673 1146 bus
720 1098 1025 1159 integratum.
1111 1098 1174 1145 Et
1220 1098 1332 1145 hinc
1379 1096 1743 1155 mathematici⁵‚
1793 1098 1875 1159 qui
1923 1111 2035 1144 cum
2081 1096 2177 1144 hoc
2224 1103 2337 1144 sunt

584 1179 833 1228 sensibiles
858 1179 1149 1242 philosophi,
1174 1186 1350 1227 vocant
1373 1179 1491 1227 tales
1515 1186 1678 1241 partes
1704 1178 1962 1240 compositi
1989 1182 2000 1203 ‘
2016 1178 2122 1240 ejus
2153 1177 2336 1226 medie-

583 1268 703 1309 tates
729 1261 1050 1308 communiter
1073 1259 1365 1318 intellectas,'
1391 1275 1596 1323 quarum
1619 1275 1718 1307 una
1749 1259 2088 1307 insensibiliter
2110 1259 2185 1307 vel
2210 1258 2336 1307 indi-

583 1341 827 1390 visibiliter
873 1341 1089 1389 excedit⁶
1137 1342 1294 1389 aliam.
1382 1341 1528 1388 Unde
1576 1341 1734 1404 major
1778 1355 1893 1403 pars
1940 1347 2336 1403 argumentorum

583 1431 776 1470 tuorum
812 1437 915 1470 non
955 1423 1064 1485 plus
1102 1423 1323 1485 procedit
1358 1431 1528 1470 contra
1564 1422 1976 1484 compositionem
2013 1421 2231 1470 continui
2273 1437 2335 1469 ex

585 1518 687 1550 non
710 1496 929 1567 quantiS,‘
943 1519 1091 1566 quam
1115 1512 1285 1551 contra
1310 1504 1718 1566 compositionem
1742 1503 1931 1551 numeri
1963 1517 2026 1551 ex
2057 1503 2335 1551 unitatibus,

586 1585 708 1632 Ideo
757 1584 923 1632 dicunt
970 1585 1221 1633 sensibiles
1268 1585 1561 1647 philosophi,
1606 1585 1740 1647 quod
1785 1584 1952 1632 talium
1994 1585 2337 1633 continuorum

587 1666 747 1728 aliqua
769 1681 881 1728 pars
916 1674 987 1714 est
1019 1666 1234 1728 aliquota
1263 1682 1362 1728 quo
1396 1666 1457 1713 ad
1480 1666 1658 1723 Deum,
1684 1681 1808 1728 quae
1839 1681 1942 1713 non
1973 1674 2046 1713 est
2077 1666 2220 1714 nobis
2253 1665 2337 1713 ali-

587 1754 748 1809 quota,
785 1754 832 1794 et
874 1747 966 1794 alia
1003 1748 1287 1795 sensibiliter
1329 1748 1555 1810 aliquota,
1593 1756 1640 1795 et
1679 1749 1747 1795 sic
1787 1748 2143 1810 distinguuntur
2177 1755 2338 1810 partes

589 1828 1051 1875 commensurabiles
1099 1836 1146 1876 et
1192 1837 1354 1891 partes
1402 1829 1931 1877 incommensurabiles.
2026 1828 2337 1877 Indivisibilia

589 1916 751 1955 autem
787 1923 890 1955 non
927 1916 1038 1955 sunt
1073 1917 1236 1971 partes
1279 1910 1519 1971 aliquotae
1556 1918 1604 1957 et
1640 1910 2103 1958 commensurabiles
2133 1902 2238 1972 'quo
2274 1909 2338 1958 ad

589 2002 681 2035 nos
707 1989 943 2036 sensibilis
974 1990 1203 2047 continui,
1230 1998 1341 2038 sunt
1374 1999 1536 2037 autem
1560 1998 1719 2052 partes
1745 1991 1987 2053 aliquotae
2012 1999 2061 2039 et
2085 2005 2337 2039 commen-

590 2069 819 2117 surabiles
855 2084 954 2132 quo
990 2069 1053 2117 ad
1088 2070 1264 2119 Deum.
1335 2070 1630 2134 Exemplum
1665 2079 1797 2134 patet
1834 2072 1894 2120 de
1930 2072 2110 2136 angulo
2134 2062 2337 2120 'contin-

589 2150 793 2213 gentiae,
821 2151 902 2212 qui
927 2152 1151 2213 quotiens
1175 2152 1380 2201 volueris
1405 2153 1454 2199 in
1478 2153 1657 2214 angulo
1690 2153 1936 2201 rectilineo
1971 2154 2258 2212 continetur,
2281 2161 2336 2201 ut

589 2239 721 2294 patet
744 2232 792 2278 in
816 2232 956 2279 tertio
983 2232 1330 2280 elementorum
1354 2232 1570 2281 Euclide&
1579 2235 1609 2291 ⁷,
1635 2243 1683 2281 et
1706 2243 1870 2282 tamen
1896 2243 2080 2282 certum
2104 2243 2191 2293 est,
2217 2249 2338 2297 quo—

592 2311 938 2375 modocunque
961 2312 1219 2375 loquamur
1242 2313 1302 2361 de
1328 2314 1554 2376 angulis⁸‚
1581 2315 1785 2378 angulus
1811 2316 2196 2377 contingentiae⁹
2221 2331 2340 2364 con-

588 2393 763 2440 tinetur
786 2393 836 2439 in
873 2409 1165 2456 quocunque
1201 2395 1381 2457 angulo
1413 2397 1657 2444 rectilineo
1693 2397 1853 2444 solum
1889 2397 2117 2446 finicies¹⁰
2140 2413 2240 2461 quo
2277 2398 2340 2445 ad

589 2473 765 2520 Deum.
843 2474 906 2522 Et
937 2490 1038 2537 quo
1071 2476 1133 2523 ad
1165 2477 1570 2538 compositionem
1603 2479 1735 2525 orbis
1766 2478 1919 2525 ultimi
1952 2493 2010 2526 ac
2038 2479 2144 2542 ejus
2169 2493 2339 2527 curva*-

589 2555 772 2602 tionem
795 2556 844 2602 in
871 2570 958 2603 sua
983 2557 1383 2615 circumferentia,
1411 2567 1596 2606 certum
1623 2566 1696 2607 est
1721 2559 1855 2622 quod
1883 2549 2012 2622 jacet
2045 2561 2340 2623 compositio

593 2635 861 2683 secundum
887 2637 1020 2699 quod
1043 2653 1131 2700 per
1154 2647 1375 2687 naturam
1399 2640 1759 2688 indivisibilium
1790 2648 2105 2689 mensuratur.
2178 2641 2343 2690 Modi-

589 2731 702 2764 cum
727 2718 925 2780 quidem
949 2727 1034 2776 est,
1062 2720 1197 2782 quod
1232 2735 1386 2768 unum
1421 2736 1508 2783 per
1531 2736 1810 2770 mensuram
1834 2721 2167 2771 indivisibilem
2202 2738 2344 2771 exce-

588 2798 697 2845 dit¹¹
718 2799 954 2862 reliquum
974 2816 1072 2863 quo
1096 2801 1158 2848 ad
1177 2802 1575 2863 magnitudinem,
1595 2803 1985 2865 obliquitatem12,
2003 2804 2339 2862 curvitatem¹⁸,

556 2886 560 2957 3
586 2879 660 2927 vel
700 2880 815 2928 alias
846 2881 1125 2944 hujusmodi
1157 2884 1424 2945 passiones.
1496 2882 1602 2931 Nec
1639 2893 1832 2947 oportet
1863 2885 2067 2933 multum
2100 2885 2341 2934 sollicitari

643 3098 654 3121 ¹
686 3099 1015 3152 methaphisicis]
1037 3100 1349 3146 mathematicis,
1370 3100 1481 3140 A.D.
1659 3100 1674 3123 ²
1701 3100 2016 3154 methaphisica]
2037 3101 2339 3148 mathematica,

557 3197 559 3206 Ι
593 3152 704 3192 A.D.
815 3154 830 3176 ³
860 3154 925 3206 ut]
939 3167 1028 3200 nec,
1045 3155 1108 3194 ed.
1128 3168 1190 3207 pr.
1307 3154 1323 3176 4
1349 3153 1521 3206 assoles]
1536 3153 1773 3200 confundas,
1795 3155 1855 3200 B.,
1872 3156 1922 3194 A.
1943 3156 2099 3207 primae
2117 3169 2273 3202 manus,
2295 3158 2344 3198 C.

557 3207 559 3253 ξ
588 3207 789 3247 secundae
808 3221 965 3248 manus.
1159 3209 1174 3231 ⁵
1200 3208 1499 3260 mathematici]
1521 3208 1816 3261 methaphisici,
1836 3209 1900 3249 ed.
1921 3223 1981 3261 pr.
2003 3223 2096 3249 cum
2117 3211 2165 3250 C.
2185 3211 2341 3263 primae

557 3262 559 3296 Ι
588 3273 744 3300 manus.
952 3262 967 3285 ⁶
995 3262 1170 3314 excedit]
1191 3263 1389 3315 procedit,
1410 3263 1473 3302 ed.
1488 3276 1549 3315 pr.
1783 3263 1798 3284 ⁷
1825 3262 2118 3303 elementorum
2138 3264 2338 3317 Euclidis]

588 3313 849 3354 elenchorum
870 3316 1093 3356 secundum
1113 3316 1338 3362 Euclidem,
1358 3317 1420 3356 ed.
1444 3330 1505 3368 pr.
1627 3316 1641 3338 ⁸
1669 3315 1884 3368 loquamur
1902 3317 1954 3356 de
1971 3317 2151 3370 angulis]
2172 3317 2341 3370 loquan-

588 3373 654 3406 tur
673 3368 724 3407 de
743 3369 908 3420 angulo,
930 3371 993 3409 ed.
1013 3383 1074 3422 pr.
1185 3371 1200 3394 ⁹
1229 3370 1551 3422 contingentiae]
1575 3371 1861 3417 continentiae,
1875 3371 1937 3410 ed.
1954 3384 2020 3433 pr.
2131 3371 2162 3394 ¹⁰
2189 3371 2341 3413 finicies

588 3420 666 3460 h.e.
687 3421 811 3461 finitis
839 3423 1008 3469 vicibus,
1030 3437 1061 3464 s.
1082 3423 1124 3463 in
1153 3437 1366 3465 numerum
1395 3424 1567 3470 finitum,
1587 3424 1700 3464 verbi
1725 3424 1856 3464 forma
1875 3425 1996 3464 simili
2018 3424 2150 3464 verbis
2173 3426 2340 3472 ‘decies,

588 3474 761 3521 millies,’
776 3482 852 3516 etc.
990 3478 1019 3501 ¹¹
1048 3479 1224 3530 excedit]
1246 3478 1426 3524 excedat,
1448 3478 1503 3517 D.
1668 3478 1698 3502 ¹²
1725 3478 2028 3530 obliquitatem]
2049 3477 2340 3531 obliquantem,

557 3559 559 3570 ξ
588 3527 651 3565 ed·
671 3541 730 3579 pr.
898 3530 927 3553 ¹³
956 3532 1214 3585 curvitatem]
1236 3532 1504 3578 curvedinem,
1524 3532 1587 3573 ed.
1607 3545 1682 3585 pr„
1703 3533 1752 3572 C.
1772 3531 1926 3585 primae
1945 3545 2100 3578 manus,
2122 3533 2177 3572 D.
