2436 4094
350 450 448 499 142

1063 346 2322 371 *mm—Q

1031 436 1452 499 JOANNIS
1522 440 1866 489 WICLIF
2172 464 2330 494 LIB.111.

580 584 685 617 esse
702 569 888 627 volitae‚
905 578 951 617 et
967 570 1150 632 ipsum¹
1168 571 1414 619 diabolum
1430 574 1646 635 oportet2
1661 575 1778 623 velle
1795 591 1933 624 suam
1949 578 2328 639 damnationem,

580 665 692 697 cum
717 651 777 699 sit
802 666 948 699 causa
967 653 1096 714 J'usta
1128 660 1315 701 tantum
1347 655 1586 703 mundum
1619 657 1971 718 pulchrificans,
1997 661 2143 709 etiam
2175 671 2330 711 semet

578 732 764 792 ipsum:
801 748 914 780 cum
947 734 1215 782 secundum
1240 734 1574 798 Augustz'num,
1609 739 1647 785 si
1680 749 1950 788 remaneret
1981 742 2178 805 aliquod
2212 758 2328 806 pec-

578 823 679 861 tum
697 814 1002 876 impunitum,
1025 815 1353 878 deturparetur
1370 819 1664 878 universitas,
1684 836 1785 868 non
1805 837 1958 884 aeque
1977 824 2134 885 primo
2155 838 2326 873 secun*

578 896 695 942 dum
720 911 770 943 se
794 902 964 954 totum,
991 897 1079 944 sed
1104 898 1371 945 secundum
1396 907 1583 961 partem
1607 910 1908 963 peccantem.
1979 904 2102 952 Ideo
2133 913 2327 967 oportet

577 977 863 1035 concedere,
889 977 1024 1039 quod
1048 993 1209 1041 poena
1239 979 1418 1028 inflicta
1450 981 1606 1042 ipsam
1638 991 1826 1044 partem
1857 984 2171 1046 pulchrificat,
2203 986 2326 1035 sicut

576 1066 649 1106 est
668 1059 794 1121 juste
821 1066 868 1106 et
892 1059 1089 1121 pulchre
1109 1061 1278 1123 punita
1302 1077 1331 1109 a
1353 1061 1464 1110 Deo
1491 1071 1538 1110 et
1561 1064 1782 1112 ordinata
1802 1066 2096 1128 Justissime⁸
2120 1067 2186 1116 ita
2209 1069 2323 1131 pati.

575 1139 637 1186 Et
654 1141 720 1190 ita
740 1141 778 1191 si
799 1141 1019 1189 diabolus
1037 1157 1122 1203 per
1137 1142 1434 1204 impossibile
1453 1152 1578 1192 esset
1596 1146 1782 1206 positus
1801 1147 1851 1193 in
1870 1147 2173 1210 adoptione&
2190 1149 2325 1212 quod

576 1232 830 1286 peccatum
868 1238 1010 1270 suum
1043 1232 1238 1271 maneat
1280 1224 1571 1286 impunitum
1614 1227 1687 1274 vel
1723 1228 1859 1289 quod
1899 1229 1967 1276 sic
2003 1231 2228 1291 puniatur
2261 1229 2325 1278 ad

574 1307 805 1370 regulam,
832 1307 935 1368 ipse
960 1305 1104 1353 debet
1129 1306 1396 1354 secundum
1428 1307 1615 1370 eligere,
1643 1310 1777 1370 quod
1810 1311 1849 1357 si
1874 1325 1976 1358 non
2007 1319 2182 1373 potest,
2207 1319 2324 1361 tunc

574 1389 888 1436 insolubiliter
931 1396 1004 1435 θεῖ
1046 1387 1316 1436 damnatus.
1389 1387 1716 1452 Multipliciter
1754 1398 1919 1438 tamen
1957 1391 2126 1440 dicitur
2162 1408 2324 1456 poena

574 1471 773 1533 peccati,
799 1478 850 1517 ut
875 1470 1033 1532 aliqua
1057 1477 1129 1516 est
1152 1484 1315 1531 poena
1339 1470 1504 1517 damni
1525 1478 1572 1517 et
1596 1471 1687 1518 alia
1711 1487 1873 1534 poena
1897 1488 2082 1522 sensus.
2154 1474 2323 1522 Poena

574 1560 734 1599 autem
759 1550 924 1597 damni
958 1550 1272 1598 essentialiter
1305 1551 1614 1613 consequitur
1638 1552 1700 1599 ad
1731 1561 2001 1614 peccatum,
2025 1563 2078 1602 ut
2112 1555 2153 1602 si
2187 1570 2321 1603 crea·
2359 1578 2362 1581 ·

573 1641 678 1680 tura
724 1640 894 1695 peccat
939 1631 1064 1690 De0,
1114 1632 1175 1680 de
1221 1640 1356 1680 tanto
1404 1641 1475 1681 θεῖ
1522 1634 1610 1681 sibi
1662 1634 1984 1697 deacceptata,
2033 1651 2145 1684 cum
2186 1636 2322 1685 Deus

573 1715 843 1777 approbare
875 1728 977 1760 non
1009 1715 1198 1775 poterit,
1225 1714 1359 1776 quod
1384 1715 1452 1762 sic
1484 1723 1666 1776 peccet.
1739 1715 1846 1764 Nec
1870 1716 2006 1765 Deus
2029 1725 2189 1780 potest
2213 1733 2322 1766 esse

573 1796 865 1853 indifferens,
899 1810 1011 1842 cum
1045 1796 1104 1843 sit
1137 1795 1461 1857 omnipotens,
1494 1803 1556 1854 et,
1593 1804 1646 1844 ut
1678 1797 1844 1845 dicunt
1878 1798 2169 1864 philosophi,
2207 1800 2323 1848 sibi⁶

573 1878 631 1925 sit
656 1892 770 1924 cura
795 1876 856 1924 de
879 1877 1134 1935 omnibus3
1172 1876 1283 1923 ideo
1308 1877 1601 1938 relinquitur,
1629 1877 1763 1940 quod
1796 1894 1856 1926 eo
1888 1879 1995 1941 ipso
2025 1881 2159 1942 quod
2187 1895 2320 1929 crea-

573 1966 679 2005 tura
717 1957 812 2005 Dei
852 1958 1135 2019 peccaverit,
1179 1957 1239 2004 de
1280 1966 1415 2005 tanto
1452 1958 1587 2006 Deus
1629 1974 1738 2007 eam
1774 1959 2058 2023 deacceptat
2093 1962 2166 2010 vel
2201 1962 2317 2011 odit.

573 2039 680 2088 Nec
714 2039 912 2086 dubium
938 2039 1054 2100 quin
1087 2039 1166 2086 illa
1197 2039 1529 2102 deacceptatio
1554 2040 1627 2087 vel
1652 2041 1818 2088 odium
1851 2049 1922 2089 est
1945 2042 2185 2090 infinitum
2209 2058 2319 2105 gra-

571 2122 674 2168 vior
697 2136 871 2183 poena,
897 2135 1045 2182 quam
1070 2121 1229 2183 aliqua
1254 2136 1415 2183 poena
1440 2137 1625 2179 sensus,
1652 2137 1763 2169 cum
1788 2122 2006 2172 Christus
2037 2139 2208 2186 passus
2231 2124 2319 2173 fuit

572 2203 835 2250 maximam
883 2217 1096 2264 poenam
1144 2217 1326 2260 sensus,
1370 2211 1416 2251 et
1464 2211 1661 2265 propter
1706 2203 1936 2251 malitiam
1984 2220 2174 2268 poenae
2214 2221 2317 2255 non

570 2284 771 2346 poterit⁶
795 2284 892 2346 pati
915 2283 1195 2345 hujusmodi
1218 2298 1432 2346 poenam
1465 2284 1642 2332 damni.
1714 2285 1836 2333 Ideo
1869 2286 2056 2348 positus
2089 2289 2139 2335 in
2163 2288 2316 2351 adop-

569 2368 700 2414 tione
734 2366 895 2428 potius
929 2365 1123 2427 eligeret
1156 2380 1496 2428 quamcunque
1532 2381 1747 2428 poenam
1782 2381 1953 2415 sensus
1985 2368 2314 2431 infligendam,

568 2464 716 2511 quam
741 2448 950 2509 aliquam
974 2447 1256 2509 hujusmodi»
1287 2462 1502 2509 poenam
1534 2447 1714 2505 damni,
1740 2462 1851 2495 cum
1874 2448 1967 2495 illi⁷
1989 2463 2092 2496 non
2124 2449 2315 2512 Ροεεθῖ8

566 2531 738 2587 inesse,
764 2529 854 2576 nisi
878 2536 1132 2590 peccatum
1158 2536 1375 2576 causaret
1399 2529 1584 2590 ipsam;
1621 2536 1669 2576 et
1692 2537 1948 2591 peccatum
1980 2538 2053 2578 est
2075 2531 2314 2579 infinitum

566 2612 704 2673 pejus
741 2625 887 2672 quam
923 2610 1084 2671 aliqua
1118 2617 1348 2667 creatura,
1374 2625 1486 2657 cum
1523 2609 1658 2658 Deus
1694 2612 1932 2672 approbat
1965 2620 2067 2660 tam
2100 2627 2314 2674 poenam

566 2707 735 2740 sensus
761 2707 908 2754 quam
933 2706 1145 2753 poenam
1170 2691 1349 2738 damni.
1423 2690 1522 2739 Sed
1545 2690 1680 2739 Deus
1717 2693 1986 2754 approbare
2011 2707 2112 2740 non
2137 2694 2313 2756 poterit

564 2773 699 2836 quod
723 2774 830 2835 quis
864 2780 1048 2836 peccet,
1074 2773 1188 2834 quia
1218 2779 1334 2819 tunc
1367 2771 1519 2820 homo
1551 2772 1747 2821 deberet
1770 2788 1972 2835 peccare
1996 2782 2044 2822 et
2072 2789 2175 2822 non
2197 2789 2312 2838 pec-

564 2870 686 2903 care.
757 2855 821 2902 Et
856 2855 917 2901 ad
951 2869 1267 2902 communem
1301 2854 1591 2912 instantiam,
1618 2869 1715 2916 qua
1751 2855 1809 2902 sit
1843 2846 2080 2918 arguitur3
2117 2860 2311 2904 ‘verum

562 2944 646 2995 est,
683 2936 817 2999 quod
851 2935 1020 2983 Petrus
1055 2943 1240 2997 peccat,
1276 2943 1324 2982 et
1359 2949 1505 2981 omne
1541 2950 1706 2982 verum
1733 2943 1814 2983 'est
1850 2951 1879 2984 a
1912 2936 2022 2984 Deo
2059 2939 2311 3000 cognitum

563 3025 707 3079 atque
731 3017 945 3077 volitum,
973 3031 1091 3078 ergo
1117 3023 1190 3063 est
1215 3032 1243 3063 a
1266 3015 1376 3063 Deo
1402 3016 1601 3063 volitum
1638 3016 1771 3078 quod
1804 3017 1872 3065 sic
1897 3018 2096 3079 peccet‚'
2122 3018 2307 3078 dicitur,

563 3098 694 3160 quod
718 3098 1063 3159 consequentia
1087 3112 1190 3144 non
1213 3097 1350 3154 valet,
1378 3097 1464 3144 sed
1487 3098 1614 3144 bene
1647 3097 1872 3158 sequitur,
1898 3099 2031 3161 quod
2054 3100 2169 3148 illud
2193 3115 2307 3163 pec-

563 3187 722 3226 catum
747 3187 818 3227 est
852 3195 881 3227 a
903 3179 1015 3226 Deo
1048 3178 1261 3235 volitum,
1285 3178 1335 3223 de
1364 3183 1530 3239 quanto
1554 3185 1626 3225 est
1661 3194 1690 3226 a
1712 3178 1823 3226 Deo
1855 3180 2053 3228 volitum
2088 3182 2221 3244 quod
2246 3183 2306 3231 sit

563 3261 783 3322 punitum
814 3268 862 3308 et
894 3260 1046 3323 prosit
1078 3259 1308 3307 ecclesiae
1323 3275 1336 3318 3
1386 3267 1433 3306 et
1466 3259 1583 3306 illud
1613 3268 1810 3308 vocatur
1845 3265 1980 3309 ‘esse
2013 3262 2303 3311 secundum'

616 3425 627 3447 ¹
657 3429 697 3463 et
716 3423 869 3476 ipsum]
890 3428 931 3464 et
950 3423 1075 3463 etiam
1094 3423 1240 3475 ipsum,
1260 3423 1322 3462 ed.
1343 3436 1404 3475 pr.
1587 3422 1603 3445 ²
1629 3422 1763 3475 ipsum
1782 3422 1992 3462 diabolum
2012 3423 2194 3476 oportet]
2215 3425 2304 3478 ipse

562 3477 749 3517 diabolus
768 3478 902 3522 debet,
923 3480 973 3517 D.
1083 3477 1098 3499 ³
1122 3477 1362 3529 justissime]
1373 3476 1492 3528 juste,
1507 3477 1661 3517 A.B.C.
1770 3475 1789 3526 ’ἶ
1811 3477 2054 3529 adoptione]
2070 3478 2301 3530 adeptione,

564 3530 626 3569 ed.
647 3545 731 3582 pr.;
761 3532 832 3571 i.e.
854 3532 887 3570 si
908 3532 1023 3583 optio
1043 3532 1079 3571 ei
1100 3532 1195 3570 data
1215 3537 1333 3571 esset.
1408 3531 1423 3554 ⁵
1451 3531 1548 3583 sibi]
1571 3544 1664 3571 cum
1684 3531 1773 3577 sibi,
1787 3530 1940 3570 A.B.C.
1957 3531 2020 3570 ed.
2040 3544 2101 3583 pr.
2185 3532 2202 3555 ⁶
2229 3546 2303 3585 po-

563 3584 674 3635 terit]
696 3590 868 3635 poterat,
891 3586 995 3625 A.C.
1103 3585 1118 3607 ⁷
1147 3585 1225 3636 illi]
1247 3585 1330 3630 illa,
1351 3585 1502 3625 A.B.C.
1524 3585 1587 3625 ed.
1609 3598 1668 3636 pr.
1779 3585 1793 3607 ⁸
1821 3584 1978 3636 posset]
1993 3591 2142 3637 potest,
2156 3586 2217 3627 ed.
2239 3599 2300 3640 pr.
