2496 4108
130 434 281 472 w.»
731 420 1298 474 TRIALOGUS.
2022 440 2131 498 315

858 778 1014 830 CAP.
1052 781 1164 831 XX.

606 908 976 960 Matrimonium
1000 913 1119 975 quid
1123 913 1320 976 proprie
1342 915 1418 962 sit.

74 1102 76 1105 v
194 1038 469 1089 Phrenesis.
540 1039 639 1090 Sed
670 1041 921 1092 redeundo
956 1044 1019 1092 ad
1051 1045 1303 1093 materiam
1335 1045 1388 1092 de
1418 1050 1700 1092 sacramento
1723 1047 1889 1093 matri-

83 1127 85 1130 ’
127 1122 284 1180 ma
308 1129 363 1171 ut
390 1123 611 1186 superius
643 1124 855 1187 tetigisti,
881 1126 1066 1175 videtur
1099 1126 1217 1174 mihi
1251 1142 1357 1174 esse
1385 1127 1661 1185 dicendum,
1688 1127 1805 1190 quid
1830 1128 1890 1175 sit

54 1243 72 1262 .;
126 1202 506 1263 matrimonium,
547 1213 603 1253 ut
641 1205 806 1255 habita
853 1207 957 1270 ejus
1006 1208 1274 1270 quidditate
1323 1209 1384 1256 de
1426 1209 1529 1270 ejus
1577 1209 1889 1270 passionibus

67 1339 69 1342 ,
126 1284 341 1349 neurius
381 1286 721 1349 procedamus
793 1288 961 1337 Potest
1003 1298 1166 1338 autem
1206 1290 1314 1348 dici,
1351 1290 1485 1352 quod
1526 1289 1890 1338 matrimonium
1946 1303 2133 1364 §gastissmnfi
2146 1305 2191 1360 5³⁵

54 1407 73 1435 ᾔ.
105 1372 201 1430 eat
244 1367 514 1431 conjugum
559 1369 773 1433 legitima
815 1371 1075 1433 copulatio,
1118 1371 1236 1434 qua¹
1282 1371 1551 1419 secundum
1593 1370 1687 1418 Dei
1729 1371 1889 1432 legem
1947 1371 2040 1401 ”imr-

11 1461 15 1466 '
51 1479 58 1515 ‘.
124 1446 239 1510 Ἀρεῖ
270 1448 343 1498 eis
377 1449 481 1498 sine
517 1451 744 1499 crimine²
777 1452 902 1501 filios
936 1468 1206 1516 procreare.
1279 1453 1533 1502 Ordinavit
1574 1453 1705 1500 enim
1740 1451 1888 1507 DeuS‚

58 1543 66 1558 '·
132 1530 270 1594 'quod
289 1529 455 1580 Adam
479 1540 527 1580 et
544 1531 649 1580 Eva
671 1541 720 1581 et
742 1549 828 1596 per
852 1549 1159 1597 consequens
1183 1535 1318 1597 quod
1343 1535 1503 1582 cuncti
1527 1534 1626 1582 duo
1653 1534 1889 1596 conjuges

125 1621 183 1672 in
203 1614 542 1676 procreatione
579 1615 758 1662 carnali
790 1615 944 1663 taliter
982 1617 1281 1678 copulentur.
1352 1614 1499 1662 Unde
1533 1615 1767 1663 Matthaei
1791 1617 1887 1663 xix.

60 1732 62 1734 ψ
125 1691 348 1757 Christus
394 1695 468 1743 sic*
519 1695 807 1744 determinat
859 1698 1003 1745 istam
1049 1698 1338 1746 sententiam
1385 1706 1555 1744 contra
1602 1698 1785 1745 scribas
1834 1706 1882 1746 et

44 1818 65 1842 :2
125 1772 415 1825 Pharisaeos
436 1776 499 1824 ab
517 1776 626 1840 ipso
645 1787 946 1840 quaerentes,
968 1783 979 1804 ‘
997 1779 1037 1826 si
1060 1779 1170 1827 licet
1187 1779 1375 1834 homini
1397 1780 1633 1826 dimittere
1653 1779 1888 1837 uxorem,’

115 1857 302 1922 ,quibus
335 1858 614 1922 respondit:
665 1863 677 1884 ‘
695 1860 830 1922 quod
853 1859 990 1908 Deus
1027 1861 1294 1923 conjunxit,
1321 1860 1473 1908 homo
1509 1875 1611 1907 non
1645 1860 1887 1922 separet³.’

125 1936 204 1990 Et
227 1939 403 2004 quibus
427 1939 585 1990 verbis
614 1941 906 2004 evangelicis
939 1949 1071 2004 patet
1104 1942 1413 1990 autenticatio
1438 1941 1582 2004 hujus
1606 1942 1890 1990 venerabilis

55 2030 57 2033 ⁴
125 2022 431 2081 sacramenti.
501 2021 625 2071 Ideo
661 2022 832 2071 dicitur
869 2024 1205 2082 communiter,
1243 2039 1357 2071 cum
1393 2039 1422 2071 a
1459 2022 1570 2071 Deo
1614 2023 1890 2071 ordinatum

44 2124 47 2134 ³
86 2133 89 2136 >
124 2100 215 2157 fuit
246 2103 299 2155 in
331 2102 504 2159 mundi
538 2103 777 2172 principio
813 2112 861 2152 et
896 2105 947 2152 in
982 2105 1223 2168 paradiso,
1261 2105 1397 2167 quod
1432 2105 1620 2152 ratione
1658 2105 1891 2167 privilegii

42 2217 53 2226 .,
124 2182 419 2248 multiplicis
440 2182 830 2234 matrimonium⁴
862 2187 1054 2235 excedit
1090 2187 1183 2235 alia
1218 2193 1535 2235 sacramenta.
1608 2185 1736 2234 Cum
1760 2188 1891 2234 enim

40 2253 59 2292 ’Τ
123 2271 297 2315 natura
334 2258 572 2316 ordinavit
612 2268 664 2316 in
704 2269 995 2331 conjugibus
1042 2269 1205 2316 media
1244 2268 1547 2331 procreandi,
1591 2277 1775 2316 certum
1817 2277 1890 2316 est

43 2335 54 2385 .'
124 2347 261 2411 quod
294 2356 408 2412 post
441 2357 745 2398 contractum
779 2350 1048 2412 legitimum
1083 2358 1291 2412 possunt
1325 2350 1451 2397 licite
1485 2365 1754 2412 procreare.
1825 2350 1890 2398 Et

101 2426 304 2493 ‚iterum
339 2438 527 2479 certum
561 2438 636 2479 est
671 2431 807 2494 quod
832 2430 1052 2479 Christus
1091 2432 1298 2480 intendit
1332 2432 1468 2494 quod
1503 2432 1686 2479 mariti⁵
1710 2432 1889 2480 debent

31 2523 74 2577 j
126 2524 236 2559 esse
276 2525 375 2559 una
415 2526 544 2570 caro,
589 2519 692 2560 tam
739 2527 942 2575 corpore
991 2514 1186 2560 caritate
1235 2513 1499 2574 conjuncto
1547 2528 1695 2575 quam
1741 2514 1888 2561 etiam

43 2614 48 2651 5
126 2605 374 2642 consensu
411 2593 603 2656 prolem
643 2593 856 2656 legitime
898 2594 1200 2656 procreandi,
1242 2593 1357 2655 quia
1398 2602 1583 2641 certum
1625 2602 1710 2652 est,
1752 2594 1887 2656 quod

51 2679 54 2683 '
127 2681 300 2723 contra
321 2673 575 2723 Pseustem
607 2675 805 2723 omnes⁶
835 2675 934 2723 duo
967 2674 1190 2722 homines
1223 2682 1335 2722 sunt
1367 2674 1758 2737 impugnabiliter
1789 2690 1887 2723 una

43 2771 49 2826 ᾗ
127 2769 258 2812 caro.
329 2756 452 2804 Ideo
486 2755 706 2805 Christus
742 2755 1006 2805 asserendo
1040 2756 1166 2803 hanc
1198 2755 1474 2818 negativam
1505 2755 1716 2803 excludit
1739 2756 1885 2804 vitam

41 2866 47 2906 2!
126 2844 410 2893 extraneam
445 2853 475 2886 a
510 2839 579 2886 sic
614 2837 1031 2886 matrimonialiter
1072 2837 1309 2899 copulatis
1323 2854 1336 2897 3
1390 2837 1502 2884 ideo
1545 2837 1716 2885 dicitur
1751 2852 1884 2885 com·
1935 2883 1941 2889 ,

55 2967 56 2970 ,
127 2917 339 2968 munitet
362 2933 424 2967 ex
452 2920 732 2968 testimonio
750 2918 1025 2982 Augustini,
1046 2919 1179 2982 quod
1201 2919 1290 2967 tria
1308 2926 1420 2967 sunt
1446 2919 1575 2966 bona
1594 2919 1811 2982 conjugii
1834 2919 1885 2966 in

29 2991 51 3066 J„
129 2987 396 3060 communi,
432 3001 616 3051 scilicet
649 3002 770 3050 fides
802 3001 963 3064 proles
996 3008 1044 3049 et
1071 3009 1446 3048 sacramentum.
1518 2999 1884 3049 Rationabilitas

128 3088 292 3133 autem
314 3081 459 3147 hujus
483 3084 771 3132 sacramenti
795 3098 856 3131 ex
880 3082 975 3130 hoc
1007 3082 1165 3131 evidet
1197 3082 1343 3145 quod,
1369 3097 1482 3130 cum
1514 3082 1727 3130 naturale
1751 3090 1799 3130 et
1823 3097 1884 3129 ex

128 3163 434 3214 ordinatione
459 3165 619 3214 divina
653 3165 714 3214 sit
748 3165 971 3213 homines
1006 3180 1274 3228 procreare,
1301 3180 1358 3212 ac
1393 3164 1528 3212 multi
1561 3180 1621 3212 ex
1646 3164 1883 3226 pronitate

34 3232 53 3298 ⁵13
128 3245 319 3313 peccati
340 3246 515 3295 nolunt
543 3261 732 3295 servare
764 3246 1044 3295 fidelitatem
1078 3246 1306 3310 conjugii,
1331 3246 1610 3295 rationabile
1646 3253 1718 3294 est
1750 3245 1884 3308 quod

39 3436 49 3456 ,η
185 3408 202 3435 ¹
229 3407 330 3461 qua]
351 3409 460 3462 quia,
475 3409 541 3450 ed.
560 3422 623 3462 pr.
734 3409 751 3433 ²
778 3409 867 3450 sine
879 3409 1066 3462 crimine]
1087 3422 1170 3449 om.
1186 3409 1233 3449 Β.
1247 3409 1448 3450 secundae
1466 3421 1623 3449 manus.
1732 3408 1749 3433 ³
1777 3408 1882 3449 eod.

36 3473 42 3500 ·.
130 3461 241 3511 ΩΒ.
260 3469 409 3504 cuncta
426 3464 552 3504 verba
572 3463 724 3505 Matth.
742 3464 822 3504 xix.
844 3462 951 3515 3—6
971 3464 1129 3516 repetit.
1357 3463 1371 3486 ¹
1399 3462 1725 3516 matrimonium]
1745 3463 1883 3503 matri-

46 3584 50 3587 η
124 3515 456 3626 mnii„ff·g.
471 3517 535 3559 ed.
556 3531 617 3572 pr.
810 3518 827 3542 ⁸
854 3517 1009 3570 mariti]
1020 3516 1164 3571 jugati,
1184 3518 1248 3559 ed.
1265 3531 1326 3572 pr.
1544 3517 1560 3541 ⁶
1587 3517 1750 3571 omnes]
1771 3517 1882 3571 quod
