2436 4094
134 442 286 478 cavas.
738 425 1304 477 TRIALOGUS.

132 565 299 618 tatem,
319 558 454 622 quod
479 560 721 609 consuluit
730 561 761 619 ¹,
781 569 834 609 ut
860 565 871 586 ‘
888 561 970 625 qui
989 561 1124 610 velit²
1142 570 1304 610 tecum
1324 561 1508 625 Judicio
1527 558 1822 610 contendere
1846 567 1895 608 et

130 641 351 689 tunicam
369 648 503 690 tuam
526 642 706 702 tollere,
730 643 936 707 praebe³
959 643 1003 692 ei
1028 651 1076 692 et
1100 643 1327 708 pallium,'
1352 651 1404 692 ut
1431 650 1631 692 testatur
1660 641 1895 691 Matthaei

133 723 480 787 evangelium&

200 804 477 854 Phronestlv.
547 807 609 855 In
634 807 980 870 prosequendo
1005 807 1241 867 ordinem,
1268 823 1417 872 quem
1435 807 1611 870 incepi,
1636 821 1739 855 non
1763 805 1895 855 vide-

131 895 213 937 tur
232 887 352 937 mihi
382 888 497 937 utile
530 896 734 937 tractare
767 889 967 948 solicite,
993 905 1118 953 quae
1142 890 1290 938 virtus
1324 890 1401 938 cui
1434 889 1636 939 istorum
1670 890 1894 938 vitiorum

131 969 314 1041 directe
353 978 403 1019 et
441 970 584 1034 plene
624 972 900 1034 opponitur,
939 987 1052 1020 cum
1087 979 1188 1020 tarn
1223 972 1418 1020 virtutes
1453 986 1602 1035 quam
1637 971 1749 1020 vitia
1784 979 1895 1020 sunt

131 1066 373 1112 connexa,
403 1060 452 1101 et
468 1067 622 1101 unum
639 1053 804 1101 vitium
831 1053 1101 1102 secundum
1124 1069 1275 1102 unam
1293 1055 1533 1102 rationem
1555 1053 1713 1101 virtuti
1737 1067 1895 1116 oppo-

131 1133 274 1192 nitur,
321 1133 452 1183 aliud
497 1143 661 1183 autern
710 1135 978 1183 secundum
1026 1135 1169 1183 aliam
1183 1151 1197 1195 3
1256 1135 1368 1183 ideo
1410 1143 1572 1198 potest
1612 1135 1720 1203 dici,
1760 1135 1895 1198 quod

129 1223 334 1280 utraque
356 1215 557 1265 istarum
575 1217 801 1265 virtutum
820 1218 1083 1280 opponitur
1101 1217 1215 1266 vitio
1234 1218 1332 1265 irae
1351 1218 1622 1266 secundum
1648 1218 1893 1281 disparem

43 1294 52 1298 ’
130 1298 383 1348 rationem.
468 1297 586 1347 Hoc
622 1307 789 1348 tamen
825 1299 1093 1348 tenendum
1131 1308 1202 1348 est
1237 1309 1289 1348 ut
1330 1300 1466 1358 fides,
1504 1299 1639 1363 quod
1675 1299 1895 1348 Christus

132 1379 404 1428 secundum
439 1395 589 1429 omne
624 1396 780 1444 genus
815 1382 1041 1429 virtutum
1077 1381 1165 1430 fuit
1201 1397 1391 1430 summe
1426 1390 1480 1430 ut
1515 1381 1652 1430 fons5
1687 1381 1893 1444 plenitu-

132 1459 538 1521 dinis‘virtuosuS,
573 1471 621 1511 et
655 1478 743 1526 per
779 1478 1088 1526 consequens
1124 1478 1228 1511 non
1264 1463 1352 1512 fuit
1387 1462 1658 1512 secundum
1682 1464 1894 1526 aliquem

135 1543 344 1606 gradum
389 1553 596 1608 peccato
644 1538 921 1594 iracundiae
967 1546 1186 1594 irretitus
1272 1546 1419 1594 Unde
1467 1545 1528 1594 de
1570 1545 1650 1594 illo
1697 1553 1896 1594 testatur

131 1627 305 1678 Petrus
330 1643 352 1676 1
375 1628 500 1677 Petr.
520 1628 581 1686 ii„
605 1629 741 1692 quod
768 1633 779 1654 ‘
796 1628 1016 1678 Christus
1040 1645 1214 1693 passus
1238 1638 1312 1678 est
1335 1645 1426 1693 pro
1451 1630 1593 1677 nobis
1618 1629 1895 1692 relinquens

130 1709 426 1774 exemplum,
449 1719 503 1759 ut
538 1711 809 1774 sequamini
844 1711 1047 1773 vestigia
1081 1712 1200 1774 ejus,
1237 1712 1320 1774 qui
1355 1720 1613 1774 peccatum
1649 1727 1752 1760 non
1785 1711 1896 1760 fecit

131 1806 226 1840 nec
260 1793 487 1842 inventus
517 1801 589 1841 est
622 1791 763 1841 dolus
787 1793 837 1840 in
869 1807 952 1840 ore
986 1793 1106 1855 ejus,
1132 1794 1214 1856 qui
1250 1809 1363 1842 cum
1395 1793 1762 1842 malediceretur
1793 1809 1896 1842 non
1954 1791 1991 1810 ‘³³‘

132 1873 469 1933 maledicebat,
495 1889 608 1922 curn
640 1881 883 1938 pateretur
915 1889 1018 1922 non
1053 1876 1455 1934 comminabatur,
1481 1875 1702 1924 tradebat
1734 1885 1897 1925 autem

129 1955 367 2021 judicanti
404 1971 459 2005 se
500 1956 690 2020 injuste,
729 1955 844 2019 quia
887 1956 991 2020 ipse
1031 1965 1234 2020 peccata
1269 1965 1436 2006 nostra
1470 1957 1663 2021 pertulit
1703 1958 1754 2005 in
1789 1973 1896 2007 cor-

131 2053 255 2103 pore
293 2054 385 2088 suo
422 2054 570 2103 super
609 2039 811 2103 lignum,
848 2050 902 2090 ut
942 2040 1156 2104 peccatis
1199 2039 1377 2087 mortui
1415 2039 1625 2103 justitiae
1666 2040 1897 2098 vivamuS,

131 2120 274 2185 cujus
297 2120 445 2170 livore
469 2122 625 2170 sanati
657 2122 826 2171 estis⁶.'
899 2123 1143 2186 Majorem
1174 2122 1427 2170 mititatem
1452 2137 1600 2170 nemo
1626 2131 1793 2184 posset
1817 2138 1898 2171 os-

133 2202 335 2252 tendere
369 2217 519 2267 quam
553 2204 690 2267 quod
722 2220 935 2268 persona
966 2206 1294 2268 omnipotenS,
1329 2219 1455 2267 quae
1487 2204 1577 2252 levi
1602 2205 1896 2268 cogitatione

130 2293 301 2349 posset
331 2299 509 2334 omnes
540 2285 705 2335 hostes
737 2301 869 2346 suOS,
895 2288 935 2336 si
967 2287 1120 2346 vellet,
1147 2295 1468 2349 prosternere,
1494 2302 1666 2335 eorum
1698 2287 1896 2350 injurias

129 2373 233 2416 tam
266 2367 417 2416 verbo
453 2382 604 2431 quam
638 2383 790 2432 opere
827 2369 892 2418 ita
926 2369 1167 2418 humiliter
1202 2368 1477 2418 sufferebat.
1549 2368 1658 2417 Nec
1694 2369 1896 2417 dubium

128 2449 249 2513 quin
273 2464 421 2499 causa
444 2465 594 2514 quare
618 2451 688 2499 sic
711 2450 837 2510 fecit,
865 2450 953 2499 fuit
976 2459 1030 2500 ut
1063 2452 1198 2500 daret
1231 2451 1514 2514 exemplum
1547 2452 1895 2514 posterioribus

62 2534 65 2537 ’
134 2531 367 2580 membris
391 2532 504 2590 suis,
527 2540 581 2581 ut
603 2532 759 2581 taliter
782 2534 1038 2596 patiantur.
1112 2533 1252 2592 Quae
1277 2533 1508 2595 patientia
1532 2533 1641 2595 plus
1666 2532 1897 2581 florebat⁷

130 2613 183 2662 in
207 2614 306 2662 suis
330 2614 565 2676 apostolis
588 2622 636 2663 et
660 2615 925 2664 carioribus
950 2614 1080 2678 ejus⁸
1105 2613 1378 2677 discipulis:
1415 2629 1546 2662 nunc
1571 2622 1732 2662 autem
1758 2614 1895 2676 quasi

130 2695 337 2744 omnino
361 2695 569 2744 alienata
590 2703 662 2744 est
693 2695 816 2744 haec
841 2695 1019 2745 Christi
1052 2697 1270 2754 imitati0‚
1296 2696 1409 2758 quia
1439 2695 1517 2743 lex
1551 2695 1655 2758 ejus
1680 2704 1727 2744 et
1753 2711 1893 2744 suum

131 2777 388 2826 consilium
421 2778 560 2841 quasi
592 2778 800 2826 totaliter
830 2778 1048 2827 exulavit.
1122 2777 1268 2826 Unde
1301 2778 1404 2840 ipse
1436 2776 1735 2840 prophetans
1767 2778 1895 2826 istud
1929 2827 1935 2833 Χ

94 2856 95 2859 ’
129 2859 329 2908 exilium
366 2868 527 2908 narrat
569 2860 668 2908 suis
709 2861 829 2919 filiis,
867 2860 1120 2924 quomodo
1157 2860 1337 2923 praelia
1378 2867 1426 2906 et
1461 2860 1719 2922 opiniones
1755 2875 1894 2922 prae-

129 2940 331 2990 liorum⁹
367 2950 480 2991 sunt
510 2942 836 3006 multipliciter
868 2943 1089 2991 audituri.
1159 2941 1223 2990 Et
1253 2950 1418 2990 tamen
1451 2956 1554 2988 non
1589 2942 1894 2990 obstantibus

70 3037 74 3048 ὲ
129 3022 246 3082 istis,
277 3023 488 3088 religiosi
520 3024 690 3088 privati
722 3025 805 3088 qui
841 3025 1062 3073 videntur
1094 3039 1201 3072 esse
1234 3022 1471 3086 aliquid¹⁰‚
1510 3023 1675 3072 dicunt
1707 3026 1849 3073 tacite
1859 3023 1893 3050 ¹¹

130 3105 267 3168 quod
296 3106 557 3156 observant
579 3106 741 3170 legem
764 3107 998 3170 evangelii
1018 3115 1066 3156 et
1084 3106 1264 3156 docent
1282 3106 1411 3154 illam
1429 3106 1687 3155 efficaciter
1704 3106 1896 3155 etiam¹²

186 3277 201 3302 ¹
229 3277 456 3332 consuluit]
477 3277 685 3320 consuluit
706 3277 858 3318 Matth.
879 3291 931 3325 v.,
953 3277 1016 3318 ed.
1038 3291 1099 3330 pr.
1363 3277 1379 3302 ²
1407 3277 1526 3330 velit]
1547 3278 1648 3325 vult,
1670 3278 1717 3320 B.
1738 3279 1894 3332 primae

131 3344 293 3379 manus,
312 3332 377 3373 ed.
396 3346 459 3385 pr.
624 3333 639 3355 ³³
668 3332 838 3385 praebe]
860 3332 927 3379 da,
949 3332 1004 3372 D.
1198 3332 1213 3355 ⁴
1241 3338 1286 3372 ut
1308 3338 1479 3373 testatur
1500 3333 1702 3374 Matthaei
1721 3347 1894 3386 evange-

130 3385 252 3439 lium]
273 3399 357 3427 om.
378 3387 433 3428 D.
453 3386 518 3428 ed.
539 3400 601 3440 pr.
712 3387 728 3410 ⁵
756 3399 915 3428 summe
934 3393 979 3427 ut
999 3386 1110 3438 fons]
1133 3391 1177 3427 ut
1197 3387 1288 3426 sons
1305 3400 1499 3433 summae,
1515 3388 1620 3428 A.C.
1731 3388 1747 3412 ⁶
1775 3389 1894 3429 relin-

131 3453 261 3494 quens
290 3441 712 3494 exemplum—sanati
745 3440 863 3492 estis]
894 3442 1017 3481 verba
1053 3441 1134 3480 loci
1159 3453 1175 3498 ‚¹
1202 3442 1311 3481 Petri
1340 3442 1381 3482 ii.
1413 3453 1585 3492 21—24‚
1621 3455 1703 3482 om.
1735 3443 1799 3483 ed.
1830 3457 1892 3496 pr.

130 3494 147 3519 ⁷
176 3495 367 3548 florebat]
391 3495 539 3542 floruit,
559 3496 624 3536 ed.
644 3510 705 3548 pr.
926 3497 941 3518 ⁸
969 3494 1074 3547 ejus]
1097 3509 1178 3534 om.
1199 3496 1262 3535 ed.
1284 3509 1344 3547 pr.
1580 3498 1596 3519 ⁹
1623 3497 1891 3551 praeliorum]

133 3549 352 3596 bellorum,
373 3550 447 3597 C.;
477 3550 528 3590 cf.
550 3551 701 3591 Matth.
723 3550 828 3590 xxiv.
849 3549 887 3590 6.
1001 3550 1032 3574 ¹⁰
1060 3549 1108 3589 cs.
1131 3550 1225 3590 Gal.
1247 3551 1286 3589 ii.
1306 3550 1344 3590 6.
1463 3551 1490 3573 ¹²
1521 3551 1664 3604 tacite]
1686 3558 1816 3599 cante,
1837 3553 1891 3592 D.

134 3603 166 3627 ¹²
193 3603 339 3658 etiam]
359 3617 442 3645 om.
463 3604 618 3646 A.B.C.

970 3689 1057 3721 N2

2034 436 2135 493 179
