2436 4094
358 435 427 490 52

269 1748 294 1771 tt

248 1833 434 1884 intelligeris,

1023 422 1446 487 JOANNJS
1493 424 1848 473 WICLIF
2193 440 2323 470 um.

577 558 856 620 tingentem,
882 565 1026 618 patet,
1053 556 1187 618 quod
1220 556 1438 604 absolute
1470 557 1796 606 necessarium
1829 557 1911 604 sit1
1935 571 2042 604 esse
2073 555 2324 604 veritatem

578 640 954 700 contingentem.
1027 637 1278 696 Quantum
1313 639 1376 686 ad
1411 640 1652 685 secundam
1687 640 1964 686 instantiam
2005 646 2153 695 tuam,
2189 641 2327 701 patet

501 771 508 783 ι
577 736 638 767 ex
674 721 825 776 dictis,
863 719 997 780 quod
1033 734 1135 766 non
1171 719 1376 781 objicit2‚
1417 735 1528 767 cum
1565 721 1860 779 conceditur,
1898 720 2033 783 quod
2068 719 2206 767 Deus
2247 724 2325 780 est

576 802 809 863 quidquid
844 801 1014 847 melius
1050 809 1122 848 est
1158 816 1264 848 esse
1303 816 1451 863 quam
1494 817 1596 849 non
1636 818 1757 861 esse,
1795 811 1843 850 et
1881 817 1984 849 non
2024 800 2320 857 conceditur,

575 883 708 943 quod
731 882 866 929 Deus
891 883 1034 928 solum
1060 891 1132 930 est
1156 882 1272 930 illud
1297 883 1434 944 quod
1457 883 1630 930 melius
1654 891 1727 931 est
1751 899 1857 932 esse
1882 898 2031 947 quam
2055 898 2158 930 non
2182 897 2290 930 esse
2302 897 2318 941 3

575 978 686 1010 cum
719 964 877 1024 posita
908 963 1256 1022 incarnatione,
1282 963 1418 1012 Deus
1450 973 1522 1012 est
1555 965 1842 1023 humanitas,
1869 973 1917 1013 et
1943 965 2115 1012 melius
2140 970 2213 1012 est
2236 962 2322 1022 ali-v

574 1044 690 1105 quid
714 1059 815 1091 non
840 1059 946 1092 esse
972 1045 1339 1102 humanitatem,
1366 1053 1417 1092 ut
1442 1054 1559 1108 puta
1584 1046 1825 1104 deitatem,
1851 1046 2023 1108 quam³
2045 1053 2119 1094 est
2141 1043 2324 1107 aliquid

573 1141 679 1173 esse
703 1126 1065 1184 humanitatem,
1092 1142 1151 1174 eo
1177 1127 1311 1189 quod
1335 1142 1438 1174 non
1462 1135 1534 1175 est
1557 1128 1727 1175 melius
1753 1128 1932 1190 aliquid
1956 1143 2064 1177 esse
2096 1126 2320 1175 humani-

571 1214 734 1268 tatem,
759 1222 906 1269 quam
930 1216 1002 1255 est
1027 1208 1132 1270 ipsa
1154 1208 1438 1257 humanitas.
1513 1208 1609 1257 Sed
1633 1209 1694 1256 de
1719 1210 1812 1257 isto
1837 1208 2047 1258 inferius.

1318 1401 1474 1450 CAP.
1513 1402 1574 1449 V.

1155 1519 1230 1566 De
1242 1521 1605 1582 proprietalibus
1629 1520 1736 1567 Dei.

636 1629 907 1678 Phronesz's.
979 1630 1055 1677 Ex
1089 1631 1189 1677 istis
1226 1630 1416 1679 duobus
1450 1632 1698 1693 principiis
1731 1639 1830 1678 tam
1863 1630 2120 1693 praeclaris
2152 1630 2319 1681 inferri

477 1688 508 1740 {i
567 1718 728 1773 potest
768 1727 1086 1774 quaecunque
1122 1714 1291 1773 passz‘O,
1327 1713 1402 1759 vel
1433 1714 1696 1774 proprietas
1739 1728 1864 1775 quae
1905 1712 2097 1761 infuerit
2138 1713 2318 1765 deitati.

479 1789 494 1808 ⁵
566 1792 700 1840 Deus
725 1794 855 1840 enim
878 1801 951 1841 est
956 1793 1132 1855 justus,
1159 1794 1272 1855 quia
1295 1794 1466 1842 melius
1490 1802 1564 1842 est
1588 1795 1769 1857 aliquid
1803 1810 1910 1842 esse
1939 1795 2140 1857 justum,
2166 1810 2315 1866 quam

567 1882 638 1921 est
663 1874 842 1936 aliquid
874 1890 976 1922 non
1005 1889 1111 1922 esse
1139 1875 1336 1937 justum,
1363 1891 1423 1923 eo
1457 1876 1591 1938 quod
1625 1877 1861 1938 dirigens4
1893 1875 2099 1938 aliquid⁵
2121 1884 2174 1924 ut
2193 1869 2316 1924 'esse

537 2006 540 2008 ,
567 1955 721 2013 debet,
748 1963 820 2003 est
843 1956 1014 2003 melius
1039 1971 1186 2018 quam
1219 1956 1483 2004 directione
1516 1958 1599 2004 tali
1630 1958 1872 2019 indigens.
1943 1957 2160 2005 Primum
2193 1971 2313 2019 ergo
2378 2026 2380 2028 ‚

566 2037 776 2099 dirigens
801 2045 994 2098 oportet
1018 2053 1124 2084 esse
1146 2038 1342 2100 justum,
1364 2053 1415 2086 se
1438 2039 1625 2086 habens
1643 2040 1858 2101 undique
1878 2028 2000 2087 sicut
2018 2038 2177 2087 debet.
2250 2038 2315 2087 Et

567 2135 627 2167 ex
653 2119 829 2166 eodem
853 2126 985 2180 patet
1009 2118 1143 2180 quod
1161 2118 1297 2167 Deus
1322 2128 1394 2167 est
1413 2121 1678 2182 z‘ntellzgens,
1704 2122 1817 2183 quia
1839 2121 2010 2168 melius
2034 2128 2108 2168 est
2133 2120 2312 2183 aliquid

563 2216 670 2248 esse
694 2199 981 2260 intelligens,
1008 2215 1155 2261 quam
1181 2201 1278 2247 est⁶
1304 2201 1483 2263 aliquid
1508 2217 1615 2250 esse
1641 2217 1744 2249 non
1775 2202 2063 2263 intelligens,
2088 2216 2148 2249 eo
2178 2201 2314 2263 quod

558 2282 636 2329 illa
660 2297 735 2328 res
762 2295 885 2342 quae
909 2280 1063 2327 intus⁷
1085 2281 1213 2342 legit,
1241 2282 1474 2344 quidquid
1494 2283 1620 2344 juste
1646 2283 1850 2341 ordinat,
1870 2290 1943 2331 est
1967 2283 2138 2331 melior
2164 2298 2312 2345 quam

559 2363 738 2425 aliquid
762 2363 896 2424 quod
920 2378 1022 2410 non
1046 2363 1115 2411 sic
1141 2372 1318 2412 causat.
1389 2364 1477 2411 Et⁸
1512 2381 1572 2412 ex
1607 2366 1783 2412 eodem
1807 2365 1992 2413 videtur
2016 2364 2152 2428 quod
2174 2365 2312 2415 Deus

559 2453 631 2492 est
655 2445 821 2492 omnia
845 2445 1116 2491 necessario
1152 2459 1346 2507 semper
1378 2461 1603 2503 noscens,
1634 2461 1746 2493 cum
1779 2446 2000 2494 absolute
2033 2447 2310 2502 necessario

558 2527 714 2574 noscit
740 2542 790 2573 se
814 2527 990 2587 ipsum,
1018 2541 1129 2573 cum
1155 2526 1215 2573 de
1242 2542 1292 2574 se
1317 2542 1368 2574 se
1391 2527 1554 2588 ipsum
1580 2535 1762 2584 noscat,
1790 2535 1837 2575 et
1861 2527 2032 2575 melius
2058 2535 2146 2586 est,
2172 2527 2311 2590 quod

557 2625 703 2656 causa
735 2615 1002 2670 cognoscat
1029 2608 1267 2670 quidquid
1285 2609 1441 2666 efficit,
1469 2625 1616 2671 quam
1640 2610 1775 2671 quod
1800 2610 1860 2657 sit
1884 2624 2031 2658 causa
2062 2624 2165 2657 non
2189 2614 2308 2672 cog-'e

555 2706 766 2737 noscens
808 2689 1042 2751 quidquid
1083 2690 1238 2737 efficit.
1316 2690 1379 2737 Et
1421 2706 1480 2737 ex
1524 2691 1701 2738 eodem
1737 2691 1963 2753 sequitur,
2001 2691 2138 2753 quod
2173 2690 2308 2741 Deui·

554 2787 746 2834 semper
771 2771 882 2818 scit⁹
907 2772 1072 2828 omnia,
1100 2786 1212 2819 cum
1230 2771 1400 2819 melius
1420 2773 1479 2819 sit
1504 2772 1714 2834 aliquam
1738 2787 1853 2822 rem,
1875 2787 1984 2820 esse
2005 2772 2309 2823 immobilem
2389 2838 2392 2839 ⁷

554 2853 787 2899 scientem
813 2852 994 2910 omnia,
1022 2867 1170 2914 quam
1195 2867 1302 2900 esse
1327 2853 1583 2914 aliquam1⁰
1606 2868 1710 2899 rem
1735 2867 1837 2899 non
1863 2852 2098 2900 scientem
2121 2852 2308 2900 omnia.⁴

552 2934 615 2981 Et
650 2950 710 2981 ex
745 2935 837 2982 isto
872 2934 1016 2996 plane
1051 2934 1265 2992 infertur,
1302 2934 1436 2996 quod
1473 2950 1635 2992 omne,
1662 2935 1795 2996 quod
1831 2934 1919 2981 fuit
1953 2934 2028 2982 vel
2063 2935 2164 2993 erit,
2201 2943 2273 2983 est
2288 2951 2305 2994 ;

553 3016 665 3077 quia
697 3017 735 3063 si
769 3016 948 3077 aliquid
981 3015 1067 3062 fuit
1098 3016 1174 3063 vel
1207 3016 1307 3074 erit,
1340 3015 1476 3063 Deus
1510 3015 1817 3077 cognoscet11
1850 3015 1966 3062 illud
1999 3030 2133 3075 esse3
2182 3024 2230 3064 et
2261 3018 2313 3065 si-

552 3097 863 3158 cognoscet12
903 3097 1019 3144 illud
1060 3112 1182 3154 esse,
1226 3106 1341 3144 tunc
1383 3098 1639 3159 cognoscit
1680 3096 1796 3144 illud
1837 3112 1959 3154 esse,
2000 3111 2113 3144 cum
2154 3098 2302 3145 non18

551 3191 710 3245 potest
732 3185 942 3246 incipere
967 3184 1041 3231 vel
1065 3184 1283 3232 desinere
1309 3184 1573 3247 quidquam
1596 3199 1828 3243 noscere3
1865 3191 1912 3231 et
1946 3184 1985 3230 si
2009 3182 2146 3231 Deus
2181 3200 2299 3248 cog-

605 3314 616 3336 ¹
648 3314 718 3365 sit]
741 3320 814 3359 est,
836 3315 891 3354 D.
990 3314 1005 3336 ²
1033 3313 1192 3366 objicit]
1215 3314 1268 3353 A.
1290 3315 1338 3355 C.
1359 3314 1423 3354 ed.
1442 3328 1526 3366 pr.;
1549 3313 1808 3365 objectivum,
1825 3314 1871 3353 B.
1967 3314 1983 3337 ³
2011 3314 2152 3367 quam]
2175 3316 2298 3368 quod,

551 3368 611 3405 ed.
632 3381 691 3419 pr.
807 3369 820 3389 4
849 3368 1042 3420 dirigens]
1066 3374 1126 3408 est
1145 3369 1336 3420 dirigens,
1357 3370 1410 3408 A.
1520 3368 1535 3391 ⁵
1561 3368 1732 3420 aliquid]
1751 3368 1875 3413 aliud,
1897 3368 1994 3408 B.C.
2173 3369 2189 3398 ὅ
2215 3371 2295 3423 est]

551 3434 630 3458 om.
652 3422 713 3460 ed.
734 3435 793 3473 pr.
876 3422 890 3444 ⁷
919 3423 1046 3474 intus]
1068 3423 1309 3468 intellectus,
1330 3423 1392 3462 ed.
1413 3436 1472 3475 pr.
1494 3436 1587 3462 cum
1608 3423 1653 3461 B.
1674 3423 1828 3474 primae
1846 3435 2003 3461 manus.
2089 3422 2104 3445 ⁸
2133 3423 2192 3475 et]
2214 3437 2298 3464 om.

552 3475 612 3512 ed.
634 3488 692 3525 pr.
939 3477 954 3499 ⁹
984 3477 1078 3528 seit]
1100 3478 1162 3516 ed.
1184 3490 1243 3529 pr.
1261 3478 1319 3516 sit.
1538 3478 1568 3500 ¹⁰
1596 3476 1794 3528 aliquam]
1816 3477 1952 3520 aliam,
1972 3476 2036 3516 ed.
2053 3489 2113 3529 pr.
2134 3489 2228 3517 cum
2249 3478 2295 3518 B.

552 3527 579 3549 ¹¹
602 3530 848 3620 ,coggioscess
867 3531 1088 3581 cognoscit,
1110 3531 1172 3570 ed.
1192 3544 1252 3583 pr.
1352 3531 1381 3554 ¹²
1409 3531 1648 3584 cognoscet]
1672 3531 1894 3582 cognoscit,
1914 3530 1976 3570 ed.
1997 3543 2056 3582 pr.
2133 3530 2163 3554 ¹³
2190 3532 2293 3584 non]

553 3593 632 3619 om.
654 3594 675 3620 e
707 3612 714 3619 .
735 3595 793 3633 pr.
