2436 4094
330 434 429 482 116

1006 430 1434 494 sOANNIS
1500 430 1850 480 WJCLJF
2170 449 2315 476 mn.
2372 419 2376 421 “

563 567 710 614 finem
736 566 961 613 victoriae
994 573 1040 612 et
1066 578 1238 626 pacem
1272 573 1573 627 sequentem,
1598 564 1772 626 quibus
1805 571 1934 611 caret
1958 578 2049 626 pro
2073 572 2312 611 'mensura

562 647 734 709 aliqua,
763 653 808 693 et
834 647 902 692 sic
927 645 1169 707 perficitur
1193 660 1250 692 ac
1275 646 1586 707 imperficitur
1611 645 1916 705 successive?
1947 659 1966 664 ”

628 727 899 774 Phrenesis.
974 726 1261 783 ConsiderO,
1281 727 1414 788 quod
1439 727 1672 775 eructatio
1698 734 1838 774 sonat
1862 727 1912 773 in
1936 724 2313 782 excellentiam¹,

561 808 712 871 quae²
735 816 895 870 potest
932 815 1210 870 competere
1246 815 1506 865 creaturae,
1533 823 1646 855 cum
1683 808 1949 856 substantia
1985 807 2147 855 divina
2182 806 2312 855 dicat

562 893 622 939 de
646 899 781 952 patre
815 897 862 937 et
894 889 1018 937 filio:
1061 894 1072 914 ‘
1089 890 1317 937 eructavit
1350 905 1436 937 cor
1466 904 1631 936 meum
1664 891 1865 938 verbum
1895 890 2085 936 bonum
2094 886 2142 937 ³!
2215 888 2314 936 Sed

398 1006 415 1024 a
461 1006 505 1024 re.
561 974 623 1022 ad
638 975 847 1035 primum
880 972 1068 1017 dubium
1103 979 1240 1018 tuum
1263 971 1450 1019 videtur
1483 970 1615 1028 mihi,
1642 971 1777 1032 quod
1813 970 1931 1017 nihil
1966 985 2026 1017 ex
2064 969 2233 1032 spiritu
2268 976 2316 1016 et

460 1073 476 1091 e
558 1069 764 1117 corpore
799 1054 992 1115 proprie
1029 1053 1378 1115 componitur4,
1416 1052 1503 1100 sed
1539 1060 1857 1114 aggregatum
1893 1067 1955 1099 ex
1992 1051 2082 1098 illis
2117 1059 2318 1099 vocatur

558 1152 691 1184 nunc
731 1135 924 1192 animal,
963 1142 1010 1182 et
1053 1150 1184 1182 nunc
1223 1135 1354 1196 capit
1396 1134 1848 1182 denominationem
1887 1133 2030 1181 unius
2069 1133 2224 1195 partis
2265 1141 2314 1180 et

558 1233 690 1265 nunc
714 1217 906 1264 alterius
931 1216 1229 1263 differentiae
1263 1217 1615 1274 communiter;
1662 1223 1715 1262 ut
1747 1215 1950 1277 angelus
1982 1230 2113 1262 nunc
2144 1215 2319 1262 dicitur

558 1299 740 1362 replere
786 1299 963 1355 locum,
1013 1306 1060 1345 et
1108 1313 1239 1345 nunc
1285 1298 1471 1345 moveri
1517 1297 1734 1345 localiter
1781 1311 2028 1359 corporee.
2113 1296 2319 1359 Proprie

559 1390 720 1428 autem
746 1380 917 1427 dicitur
934 1379 1198 1440 intelligere
1223 1379 1295 1426 et⁵
1313 1380 1363 1426 in
1381 1379 1496 1426 Deo
1518 1380 1783 1441 quiescere.
1854 1377 2127 1437 Quomodo
2149 1385 2315 1425 autem

559 1470 718 1509 movet
742 1477 920 1523 corpus
947 1462 1157 1523 concipit
1181 1461 1464 1519 intellectus,
1485 1462 1573 1509 sed
1593 1470 1728 1508 actus
1746 1460 2086 1522 imaginativae
2111 1474 2319 1522 suspen-

558 1544 696 1601 ditur,
734 1545 854 1590 sicut
891 1543 951 1591 de
989 1544 1235 1591 creatione
1270 1543 1441 1590 mundi
1477 1551 1523 1590 et
1560 1543 1730 1591 ceteris
1766 1558 1886 1605 pure
1922 1542 2316 1604 intelligibilibus.

559 1624 656 1672 Sed
691 1625 916 1672 vocando
956 1633 1277 1686 aggregatum
1314 1641 1374 1672 ex
1415 1625 1595 1686 angelo
1628 1632 1676 1672 et
1715 1638 1924 1686 corpore
1961 1623 2156 1682 animal,
2193 1621 2318 1671 sicu't

557 1715 695 1753 vocat
727 1705 997 1768 Gregorius,
1025 1706 1208 1754 videtur
1233 1707 1367 1768 quod
1392 1706 1507 1753 illud
1541 1713 1861 1768 aggregatum
1895 1706 1955 1753 sit
1989 1705 2167 1768 angelo
2190 1719 2318 1767 puro

560 1787 831 1849 perfectius,
858 1803 969 1834 cum
1002 1803 1183 1849 corpus
1214 1796 1516 1850 assumptum
1550 1803 1652 1835 non
1676 1787 1931 1849 imperficit
1951 1786 2201 1849 angelum,
2227 1786 2317 1834 sed

560 1868 839 1929 superaddit
869 1877 1023 1916 totam
1056 1869 1406 1931 perfectionem
1441 1869 1565 1916 illius
1591 1870 1808 1931 corporis
1842 1876 2122 1931 aggregato.

628 1948 744 2007 Quo
780 1949 843 1996 ad
876 1951 1117 1996 secundam
1152 1950 1473 2012 difficultatem,
1509 1958 1700 2012 oportet
1736 1950 1874 1997 inniti
1908 1950 2034 1997 fidei.
2105 1948 2169 1996 Et
2203 1963 2316 1996 cum

247 2039 265 2057 ¹²
293 2004 430 2092 δ”ξξῖξξ
476 2028 503 2056 ¹¹³
559 2030 785 2077 Averroz's
822 2031 962 2088 dicat,
990 2032 1124 2093 quod
1154 2033 1327 2078 veritas
1359 2039 1559 2078 testatur
1596 2032 1686 2078 sibi
1722 2031 1837 2093 ipsi⁶
1874 2031 2103 2077 omnibus
2136 2030 2315 2088 modis,

561 2111 826 2159 concordat
844 2114 1139 2173 experientia
1164 2125 1311 2174 quam
1338 2113 1573 2159 habemus
1601 2113 1660 2159 de
1686 2112 1824 2159 malis
1850 2112 2111 2174 spiritibus.
2180 2111 2315 2159 Dici-

560 2200 636 2240 tur
654 2192 784 2239 enim
804 2194 1125 2240 communiter
1145 2209 1205 2240 ex
1222 2193 1315 2239 fide
1334 2193 1507 2240 Esaiae
1527 2194 1635 2250 xiv„
1656 2193 1788 2255 quod
1807 2193 1989 2254 primus
2009 2193 2210 2255 angelus
2229 2207 2315 2239 vo-

562 2273 721 2322 catus⁷
742 2278 751 2298 ‘
769 2272 980 2320 Lucifer'
1000 2275 1145 2336 paulo
1170 2282 1282 2336 post
1306 2275 1516 2336 primum
1535 2275 1718 2321 instans
1741 2274 1912 2321 mundi
1938 2274 2024 2321 fuit
2048 2282 2317 2336 prostratus

560 2356 611 2401 in
636 2356 874 2417 superbia,
908 2362 955 2402 et
989 2356 1149 2402 statim
1181 2363 1294 2416 post
1324 2356 1455 2417 justo
1488 2355 1581 2402 Dei
1611 2355 1792 2417 judicio
1826 2355 2043 2417 dejectus
2075 2356 2229 2403 fuerat
2265 2356 2314 2402 in

557 2435 816 2484 infernum.
911 2436 1147 2494 Quamvis
1189 2437 1320 2483 enim
1361 2437 1523 2484 omnis
1571 2437 1707 2483 locus
1748 2435 1959 2483 videtur⁸
2000 2437 2315 2498 impertinens

561 2518 757 2579 spiritui,
799 2526 853 2566 ut
893 2518 1211 2566 delectatione
1259 2532 1494 2580 corporea
1541 2518 1657 2564 inibi
1705 2503 1979 2575 delectetur,
2023 2532 2137 2565 cum
2178 2517 2317 2565 Deus

559 2613 714 2659 aeque
749 2598 1010 2646 delectatur
1045 2598 1219 2661 ubique,
1256 2606 1303 2645 et
1338 2614 1500 2660 poena
1535 2613 1771 2661 corporea
1807 2614 1908 2646 non
1945 2607 2111 2661 posset
2153 2599 2315 2646 inesse

560 2679 650 2726 illi⁰
674 2681 872 2742 spiritui,
897 2689 970 2728 est
994 2688 1158 2727 tamen
1191 2681 1389 2742 grandis
1413 2695 1575 2741 poena
1600 2688 1761 2727 creato
1787 2680 1984 2742 spiritui,
2010 2679 2144 2742 quod
2166 2681 2312 2727 invite

560 2761 808 2823 dejiciatur
848 2769 894 2808 et
936 2761 1195 2809 retineatur
1234 2761 1284 2808 in
1324 2761 1434 2808 loco
1477 2761 1644 2808 humili
1686 2769 1733 2808 et
1773 2761 1991 2823 indigno,
2033 2777 2063 2809 a
2110 2761 2308 2809 coelesti

559 2842 806 2890 influentia
842 2843 1053 2890 maxime
1089 2843 1332 2904 elongato,
1370 2842 1642 2904 cujusmodi
1678 2851 1750 2890 est
1785 2842 1920 2890 Iocus
1954 2842 2142 2891 inferni.
2215 2843 2312 2890 Sed

559 2923 618 2970 de
643 2925 868 2985 superbia
891 2924 1093 2972 istorum
1117 2924 1354 2971 malorum
1388 2924 1672 2984 angelorum
1705 2932 1776 2971 est
1810 2923 2010 2971 dubium
2035 2924 2164 2986 apud
2188 2924 2311 2973 mul-

558 3012 661 3062 tos;
716 3020 829 3052 cum
865 3006 994 3052 enim
1028 3005 1219 3052 fuerunt
1244 3005 1388 3052 creati
1415 3005 1465 3051 in
1501 3005 1628 3052 clara
1663 3005 1854 3063 notitia,
1885 3005 2074 3053 difficile
2110 3005 2310 3064 videtur,

559 3088 692 3148 quod
735 3087 802 3135 sic
844 3087 1109 3135 inciderent
1153 3088 1201 3134 in
1245 3101 1472 3144 errorem,
1514 3087 1810 3148 potissime¹⁰
1849 3101 1962 3137 cum
2007 3087 2160 3135 homo
2208 3103 2309 3135 non

559 3177 716 3230 potest
749 3169 810 3216 ad
843 3176 1029 3216 tantum
1062 3183 1219 3215 errare
1253 3167 1384 3229 quod
1417 3167 1579 3227 credat
1611 3182 1662 3215 se
1695 3182 1842 3230 posse
1873 3167 1984 3216 Deo
2014 3169 2064 3215 in
2089 3170 2310 3230 potentia

615 3359 626 3381 ¹
659 3359 701 3398 in
720 3358 1021 3411 excellentiam]
1043 3358 1318 3403 excellentius,
1339 3358 1392 3397 D.
1415 3358 1478 3397 ed.
1499 3372 1561 3411 pr.
1743 3358 1759 3381 ²
1786 3358 1910 3410 quae]
1930 3371 2065 3411 quam,
2089 3359 2142 3400 D.
2162 3360 2226 3400 ed.
2246 3373 2308 3413 pr.

559 3411 574 3433 ³
605 3412 654 3451 cf.
676 3414 742 3452 Ps.
762 3413 841 3452 xlv.
867 3425 902 3458 2,
924 3414 1008 3453 sive
1027 3412 1121 3452 xliv.
1147 3424 1182 3457 2,
1203 3412 1327 3464 Vulg.
1602 3412 1617 3435 ⁴
1644 3412 1924 3465 componitur]
1946 3420 2231 3465 componatur,
2252 3415 2308 3455 D.

560 3465 574 3485 ⁵
604 3466 830 3517 intelligere
850 3467 910 3518 et]
931 3465 1253 3518 intelligibiliter,
1274 3466 1336 3506 ed.
1356 3478 1417 3518 pr.
1582 3466 1599 3490 ⁶
1625 3466 1724 3519 ipsi]
1745 3480 1828 3506 om.
1849 3466 1953 3506 ΑΒ.
2072 3467 2088 3490 ⁷
2116 3469 2306 3521 vocatus]

562 3525 741 3564 vocatur,
759 3520 822 3564 ed.
842 3534 903 3572 pr.
1180 3521 1194 3542 ⁸
1222 3520 1400 3572 videtur]
1420 3520 1578 3560 videtur
1596 3533 1695 3565 esse,
1716 3520 1789 3566 C.;
1823 3520 2025 3560 videretur
2043 3533 2143 3566 esse,
2163 3522 2226 3562 ed.
2247 3536 2307 3576 pr.

561 3571 574 3592 ⁹
606 3571 683 3623 illi]
706 3573 849 3616 eidem,
873 3574 972 3614 ΑΒ.
1140 3575 1170 3596 ¹⁰
1198 3574 1428 3626 potissime]
1450 3575 1667 3626 potentiae,
1688 3574 1749 3613 ed.
1769 3587 1831 3626 pr.
