2436 4094
994 413 1156 476 soA
1180 409 1416 460 NNJS
1486 411 1710 460 WICL
1733 411 1834 458 [Γ
2146 433 2227 461 Lm.
2245 434 2288 462 η.

544 530 802 613 ερροηυηί
821 547 1003 595 nisum²
1024 554 1070 593 et
1094 546 1419 593 difficultatem
1443 545 1702 607 potentiae,
1721 554 1890 593 contra
1907 544 2002 594 Dei
2023 547 2290 608 potentiam

543 630 828 687 resistendo,
865 636 912 675 et
951 627 1032 674 illa
1067 635 1266 675 vocatur
1303 626 1494 674 illorum
1535 641 1699 689 pugna
1737 626 2002 688 spirituum.
2085 626 2289 691 Spiritus

543 719 702 759 autem
739 711 857 758 boni
891 709 1108 757 videntes
1124 709 1285 773 ‘plene
1319 708 1413 756 Dei
1447 709 1804 771 beneplacitum
1813 708 1843 767 ²,
1876 709 2088 759 insiliunt
2121 717 2292 758 contra

543 793 648 840 illos
691 791 846 839 malos
888 791 1093 853 spiritus,
1137 790 1209 838 et³
1248 791 1474 838 resistunt
1513 791 1573 839 de
1615 799 1798 853 quanto
1840 791 2030 839 vident⁴
2070 786 2290 841 Domino

545 873 860 935 complacere.
931 871 994 919 Et
1034 871 1141 919 talis
1180 872 1454 920 colluctatio
1489 880 1688 920 vocatur
1724 887 1891 935 pugna
1925 873 1975 921 in
2013 873 2144 923 libris
2175 887 2291 936 prof

544 955 771 1017 pheticis;
809 955 962 1002 taliter
980 955 1111 1001 enim
1130 955 1445 1002 colluctamur
1464 955 1693 1003 adversus
1713 970 1908 1004 carnem
1932 964 1979 1004 et
2003 956 2292 1019 sanguinem

545 1046 591 1085 et
626 1038 770 1086 etiam
807 1045 975 1085 contra
999 1036 1158 1099 ipsos⁵
1185 1037 1428 1085 diabolos.
1499 1036 1636 1085 Beati
1673 1044 1833 1085 autem
1867 1036 2047 1086 habent
2070 1038 2122 1085 in
2155 1039 2293 1086 omni

544 1120 625 1167 tali
648 1134 813 1181 pugna
846 1119 1082 1187 quidquid
1114 1118 1362 1176 voluerint,
1388 1119 1501 1180 quia
1526 1120 1744 1181 quamvis
1769 1132 1872 1166 non
1902 1117 2113 1169 habeant
2140 1119 2293 1167 modo

545 1202 793 1248 victoriam
829 1192 935 1248 talis
973 1201 1208 1262 pugnae⁶,
1246 1200 1490 1248 certificati
1523 1208 1688 1248 tamen
1720 1216 1781 1248 ex
1814 1201 2100 1249 revelatione
2133 1201 2296 1259 divina

544 1282 723 1330 habent
746 1297 835 1344 pro
854 1282 1013 1329 futuro
1038 1289 1271 1344 tempore,
1292 1290 1339 1329 et
1362 1282 1550 1329 interim
1573 1281 1754 1330 habent
1777 1280 2118 1346 quamcunque
2135 1282 2294 1346 delec-

543 1365 776 1412 tationem
811 1363 1071 1412 voluerint⁷
1111 1365 1213 1411 sine
1254 1363 1447 1411 fastidio
1488 1364 1762 1412 reluctante.
1833 1364 1896 1412 Et
1937 1365 2005 1413 sic
2046 1364 2296 1427 dispariter

544 1454 764 1508 pugnant
788 1445 948 1508 angeli
971 1446 1089 1493 boni
1114 1461 1226 1493 cum
1248 1447 1447 1508 antiquo
1475 1453 1709 1508 serpente,
1736 1454 1784 1494 et
1808 1446 2057 1509 dispariter
2078 1445 2228 1504 Deus,
2254 1446 2295 1494 si

545 1542 712 1590 pugna
735 1527 809 1575 vel
835 1527 1106 1575 colluctatio
1133 1527 1277 1575 debet
1302 1528 1410 1574 dici.
1480 1526 1543 1574 Et
1567 1534 1700 1589 patet
1725 1528 1898 1575 solutio
1924 1527 1987 1576 ad
2019 1528 2293 1596 obJectum:

546 1625 660 1657 nam
685 1609 843 1671 angeli
868 1610 986 1656 boni
1018 1609 1196 1656 habent
1229 1608 1462 1671 quidquid
1486 1609 1665 1667 volunt,
1692 1609 1806 1670 quia
1837 1624 1928 1671 pro
1959 1624 2142 1672 magno
2172 1617 2294 1658 tem-

545 1706 662 1753 pore
687 1690 856 1738 etiam⁸
876 1700 985 1738 sunt
1011 1692 1239 1739 continue
1264 1691 1418 1738 securi
1443 1690 1502 1737 de
1528 1690 1773 1738 habitione
1798 1690 1951 1752 optati
1976 1692 2079 1739 sine
2104 1690 2295 1740 fastidio

545 1773 800 1820 incidente.
885 1772 948 1820 Et
990 1773 1057 1820 sic
1096 1774 1221 1819 beati
1259 1772 1370 1819 licet
1411 1779 1605 1820 careant
1644 1772 1961 1834 dispositione
1997 1771 2293 1831 accidentali,

546 1854 711 1901 volunt
735 1862 898 1901 tamen
923 1855 1028 1916 ipsa
1053 1869 1228 1911 carere,
1255 1862 1301 1901 et
1327 1854 1386 1900 de
1411 1854 1506 1900 hoc
1539 1861 1611 1900 est
1644 1853 1713 1900 eis
1745 1854 2114 1915 beneplacitum,
2141 1869 2295 1917 quan-

546 1942 649 1980 tum
674 1934 759 1980 erit
785 1935 852 1981 eis
877 1934 1247 1996 beneplacitum,
1273 1949 1385 1981 cum
1409 1934 1656 1982 habebunt
1670 1949 1682 1992 3
1721 1934 1834 1996 quia
1858 1935 2092 1982 certitudo
2115 1934 2226 1982 finis
2249 1945 2297 1983 et

547 2015 898 2076 complacentia
945 2016 1173 2063 voluntati
1223 2015 1411 2062 divinae
1457 2016 1507 2062 in
1554 2014 1930 2077 pulchritudine⁹
1975 2014 2296 2063 successionis

545 2097 823 2159 hujusmodi
844 2097 1046 2144 delectat
1070 2097 1270 2158 angelos
1295 2098 1524 2144 continue
1549 2113 1702 2159 aeque
1720 2098 1938 2144 multum.
2011 2097 2118 2146 Nec
2137 2098 2295 2156 video,

547 2179 797 2240 quomodo
823 2177 1010 2239 logicus
1035 2178 1136 2225 sine
1161 2179 1445 2225 extensione
1470 2179 1699 2240 temporis
1718 2186 1886 2240 posset
1908 2178 1959 2225 in
1981 2179 2074 2226 ista
2096 2180 2298 2228 materia

547 2259 823 2321 regulariter
847 2274 955 2306 vere
980 2259 1126 2321 loqui,
1154 2267 1200 2306 et
1225 2266 1370 2321 patet,
1397 2259 1530 2321 quod
1562 2259 1762 2321 angelus
1794 2261 1952 2307 bonus
1985 2275 2086 2307 non
2109 2276 2172 2308 ex
2195 2261 2292 2309 hoc

547 2341 787 2402 perficitur
812 2349 858 2387 et
883 2341 1191 2403 imperficitur
1223 2342 1503 2399 successive,
1530 2356 1641 2388 cum
1674 2341 1967 2389 delectabilis
1998 2343 2296 2405 exspectatio

547 2430 733 2470 tantum
749 2414 937 2490 perficit
963 2423 1083 2470 sicut
1106 2422 1287 2469 habitio
1312 2423 1418 2470 talis
1442 2422 1564 2470 finis.
1638 2422 1735 2470 Sed
1754 2438 1894 2471 secus
1913 2431 1986 2471 est
2005 2423 2065 2471 de
2082 2423 2297 2482 homine,

547 2504 628 2566 qui
655 2504 881 2551 continue
906 2503 1104 2555 fluctuat
1128 2504 1178 2550 in
1203 2505 1431 2566 ambiguo
1457 2519 1554 2566 quo
1580 2504 1643 2551 ad
1666 2504 1827 2552 finem.

621 2583 814 2642 Quando
838 2593 999 2632 autem
1023 2586 1101 2632 illa
1114 2585 1322 2648 pugna10
1347 2587 1582 2647 inceperat,
1602 2593 1763 2633 utrum
1788 2587 1948 2633 statim
1971 2594 2084 2649 post
2107 2587 2296 2649 lapsum

549 2663 663 2716 mali
689 2663 847 2724 angeli
871 2664 921 2709 in
940 2678 1167 2725 supremo
1188 2663 1341 2721 coelo,
1363 2673 1433 2712 est
1457 2664 1574 2710 mihi
1600 2665 1896 2726 ambiguum,
1916 2664 1990 2712 vel
2009 2666 2048 2712 si
2072 2671 2300 2727 coepe-rat

549 2744 628 2791 illa
663 2760 831 2806 pugna
866 2745 916 2791 in
953 2745 1223 2807 particulari
1259 2745 1505 2807 triumpho
1531 2753 1643 2807 post
1678 2747 2014 2793 ascensionem
2038 2744 2215 2794 Christi
2247 2747 2298 2793 in

549 2826 751 2878 ecclesia
769 2826 1012 2879 militante.
1086 2825 1274 2874 Scimus
1297 2828 1508 2891 quidem,
1529 2827 1662 2888 quod
1680 2835 1780 2874 tota
1796 2827 2108 2875 habitabilisu
2132 2835 2299 2876 nostra

547 2916 745 2954 vocatur
769 2908 974 2966 coelum,
1002 2909 1123 2961 sicut
1146 2910 1362 2960 volucres
1388 2908 1654 2956 dicuntur12
1678 2910 2000 2956 communiter
2023 2924 2136 2956 aves
2159 2909 2294 2958 coeli.

548 2990 623 3044 De
648 2993 888 3044 cessatione
906 2999 1068 3039 autem
1086 2992 1271 3039 illarum
1290 3000 1561 3054 pugnarum
1580 2999 1763 3039 certum
1781 2992 1965 3039 videtur
1973 2991 2021 3050 ¹⁸,
2042 2992 2176 3054 quod
2194 3007 2297 3040 ces-

548 3073 770 3122 sabunt14
794 3081 907 3138 post
932 3074 1060 3121 diem
1080 3074 1260 3136 judieii,
1287 3088 1398 3121 cum
1423 3089 1523 3120 non
1548 3073 1635 3120 erit
1659 3082 1773 3120 tunc
1797 3075 1998 3121 materia
2019 3073 2296 3122 reluctandi.

517 3195 521 3231 ι
603 3181 617 3204 1
647 3182 800 3234 nisum]
822 3182 966 3228 visum,
988 3182 1043 3223 D,
1065 3182 1127 3221 ed.
1148 3195 1208 3235 pr.
1537 3181 1552 3204 ²
1579 3180 1900 3233 beneplacitum]
1920 3180 2130 3233 placitum,
2149 3182 2213 3222 ed.
2232 3195 2294 3235 pr.

518 3234 521 3288 Ι
548 3235 563 3257 ³
592 3235 649 3287 et]
674 3242 714 3275 et
735 3242 843 3281 tunc,
866 3237 919 3282 D„
1103 3235 1118 3258 ¹
1144 3235 1303 3288 vident]
1325 3235 1523 3281 viderunt,
1544 3236 1606 3275 ed.
1626 3249 1687 3288 pr.
1709 3247 1802 3275 cum
1821 3234 1867 3273 B.
1887 3235 2043 3287 primae
2061 3248 2218 3281 manus,
2239 3236 2295 3276 D.

520 3326 522 3359 Ι
548 3289 563 3311 ⁵
591 3290 722 3341 ipsos]
743 3290 849 3336 illos,
870 3291 922 3329 A.
1115 3291 1130 3312 ⁶
1157 3290 1340 3345 pugnae]
1362 3303 1443 3329 om.
1463 3290 1527 3330 ed.
1548 3303 1609 3342 pr.
1787 3288 1803 3311 ⁷
1829 3288 2050 3341 voluerint]
2070 3289 2298 3335 voluerunt,

520 3361 524 3388 ι
550 3343 612 3382 ed.
633 3357 693 3395 pr.
914 3347 928 3367 ὃ
957 3343 1100 3396 etiam]
1121 3350 1175 3390 et,
1196 3341 1351 3384 A.B.C.
1587 3343 1603 3366 ⁹
1630 3344 1672 3383 in
1692 3342 2011 3395 pulchritudine]
2031 3343 2299 3384 successionis

520 3391 524 3434 1
551 3398 785 3437 successivis
803 3398 1116 3451 pulchritudine,
1137 3399 1214 3444 A.;
1241 3399 1283 3438 in
1304 3399 1538 3439 successivis
1555 3397 1867 3451 pulchritudine,
1887 3397 1958 3443 B.;
1985 3396 2030 3436 in
2047 3397 2300 3443 succedentis

521 3438 524 3504 l
551 3451 862 3502 pulchritudine,
883 3454 945 3494 ed.
961 3466 1022 3506 pr.
1136 3453 1164 3476 ¹⁰
1190 3453 1260 3493 illa
1279 3454 1436 3505 pugna]
1458 3452 1571 3493 illam
1591 3465 1784 3505 pugnam,
1804 3451 1865 3490 ed.
1886 3463 1945 3503 pr.
2083 3450 2113 3474 ¹¹
2142 3451 2298 3498 habita-

522 3518 524 3524 ·
554 3504 663 3556 bilis]
686 3505 753 3544 i.e.
774 3507 994 3557 οἰκουμένη,
1017 3507 1269 3549 substantivo
1290 3520 1421 3547 sensu.
1769 3505 1799 3529 ¹²
1825 3504 2033 3557 dicuntur]
2053 3518 2135 3545 om.
2156 3505 2220 3545 ed.
2235 3518 2298 3558 pr.

555 3558 581 3579 ¹³
611 3565 763 3598 certum
777 3561 953 3613 videtur]
972 3561 1069 3600 certi
1086 3562 1278 3607 videmur,
1297 3562 1448 3602 A.B.C.
1463 3561 1525 3601 ed.
1539 3574 1599 3612 pr.
1710 3558 1738 3582 ¹⁴
1766 3558 2001 3611 cessabunt]
2016 3572 2097 3598 om.
2113 3559 2176 3600 ed.
2189 3573 2250 3613 pr.
