2496 4108
169 444 321 480 ω...
773 425 885 474 TR
903 426 996 476 [Α
1018 427 1066 475 L
1090 428 1133 476 ο
1154 426 1202 477 G
1227 426 1344 478 σε.
2075 440 2177 497 237

162 559 408 624 cupiditas
447 566 497 609 et
537 559 756 610 defectus
795 560 909 610 fidei
945 562 1040 610 sint
1078 563 1128 610 in
1164 578 1325 612 causa.
1398 562 1539 622 Quis,
1576 575 1716 625 rog0‚
1755 560 1937 609 faceret

167 655 386 702 scurram
426 641 747 690 mediatorem
785 656 944 700 suum,
979 650 1031 691 ut
1068 644 1195 706 regis
1232 645 1486 706 paratioris
1522 652 1569 692 et
1605 643 1938 692 clementioris

169 722 416 786 colloquio
456 724 725 787 potiretur?
798 723 962 772 Sancti
1010 725 1177 787 igitur¹
1220 727 1271 773 in
1319 727 1460 774 coelo
1507 727 1618 774 licet
1665 741 1767 774 non
1816 724 1938 773 sint²

170 819 370 855 scurrae
389 805 477 854 sed
498 806 796 869 incorporati
820 806 897 854 in⁸
917 805 1111 855 Christo
1136 822 1223 869 per
1245 809 1452 870 gratiam
1479 808 1752 866 Salvatoris,
1772 815 1938 855 tamen

170 886 334 948 minus
375 901 429 936 se
468 886 650 936 habent
689 888 741 936 in
782 888 1149 951 comparatione
1191 888 1254 937 ad
1295 889 1443 947 illum,
1482 905 1631 952 quam
1673 904 1838 938 scurra
1876 888 1939 938 ad

169 982 340 1032 regem
361 975 622 1019 terrenum.
691 968 905 1032 Expedit
928 978 1093 1018 tamen
1118 971 1181 1019 ad
1205 972 1353 1019 vitam
1387 980 1668 1020 sanctorum
1692 970 1940 1020 attendere

169 1057 220 1100 et
241 1049 350 1100 illos
373 1051 510 1114 sequi
540 1051 591 1098 in
624 1052 843 1100 moribus
874 1059 1127 1115 tamquam
1160 1053 1324 1108 duces,
1351 1053 1412 1102 de
1437 1062 1622 1116 quanto
1656 1054 1750 1117 ipsi
1776 1053 1941 1102 Chris-

170 1139 279 1183 tum
303 1131 624 1185 choraulam*
659 1133 806 1182 totius
841 1134 1075 1183 ecclesiae
1112 1143 1223 1183 sunt
1259 1136 1422 1185 secuti.
1500 1135 1564 1183 Et
1599 1136 1713 1199 quia
1745 1135 1942 1184 stultum

172 1221 249 1266 est
280 1214 332 1263 in
367 1214 643 1277 periculoso
675 1216 846 1264 itinere
880 1217 1007 1264 viam
1039 1217 1226 1280 regiam
1250 1226 1299 1265 et
1323 1233 1545 1267 securam
1570 1217 1863 1280 relinquere⁵
1895 1223 1943 1264 et

174 1295 400 1345 semitam
423 1297 658 1344 incertam
683 1297 781 1345 sive
804 1297 1109 1360 incognitam
1134 1301 1357 1362 arripere,
1377 1299 1563 1348 videtur
1586 1299 1722 1363 quod
1746 1306 1942 1362 patente

173 1378 272 1427 vita
311 1377 491 1426 Christi
539 1385 587 1426 et
634 1379 732 1426 suis
779 1380 972 1442 regulis,
1016 1380 1134 1429 alias
1180 1381 1301 1429 vitas
1350 1382 1585 1430 debemus
1626 1390 1941 1444 postponere.

174 1457 323 1508 Unde
340 1459 513 1507 beatus
536 1458 826 1522 Cyprianus-⁶
851 1460 1092 1523 profunde
1117 1470 1165 1510 et
1189 1462 1421 1510 subtiliter
1443 1463 1652 1511 inculcat
1674 1463 1814 1510 istam
1834 1477 1943 1510 sen-

173 1540 403 1590 tentiam:
437 1544 449 1565 ‘
467 1541 521 1599 si,
540 1541 708 1604 inquit,
731 1542 864 1590 solus
880 1542 1098 1591 Christus
1117 1543 1386 1592 audiendus
1405 1553 1492 1603 est,
1514 1545 1631 1607 quid
1649 1544 1790 1592 nobis
1809 1544 1943 1607 quod

175 1621 323 1671 ceteri
347 1623 501 1670 sancti
534 1632 886 1686 praeceperunt
901 1624 940 1671 ?'
990 1624 1055 1672 Et
1078 1625 1192 1673 hinc
1217 1626 1466 1688 apostolus
1486 1626 1666 1674 Paulus
1690 1626 1941 1689 praecipit,

177 1703 315 1768 quod
349 1704 412 1752 de
443 1704 608 1753 tanto⁷
642 1705 716 1753 sui
748 1707 969 1754 conversi
1002 1707 1096 1754 sint
1130 1708 1203 1755 sui
1226 1707 1518 1756 imitatores⁸
1545 1709 1606 1756 de
1630 1716 1814 1771 quanto
1839 1709 1944 1771 ipse

177 1785 486 1835 est'imitator
505 1785 704 1845 Christi,
731 1795 778 1835 et
803 1787 864 1835 de
888 1796 1023 1835 tanto
1049 1788 1210 1851 ipsum
1235 1790 1432 1837 audiant
1458 1790 1518 1838 de
1544 1798 1729 1853 quanto
1758 1791 1809 1837 in
1833 1791 1942 1853 ipso

175 1866 388 1931 loquitur
425 1867 659 1917 Christus.
731 1869 940 1932 Insuper
974 1870 1161 1918 videtur
1196 1871 1373 1929 multis,
1410 1871 1544 1934 quod
1581 1872 1712 1919 curia
1747 1873 1837 1919 ista
1873 1874 1943 1920 310

179 1949 474 1999 0311οηί33113
499 1958 694 2000 sanctos
717 1951 1002 2014 blaspheme
1032 1953 1309 2015 praesumit,
1336 1968 1448 2000 cum
1474 1952 1738 2001 subducta⁹
1762 1954 1941 2001 revela-

176 2029 324 2090 tione,
366 2039 468 2080 tam
507 2031 653 2095 plane
661 2031 698 2060 ¹⁰
737 2033 931 2096 ignorat
977 2035 1282 2082 sanctitatem
1331 2034 1560 2092 defuncti,
1604 2050 1752 2098 quam
1799 2036 1942 2100 plane

178 2114 373 2177 ignorat
393 2113 648 2179 Johannes
670 2116 905 2179 presbiter
927 2117 1002 2165 vel
1029 2116 1331 2165 Soldanusn.
1402 2118 1467 2166 Et
1491 2126 1677 2166 certum
1701 2126 1788 2176 est,
1809 2117 1944 2180 quod

178 2197 372 2246 testium
413 2196 654 2260 depositio
691 2197 810 2246 nihil
847 2200 1036 2261 probat,
1075 2215 1190 2247 cum
1233 2202 1486 2263 supposita
1520 2201 1730 2249 veritatis
1773 2201 1944 2248 notitia

182 2279 504 2328 canonisandi
528 2294 586 2328 ac
610 2279 800 2328 detecta
823 2295 982 2343 papae
1014 2281 1215 2329 fideliter
1249 2283 1352 2329 sine
1376 2282 1650 2340 mendacio,
1676 2283 1811 2345 quod
1835 2297 1943 2331 raro

181 2359 259 2410 vel
291 2375 545 2424 nunquam
580 2363 738 2410 evenit
773 2362 947 2421 adhue,
985 2363 1225 2426 depositio
1261 2372 1497 2427 quantum
1534 2366 1596 2412 ad
1637 2366 1943 2428 propositum

103 2479 105 2483 -
184 2441 307 2492 nihils
349 2443 541 2505 probat,
583 2450 687 2491 tum
734 2444 847 2506 quia
888 2446 1126 2493 sententia
1163 2446 1355 2494 alterius
1393 2446 1571 2509 judicis
1611 2447 1945 2495 sententiantis

184 2524 456 2574 secundum
496 2525 703 2588 allegata
742 2534 791 2575 et
827 2529 1045 2589 probata,
1082 2528 1165 2591 qui
1203 2529 1354 2592 judex
1396 2530 1519 2577 foret
1559 2530 1746 2578 mundo
1787 2531 1944 2593 magis

180 2606 469 2667 autenticus,
492 2613 682 2655 tantum
716 2609 943 2670 probaret
975 2610 1096 2657 sicut
1127 2625 1286 2672 papae
1318 2611 1557 2658 sententia
1589 2612 1639 2658 in
1675 2612 1767 2660 hac
1792 2619 1945 2673 parte,

186 2695 293 2737 tum
341 2689 488 2736 etiam
530 2690 645 2752 quia
691 2690 1023 2738 testimonium
1070 2690 1242 2738 horum
1286 2691 1636 2754 deponentium
1674 2694 1848 2755 probat
1885 2693 1948 2740 ad

188 2770 472 2827 maximum,
497 2771 633 2834 quod
669 2771 766 2820 dati
801 2772 954 2820 sancti
991 2773 1294 2820 conversatio
1331 2773 1418 2821 fuit
1443 2773 1576 2833 talis;
1627 2782 1674 2822 et
1710 2790 1822 2822 cum
1852 2774 1947 2822 hoc

188 2859 296 2911 stat,
321 2840 458 2916 quod
478 2867 634 2916 usque
659 2853 722 2901 ad
746 2861 954 2901 mortem
979 2853 1066 2901 fuit
1089 2853 1342 2916 hypocrita
1374 2863 1420 2902 et
1455 2856 1734 2916 praescitus.
1806 2854 1947 2914 Quae

176 2933 334 3002 vig-itur
355 2935 701 2998 praesumptio,
727 2951 873 2998 supra
897 2935 1101 2998 allegata
1125 2944 1172 2983 et
1196 2936 1401 2998 probata
1425 2936 1708 2985 affirmare¹²
1728 2945 1776 2984 et
1801 2952 1948 2986 cano-

251 3091 263 3115 ¹
291 3090 305 3133 i
306 3090 435 3144 gitur]
457 3104 539 3132 om.
559 3091 623 3132 ed.
643 3105 704 3144 p.r
979 3091 996 3114 ²
1024 3091 1124 3144 sint]
1147 3095 1254 3138 sunt,
1275 3091 1338 3131 ed.
1358 3105 1438 3169 pr.5
1667 3091 1682 3114 ⁸
1710 3091 1772 3144 in]
1794 3105 1877 3132 om.
1893 3093 1948 3133 A.

192 3142 208 3168 ⁴
235 3103 494 3198 choraulam]
515 3105 734 3192 coraulpam‚
754 3145 848 3186 libri
867 3159 991 3186 manu
1012 3145 1165 3199 scripti.
1422 3145 1708 3198 ⁵relinquere]
1730 3146 1948 3194 dimittere,

194 3198 249 3240 A.
252 3198 299 3239 B.
303 3199 352 3241 C.
373 3199 437 3240 ed.
457 3213 520 3253 pr.
753 3201 768 3224 ⁶
798 3200 1046 3253 Cyprianus]
1069 3200 1297 3253 Cyprianus
1317 3199 1580 3240 distinctione
1600 3207 1758 3245 octava,
1778 3201 1841 3241 ed.
1861 3215 1947 3254 pr.;

195 3253 302 3294 Cod.
321 3253 370 3294 B.
384 3254 428 3294 in
446 3254 630 3307 margine
642 3255 893 3307 adscriptum
911 3254 1060 3299 habet;
1092 3255 1164 3294 ‘In
1182 3267 1350 3300 canone,
1366 3254 1630 3295 distinctione
1644 3256 1692 3305 3!
1739 3255 1950 3296 Sententia

195 3307 305 3349 enim
329 3321 380 3348 ex
399 3309 594 3361 Cypriani
620 3308 795 3361 epistola
818 3309 871 3348 ad
891 3308 1116 3349 Caecilium
1144 3309 1252 3355 data,
1279 3314 1402 3360 atque
1419 3310 1462 3348 in
1490 3309 1676 3362 Corpore
1704 3309 1812 3362 Juris
1833 3310 1949 3356 Can„

190 3362 244 3403 -.P
263 3362 306 3408 i..
325 3362 503 3402 distinct.
527 3364 564 3408 8,
585 3376 620 3403 c.
641 3376 678 3411 q.
700 3363 871 3416 repetita
890 3363 1107 3415 profertur.
1277 3362 1293 3385 ⁷
1322 3363 1372 3402 de
1392 3363 1527 3415 tanto]
1546 3363 1601 3403 de
1619 3369 1785 3415 quanto,
1805 3364 1867 3404 ed.
1888 3378 1949 3417 pr.

196 3415 213 3440 ⁸
240 3416 488 3469 imitatores]
510 3417 765 3463 imitatiores,
785 3417 849 3457 ed.
869 3430 931 3470 pr.
1239 3417 1254 3440 ⁹
1284 3417 1503 3469 subducta]
1526 3417 1704 3464 seducta,
1726 3418 1781 3458 D.
1801 3418 1864 3459 ed.
1885 3432 1946 3472 pr.

199 3469 232 3495 ¹⁰
256 3470 399 3524 plane]
420 3470 552 3534 plene,
573 3471 637 3510 ed.
661 3485 722 3524 pr.
928 3470 956 3494 ¹¹
985 3470 1198 3522 soldanus]
1219 3471 1428 3515 zoldanus,
1448 3471 1540 3511 libn·
1561 3472 1681 3513 MSS.
1702 3473 1771 3513 i.e.
1792 3472 1953 3520 S'ultan,

197 3524 424 3566 Turcarum
452 3525 696 3579 imperator;
738 3525 947 3579 Johannes
975 3526 1198 3577 presbyter,
1226 3525 1398 3565 3011.1110
1426 3527 1494 3578 qui
1522 3527 1565 3567 in
1584 3532 1768 3568 extremo
1795 3528 1951 3569 oriente

198 3591 368 3631 regnare
387 3579 612 3620 dicebatur.
793 3579 1056 3631 ²affirmare]
1077 3579 1330 3625 confirmare,
1352 3579 1409 3619 D.
