2424 4120
96 421 191 480 ²...
257 422 303 474 S
321 421 919 474 UPPLEMENT
937 423 1072 472 ΠΜ
1119 424 1228 472 TR
1245 425 1336 473 [Α
1359 425 1407 473 L
1431 427 1474 475 O
1496 425 1609 475 GJ.

212 572 355 608 orum
378 557 596 607 Romae¹
621 572 724 606 non
748 557 996 606 valuerunt
1021 558 1196 621 eligere
1221 559 1353 607 illum
1376 561 1427 607 in
1451 576 1645 624 papam,
1666 575 1814 623 quem

235 676 240 682 »
270 655 324 690 es
358 639 668 690 decreverant
702 639 995 702 eligendum,
1032 648 1079 687 et
1119 640 1231 688 ideo
1274 641 1523 704 elegerunt
1571 640 1816 690 Urbanum

104 775 107 779 Δ
145 776 147 780 v
240 744 294 781 u,
317 736 467 785 quem
490 721 667 770 aemuli
690 721 948 769 nominant
976 721 1349 785 pseudopapam
1363 739 1375 782 3
1421 723 1508 771 sed
1539 738 1688 786 quam
1720 725 1816 772 cito

85 853 141 881 ᾖ,
181 818 235 853 e
278 810 504 867 poterant
547 802 712 861 libere,
758 816 914 852 unum
962 803 1109 851 alium
1156 804 1426 852 secundum
1473 805 1606 867 leges
1647 821 1816 854 eorum

225 904 233 922 ε
279 889 314 940 1,
354 881 487 930 hunc
529 880 850 930 Clementem.
934 880 979 927 E
1019 889 1189 929 contra
1236 890 1399 930 autem
1449 883 1614 930 dicunt
1659 883 1817 930 vocati

83 951 98 960 '¹
127 962 441 1018 ““’-·311113111
464 962 693 1012 Boreales
717 977 866 1026 quam
889 962 1166 1010 Australes²
1190 963 1291 1011 istis
1323 963 1470 1011 locis:
1510 979 1625 1012 ecce
1648 965 1743 1013 illic
1766 965 1817 1012 in

103 1103 110 1113 .
155 1043 447 1104 ·Romana,
471 1044 581 1093 ubi³
603 1043 780 1093 residet
805 1042 1024 1091 Urbanus
1050 1052 1228 1098 sextus,
1250 1052 1322 1092 est
1347 1045 1658 1094 solummodo
1676 1061 1817 1094 verus

95 1098 158 1169 ’Ἵὲ
165 1123 239 1176 ⁴1
296 1125 396 1175 Sed
422 1126 537 1190 quia
561 1124 781 1174 Christus
815 1125 1047 1188 cognovit
1070 1126 1242 1173 etiam⁶
1264 1127 1413 1174 electos
1446 1127 1509 1175 ad
1541 1135 1735 1190 tempus
1766 1128 1817 1174 in

111 1207 354 1258 haeresi
385 1207 707 1266 seducend08‚
732 1207 844 1254 ideo
870 1206 952 1255 dat
984 1208 1074 1255 sub
1106 1206 1264 1256 forma
1299 1209 1484 1258 consilii
1513 1217 1560 1257 et
1585 1209 1815 1266 mandati,

86 1293 142 1329 '²0
156 1313 177 1332 Ἰι
212 1290 368 1339 neutri
391 1289 583 1338 illorum
607 1289 862 1338 credamus
886 1296 1119 1351 tanquam
1144 1305 1257 1337 vero
1282 1290 1460 1338 vicario
1483 1290 1604 1353 Jesu
1622 1290 1814 1339 Christi.

145 1366 294 1430 fiiit,
317 1379 372 1421 ut
402 1371 622 1431 aestimo,
655 1372 779 1419 inter
812 1371 1077 1433 episcopos
1109 1378 1157 1418 et
1188 1386 1342 1433 regna
1373 1372 1531 1434 major
1565 1371 1814 1419 contentio

98 1452 371 1517 allegatio
417 1453 703 1518 prophetiae
751 1460 831 1500 aut
878 1453 999 1515 legis
1047 1452 1312 1500 antichristi
1358 1467 1448 1515 pro
1492 1452 1813 1501 defendendis

3 1593 6 1605 ἱ
113 1534 270 1584 ‘bus
288 1536 556 1594 contrariiS,
582 1550 731 1598 quam
755 1542 828 1583 est
851 1534 1032 1592 modo;
1069 1542 1117 1582 et
1140 1534 1387 1582 invalescit
1411 1535 1639 1582 continue
1671 1535 1817 1582 timor

105 1665 108 1668 Α
156 1631 223 1677 ’1,
257 1632 372 1667 cum
412 1615 634 1666 Urbanus
669 1617 897 1666 concedit
932 1616 1174 1678 episcopis
1211 1624 1259 1664 et
1295 1616 1396 1664 aliis
1432 1616 1602 1664 mundi
1638 1625 1814 1679 poten-

77 1689 87 1697 *
112 1691 119 1704 ²
208 1699 477 1749 inauditam
507 1699 610 1748 imo
642 1698 993 1747 infundabilem
1026 1704 1317 1760 potestatem
1353 1697 1627 1746 debellandi
1663 1714 1816 1761 quos-

195 1796 246 1830 ·e
264 1796 380 1831 suos
398 1781 697 1832 adversarios
715 1780 790 1828 vel
810 1779 1098 1829 Gilbonensi
1118 1778 1564 1842 quomodocunque
1584 1779 1816 1838 faventeS,

132 1877 264 1927 per
285 1877 516 1915 censuras
539 1862 890 1912 ecclesiasticas
920 1876 1068 1924 quam
1100 1861 1247 1908 etiam
1279 1875 1366 1922 per
1389 1860 1650 1909 vindictam
1683 1869 1813 1909 atro-

72 1996 85 2011 „
256 1967 282 1987 υ
327 1944 644 2014 corporalem.
717 1943 782 1992 Et
816 1943 986 1992 dicitur
1016 1941 1258 1990 Urbanum
1288 1939 1496 1990 dictum⁶
1519 1942 1814 2005 praecipere,

3 2079 7 2083 .‚
76 2063 88 2095 3
118 2048 177 2068 w·
223 2027 444 2097 episcopi
478 2034 692 2076 rectores
726 2033 775 2074 et
809 2023 1098 2082 claustraleS,
1130 2024 1409 2086 quicunque
1442 2023 1616 2071 fuerint
1647 2024 1819 2071 validi⁷

63 2161 72 2176 Ἀ
93 2111 104 2134 ²
151 2107 487 2173 pugnandum,
513 2107 582 2158 sic
616 2115 782 2156 tamen
816 2105 950 2170 quod
985 2105 1133 2154 fidem
1168 2104 1346 2153 faciant
1370 2105 1506 2167 quod
1542 2114 1819 2154 constanter

3 2200 7 2242 '.
76 2219 90 2259 Q
106 2214 108 2218 ’
125 2189 282 2241 valide
309 2197 532 2258 pugnent
565 2190 618 2238 in
643 2180 792 2238 causa
827 2204 915 2238 sua
949 2195 1120 2236 contra
1155 2202 1297 2235 suum
1334 2187 1660 2236 adversarium
1696 2189 1818 2236 anti-

141 2270 300 2332 ‘stum,
334 2286 512 2326 omnes
547 2272 748 2336 inquam
781 2271 900 2319 tales
937 2270 1142 2318 absolvit
1178 2285 1207 2317 a
1241 2284 1404 2332 poena
1439 2277 1486 2317 et
1522 2285 1551 2317 a
1586 2270 1742 2333 culpa,
1773 2279 1819 2319 et

70 2339 71 2342 Ἴ
133 2375 177 2396 e·
227 2352 406 2407 habeat
447 2368 690 2417 expensas
731 2352 792 2401 de
829 2352 1046 2410 ecclesia,
1084 2367 1142 2400 ac
1178 2351 1217 2399 si
1252 2352 1304 2398 in
1341 2350 1517 2399 Christi
1552 2351 1817 2400 ministerio

133 2443 254 2486 ter
283 2436 528 2488 resideret.
599 2434 644 2482 E
668 2442 839 2484 contra
871 2442 1033 2482 autem
1066 2433 1239 2481 dicitur
1261 2431 1515 2480 Robertum
1547 2433 1817 2481 concedere

184 2519 297 2588 *pis
330 2525 380 2567 et
413 2518 519 2566 aliis
541 2525 642 2566 tam
678 2516 972 2580 spiritualem
1004 2530 1152 2578 quam
1189 2514 1491 2577 corporalem
1526 2522 1817 2577 potestatem

95 2589 374 2667 “pensas
406 2600 568 2663 primo
609 2597 900 2662 Symoniace
937 2596 1207 2659 acquisitas
1294 2594 1391 2643 Sed
1428 2595 1614 2643 utinam
1649 2595 1817 2644 fideles

89 2735 103 2740 ..
315 2690 356 2731 t
388 2683 536 2730 verba
568 2680 747 2730 Christi
784 2679 1015 2728 dicentis.
1060 2678 1236 2725 ‘nolite
1269 2677 1512 2725 crederel'
1561 2684 1609 2724 et
1642 2692 1815 2725 conse-

196 2778 256 2818 ι·
278 2763 429 2823 nolite
453 2764 584 2812 exire
609 2762 672 2811 ad
695 2762 863 2810 fratres
882 2768 1066 2808 vestros
1090 2759 1244 2807 taliter
1269 2758 1625 2807 debellandum.
1687 2758 1814 2807 Cum

164 2844 544 2903 adversantur
590 2843 785 2893 Christo
833 2844 883 2890 in
929 2843 1080 2890 tribus
1127 2840 1488 2889 conditionibus
1542 2840 1813 2903 praedictiS‚

151 2926 354 3010 quod
389 2934 501 2976 sunt
535 2925 697 2989 patule
732 2924 1010 2972 antichristi.
1083 2922 1206 2971 Ideo
1252 2922 1375 2969 inter
1415 2936 1590 2970 omnes
1627 2937 1812 2981 causaS,

106 3057 109 3063 .
140 3042 166 3055 .-
211 3038 230 3050 -·
283 3024 408 3074 quas
439 3023 659 3072 unquam
700 3006 860 3056 audivi
899 3021 1053 3054 unum
1094 3004 1330 3068 populum
1371 3004 1518 3052 alium
1561 3005 1812 3065 debellare,

78 3142 117 3154 ‚¹
152 3107 179 3147 ’ς
204 3113 244 3132 1-
288 3105 544 3140 causarum
583 3087 806 3138 istarum⁸
841 3096 914 3136 est
954 3087 1270 3151 periculosior
1310 3094 1356 3134 et
1397 3086 1508 3134 fidei
1550 3087 1813 3149 scripturae

90 3167 93 3170 ⁴
139 3160 152 3202 Ῑ
202 3198 226 3213 υ
262 3187 334 3222 or.
405 3170 627 3221 Christus
651 3171 784 3219 enim
809 3170 896 3219 fuit
920 3170 1111 3232 dignior
1135 3183 1283 3232 quam
1316 3168 1434 3218 alter
1457 3169 1673 3226 istorum,
1701 3183 1811 3216 cum

138 3398 440 3469 Μ1Δ1131ι311113,
458 3413 496 3440 3.
498 3399 540 3440 b.
560 3398 765 3440 secundae
781 3410 1138 3438 111311113.·’
1167 3396 1258 3448 ubi]
1279 3397 1369 3442 nisi,
1390 3409 1426 3435 a.
1428 3396 1470 3436 b.
1652 3393 1668 3417 ⁴
1694 3407 1813 3434 verus

107 3470 173 3523 A,
202 3465 314 3510 papa
326 3466 459 3501 verus,
476 3454 526 3495 C.
635 3453 652 3477 ⁵
679 3453 875 3506 cognovit
895 3450 1039 3503 etiam]
1062 3451 1185 3514 etiam
1206 3450 1412 3513 cognovit,
1429 3451 1482 3490 A.
1591 3449 1607 3472 ⁶
1580 3447 1812 3555 dictum}

250 3521 323 3556 ·m‚
342 3508 398 3549 A.
402 3508 452 3549 C.
635 3508 651 3531 ⁷
680 3507 829 3549 fuerint
848 3506 992 3558 validi]
1014 3506 1135 3546 vahdi
1155 3505 1314 3551 fuerint.
1339 3506 1387 3546 C.
1580 3504 1790 3544 ⁸istarum

10 3658 19 3681 2
74 3616 99 3702 Ξ
77 3609 426 3691 ἐξ,βῙΔῙῖαΟΘῘῙΒ.
906 3644 937 3676 G
962 3646 995 3693 g

75 3327 124 3395 -9
148 3343 332 3404 Romae]
310 3343 524 3398 ]ratione,
543 3343 594 3386 C.
746 3343 762 3367 ²
789 3349 876 3384 tam
897 3341 1086 3383 Boreales
1107 3354 1228 3395 quam
1248 3340 1475 3405 Aumstrales]
1497 3346 1582 3381 tam
1603 3338 1813 3380 Borealius
1883 3389 1888 3393 .

1946 440 2053 494 449
