2456 4088
121 487 271 525 cana
720 469 1288 519 TRJALOGUS.

121 603 561 666 correspondenter
593 605 716 652 sicut
746 612 821 652 est
853 605 1108 666 spiritualis
1139 605 1384 667 virginitas
1417 613 1463 652 et
1496 605 1776 667 corporalis,
1807 605 1876 653 sic

121 692 195 733 est
217 684 475 748 spiritualis
496 685 696 744 luxuria,
723 685 977 748 spiritualis
1003 687 1194 734 castitas
1218 694 1267 734 et
1300 686 1556 749 spiritualis
1587 687 1875 749 procreati0,

2016 484 2117 534 209

120 779 247 829 quae
281 773 356 815 est
388 767 700 830 principalius
730 767 1039 815 attendenda.
1112 767 1332 817 Christus
1363 770 1493 816 enim
1524 776 1598 817 est
1622 767 1879 832 spiritualis
1951 786 1987 838 ioe
2023 786 2056 803 r»
2077 784 2129 803 rea

121 862 332 911 sponsus
364 849 610 907 ecclesiae,
644 857 691 897 et
721 849 843 898 sicut
878 850 1040 897 omnis
1076 849 1195 898 alius
1230 849 1382 897 homo
1416 850 1559 898 debet
1593 865 1700 898 esse
1723 863 1878 897 mem-

120 930 263 978 brum
286 930 534 989 ecclesiae,
561 931 630 979 sic
656 930 801 979 debet
825 945 931 980 esse
956 931 1259 994 spiritualiter
1292 946 1476 994 sponsa
1500 931 1678 980 Christi
1692 947 1706 991 ;
1743 931 1879 993 quod

121 1013 162 1062 si
197 1011 488 1061 adulteratur
523 1028 636 1061 cum
672 1013 884 1071 diabolo,
912 1029 1058 1062 carne
1093 1013 1192 1062 vel1
1229 1014 1431 1072 mund0‚
1457 1014 1663 1062 vivendo
1698 1014 1748 1061 in
1781 1013 1878 1062 hoc

121 1092 287 1142 seculo
312 1093 587 1152 criminose,
611 1102 729 1142 tunc
755 1094 972 1143 dissolvit
1005 1094 1249 1157 spirituale
1282 1095 1645 1143 matrimonium
1670 1103 1716 1142 et
1741 1094 1878 1156 spiri-

121 1174 309 1223 tualiter
354 1174 631 1225 fornicatur.
716 1175 825 1224 Nec
872 1177 1170 1239 ponderatur
1217 1175 1508 1239 corporalis²
1553 1176 1739 1223 luxuria
1787 1175 1878 1222 nisi

120 1263 320 1319 propter
342 1255 580 1305 luxuriam
604 1257 901 1320 spiritualem
915 1274 929 1318 3
972 1267 1020 1306 et
1053 1259 1121 1306 sic
1154 1259 1364 1320 loquitur
1387 1258 1619 1306 Ieremias
1651 1265 1700 1305 et
1724 1257 1878 1304 sancti

122 1338 267 1386 ceteri
291 1336 352 1386 de
377 1338 564 1387 luxuria
589 1339 831 1406 spirituali,
858 1347 906 1388 et
930 1340 999 1388 sic
1024 1340 1278 1402 spiritualis
1304 1341 1495 1388 castitas
1520 1354 1618 1402 quo
1642 1339 1705 1387 ad
1730 1353 1879 1402 spon-

122 1434 232 1469 sum
253 1419 501 1478 ecclesiae,
528 1436 641 1468 cum
673 1421 722 1468 in
754 1422 909 1483 patria
942 1421 1085 1469 debet
1119 1437 1223 1470 esse
1248 1421 1507 1484 virginitas,
1532 1428 1606 1468 est
1637 1434 1879 1483 praepon-

121 1500 368 1551 derantius
414 1502 732 1551 observanda.
817 1503 880 1551 Et
928 1503 994 1550 ita
1041 1502 1103 1551 ad
1150 1503 1446 1565 spiritualem
1492 1503 1880 1565 procreationem

122 1583 302 1633 debent
325 1583 506 1643 fideles,
532 1592 581 1633 et
604 1584 872 1647 specialiter
895 1584 1108 1647 praelati,
1135 1584 1292 1646 magis
1317 1583 1578 1641 attendere,
1603 1582 1755 1630 modo
1782 1597 1880 1645 quo

122 1664 336 1730 loquitur
360 1666 611 1729 apostolus
642 1668 798 1730 prima
832 1667 894 1715 ad
919 1667 1200 1715 Corinthios
1225 1667 1299 1724 iv„
1325 1667 1403 1713 ‘in
1428 1666 1622 1714 Christo
1647 1665 1764 1730 Jesu
1788 1680 1882 1728 ego

123 1762 214 1797 vos
253 1747 432 1811 genui,'
471 1755 520 1797 et
560 1749 713 1797 modo
757 1765 855 1812 quo
898 1748 1094 1797 dicitur³
1130 1748 1275 1796 frater
1312 1748 1475 1810 junior
1516 1748 1671 1795 fratris
1713 1748 1883 1810 prioris

123 1828 303 1876 mortui
360 1829 590 1877 suscitare
639 1844 807 1877 semen
857 1830 1126 1878 secundum
1173 1830 1334 1891 legem
1381 1837 1604 1887 veterem,
1654 1837 1706 1876 ut
1753 1837 1885 1890 patet

128 1907 340 1958 Genesis
364 1909 585 1958 xxxviii⁴.
647 1910 865 1959 Christus
891 1919 1053 1959 autem
1079 1911 1223 1958 frater
1247 1919 1413 1959 noster
1439 1911 1614 1968 senior,
1642 1919 1692 1957 ut
1717 1910 1887 1957 dicitur

124 1990 189 2040 ad
222 1990 480 2040 Hebraeos
518 1992 775 2050 secundo⁵‚
814 2008 926 2041 cum
964 1993 1024 2040 sit
1060 1993 1414 2055 primogenitus
1449 2000 1766 2049 mortuorum,
1804 1992 1886 2053 qui

129 2079 349 2121 mortuus
382 2080 456 2122 est
485 2073 537 2120 in
571 2089 718 2122 causa
749 2074 996 2131 ecclesiae,
1031 2082 1079 2121 et
1110 2083 1221 2136 post
1245 2075 1646 2122 resurrectionem
1672 2073 1888 2121 ascendit

121 2154 172 2202 in
197 2149 403 2203 coelum.
465 2154 588 2203 Ideo
613 2171 727 2204 cum
751 2171 894 2218 papa,
919 2156 1140 2218 episcopi
1165 2164 1212 2203 et
1238 2156 1436 2218 praelati
1464 2156 1539 2203 alii
1567 2156 1747 2204 debent
1775 2171 1883 2203 esse

123 2235 292 2284 fratres
328 2235 506 2285 Christi
539 2237 852 2299 primogeniti
894 2238 1148 2295 minores⁶,
1188 2238 1368 2285 debent
1405 2253 1575 2286 semen
1617 2238 1773 2285 fratris
1815 2239 1886 2285 sui

126 2315 306 2366 Christi
331 2316 392 2366 de
423 2317 656 2366 militante
681 2319 887 2367 ecclesia
913 2320 1154 2368 suscitare.
1229 2319 1326 2368 Sed
1350 2319 1471 2367 heu⁷
1494 2320 1545 2367 in
1570 2321 1662 2368 isto
1686 2328 1889 2382 peccato

124 2398 409 2461 gravissimo
433 2399 542 2462 plus
567 2399 867 2462 delinquunt,
895 2417 1008 2449 cum
1033 2416 1202 2449 semen
1227 2401 1362 2464 quod
1387 2402 1533 2450 debet
1557 2417 1663 2450 esse
1689 2402 1889 2449 verbum

125 2480 235 2540 Dei,
271 2480 512 2541 deserunt,
548 2490 595 2531 et
630 2483 864 2531 scoriam⁸
901 2484 1205 2542 metallicam,
1243 2484 1471 2547 frigidam
1506 2492 1554 2532 et
1590 2486 1890 2546 generationi

126 2563 343 2627 ineptam
367 2564 419 2612 in
443 2579 496 2612 se
530 2573 719 2612 servant
751 2574 798 2612 et
824 2581 963 2613 avare
996 2566 1238 2627 injiciunt⁹
1262 2567 1312 2613 in
1346 2566 1538 2613 animos
1572 2566 1889 2614 subditorum.

127 2645 226 2693 Alii
250 2653 412 2693 autem
433 2653 487 2694 ut
509 2645 678 2694 fratres
710 2646 804 2694 et1⁰
836 2647 1004 2708 reliqui
1037 2647 1223 2694 lucrum
1256 2647 1597 2709 temporalium
1631 2647 1890 2708 sapientes,

128 2733 448 2775 contemnunt
483 2726 579 2775 hoc
615 2742 783 2775 semen
819 2727 976 2773 vivum
1002 2727 1178 2774 verbi11
1202 2726 1310 2785 Dei,
1348 2735 1396 2774 et
1433 2742 1603 2774 semen
1638 2727 1890 2788 vulpinum

128 2802 402 2856 monstrum
426 2823 702 2871 procreans,
727 2808 948 2871 injiciunt
980 2809 1028 2855 in
1054 2808 1246 2856 animos
1272 2807 1625 2856 subditorum¹²
1639 2823 1652 2866 3
1697 2808 1758 2854 de
1788 2808 1893 2854 tali-
1934 2826 1939 2831 *

128 2891 221 2939 bus
263 2889 575 2952 conqueritur
624 2889 874 2952 apostolus
920 2906 944 2936 2
989 2888 1099 2937 Cor.
1139 2890 1183 2936 ii.
1227 2889 1362 2951 quod
1410 2897 1522 2937 sunt
1568 2888 1895 2936 adulterantes

130 2971 332 3020 verbum
356 2970 465 3029 Dei,
492 2986 604 3019 cum
632 2972 805 3034 jocosa
835 2970 1091 3019 mendacia
1124 2978 1266 3032 atque
1300 2970 1484 3018 ludicra
1508 2971 1558 3017 in
1583 2971 1725 3032 plebe
1751 2971 1897 3018 semi-

128 3060 264 3108 nant,
299 3051 460 3101 cum¹⁸
494 3053 670 3115 quibus
707 3053 892 3100 lucrum
931 3053 1270 3115 temporalium
1307 3052 1510 3100 subdole
1554 3052 1896 3114 procuratur¹⁴.

133 3134 230 3183 Alii
261 3143 424 3183 autem
442 3134 639 3198 praelati
658 3135 872 3183 Caesarii
899 3144 1007 3183 sunt
1032 3136 1174 3183 nimis
1200 3134 1381 3183 steriles
1405 3143 1451 3182 et
1471 3149 1571 3182 non
1596 3134 1899 3196 spiritualiter

188 3298 202 3323 ²
231 3296 317 3351 vel]
339 3303 394 3345 et,
414 3298 569 3339 A.C.B.
591 3298 793 3339 secundae
812 3311 970 3338 manus.
1211 3298 1226 3320 ²
1254 3298 1499 3350 corporalis]
1522 3298 1718 3350 corporis,
1740 3298 1894 3339 A.C.B.

133 3351 336 3394 secundae
350 3365 509 3392 manus.
619 3353 634 3376 ⁸
662 3352 829 3404 dicitur]
844 3352 979 3399 debet,
996 3352 1059 3392 ed.
1076 3365 1137 3405 pr.
1248 3353 1261 3374 ⁴
1291 3352 1396 3392 Gen.
1417 3351 1598 3404 xxxviii]
1623 3351 1727 3392 Gen.
1746 3353 1896 3399 xxviii„

135 3405 292 3447 A.B.C.
456 3407 471 3430 ⁵
502 3406 633 3447 Hebr.
655 3406 697 3446 ii.
719 3419 757 3459 9,
784 3418 846 3453 ιο,
875 3418 933 3453 12,
959 3418 1022 3459 14,
1046 3416 1109 3458 17.
1274 3407 1289 3430 ⁶
1318 3406 1516 3458 minores]
1535 3405 1728 3458 juniores,
1749 3407 1812 3446 ed.
1834 3420 1895 3459 pr.

134 3458 151 3483 ⁷
179 3459 281 3512 heu]
302 3459 382 3500 heu
400 3460 517 3506 nulli,
539 3461 602 3501 ed.
623 3474 684 3513 pr.
933 3461 948 3485 ⁸
976 3461 1170 3512 scoriam]
1188 3461 1255 3500 i.e.
1277 3461 1427 3501 sordes.
1648 3460 1664 3484 ⁹
1691 3459 1894 3513 injiciunt]

135 3513 319 3561 mittunt,
335 3514 440 3554 Α.Β.
459 3515 616 3568 primae
630 3528 788 3555 manus.
900 3515 931 3538 ¹⁰
960 3515 1022 3567 et]
1045 3529 1125 3555 om.
1144 3515 1248 3555 A.C.
1263 3515 1419 3566 primae
1434 3527 1591 3554 manus.
1703 3515 1731 3538 ¹¹
1761 3515 1895 3565 verbi]

135 3567 320 3614 verbum,
342 3568 496 3610 A.B.C.
518 3570 581 3610 ed.
602 3583 662 3622 pr.
776 3569 807 3592 ¹²
834 3570 996 3609 animos
1016 3569 1294 3621 subditorum]
1318 3568 1535 3620 subjectos,
1557 3569 1612 3608 D.
1723 3568 1753 3592 ¹⁸
1781 3569 1894 3623 cum]

135 3621 192 3668 in,
213 3621 317 3663 Α.Β.
338 3623 540 3664 secundae
558 3636 716 3669 manus
738 3624 786 3664 C.
973 3623 1001 3647 ¹¹
1030 3624 1291 3676 procuratur]
1315 3630 1563 3675 procreatur,
1585 3623 1648 3663 ed.
1670 3636 1730 3675 pr.

206 3705 505 3741 TRIALOGUS.
1000 3709 1025 3739 Ρ
