2456 4088
344 445 449 494 204

267 729 402 769 17uxuria
415 728 487 768 quid

264 768 312 797 sit,
327 767 496 796 exponitur.

1029 428 1460 493 JOANNIS
1531 431 1893 480 WICLIF
2178 451 2339 487 uam.

580 562 640 611 de
690 562 925 625 supplicio
966 564 1302 625 praecavendo
1350 572 1566 613 moveret
1604 565 1788 613 viantes
1834 563 1896 613 ad
1937 564 2034 614 hoc
2075 573 2333 628 peccatum

579 642 794 692 luxuriae
819 644 1172 693 detestandum.

645 725 917 773 Phrenesis.
1003 725 1167 774 Placet
1213 725 1274 774 de
1322 726 1562 776 sententia
1608 741 1757 790 quam
1803 726 2030 791 injungis,
2078 735 2127 776 et
2172 728 2333 791 primo

577 806 762 855 videtur
785 807 903 855 mihi
927 807 1206 869 expediens,
1228 808 1363 870 quod
1386 808 1573 856 luxuria
1597 809 1909 858 describatur.
1979 809 2147 858 Potest
2171 818 2334 858 autem

578 889 646 936 sic
674 888 894 947 describi,
920 888 1055 951 quod
1079 897 1150 936 est
1182 890 1341 936 illicita
1363 890 1608 938 voluntas1
1634 891 1864 938 membris
1895 891 2183 953 genitalibus
2215 891 2335 939 abu-

576 970 723 1027 tendi,
772 978 819 1017 et
866 971 1082 1018 consistit
1130 971 1450 1019 communiter
1497 972 1624 1019 circa
1671 971 1914 1020 sensibilia
1961 987 2132 1020 sensus
2177 979 2334 1020 tactus

576 1051 782 1098 istorum
815 1053 1163 1110 membrorum,
1190 1053 1310 1100 sicut
1345 1052 1459 1114 gula
1494 1051 1714 1100 consistit
1750 1052 2071 1101 communiter
2099 1053 2227 1102 circa
2259 1053 2333 1100 in-

576 1131 932 1181 ordinationem
975 1133 1271 1181 sensibilium
1312 1134 1617 1196 objectorum
1659 1133 1855 1182 sensus2
1895 1142 2076 1196 gustus
2161 1133 2227 1182 Et
2264 1135 2333 1182 sic

576 1214 794 1275 quamvis
830 1213 1132 1262 inordinatus
1174 1222 1308 1263 actus
1349 1215 1482 1262 istius
1523 1215 1709 1276 peccati
1744 1215 1968 1263 consistit
2012 1215 2334 1264 communiter

578 1294 704 1341 circa
740 1295 946 1342 abusum
981 1296 1311 1343 membrorum
1343 1295 1607 1357 generandi
1641 1303 1688 1343 et
1722 1295 1920 1343 seminis
1955 1295 2131 1354 effluxi,
2167 1303 2332 1344 tamen

576 1382 831 1437 peccatum
854 1376 1125 1423 radicaliter
1149 1384 1219 1425 est
1244 1376 1293 1423 in
1327 1378 1502 1434 anima,
1528 1391 1641 1424 cum
1665 1375 1886 1424 Christus
1911 1376 2024 1425 dicit
2057 1376 2231 1427 Matth.
2257 1393 2300 1425 v.
2320 1393 2332 1426 ι

575 1459 586 1480 ‘
605 1454 782 1505 Omnis
828 1457 910 1519 qui
951 1456 1118 1505 viderit
1160 1458 1410 1505 mulierem
1459 1458 1522 1505 ad
1569 1458 2019 1520 concupiscendum
2066 1474 2190 1518 eam,
2227 1459 2331 1522 jam

575 1537 858 1586 moechatus
895 1547 967 1586 est
990 1554 1100 1586 eam
1137 1540 1186 1586 in
1211 1538 1357 1587 corde
1383 1538 1526 1586 suo⁸.'
1599 1538 1765 1601 Opera
1799 1546 1964 1587 tamen
1999 1539 2136 1588 istius
2159 1539 2332 1589 volun-

575 1618 709 1667 tatis4
732 1619 972 1668 indebitae
993 1621 1262 1668 consistunt
1282 1621 1603 1668 communiter
1622 1620 1748 1668 circa
1764 1621 1986 1668 virtutem
2003 1621 2331 1683 generativam

574 1708 622 1748 et
657 1701 761 1764 ejus
798 1703 1082 1764 subjectum,
1109 1709 1157 1750 et
1180 1718 1266 1764 per
1296 1716 1601 1765 consequens
1637 1702 1765 1750 circa
1793 1710 1975 1750 tactum
1999 1704 2331 1752 membrorum

574 1783 964 1844 generativorum
988 1783 1142 1831 taliter
1165 1798 1497 1832 nervosorum.

641 1862 843 1910 Alz'tlzz'a.
914 1863 1127 1912 Pseustis
1159 1864 1236 1929 hic
1271 1865 1449 1927 objicit,
1475 1872 1524 1912 et
1558 1865 1684 1912 circa
1707 1863 1835 1912 istud
1867 1865 1916 1912 in
1940 1873 2074 1928 parte
2098 1866 2330 1915 mussito:

576 1958 688 1991 cum
728 1958 815 2007 per
856 1959 908 1992 se
949 1945 1058 1993 finis
1098 1944 1239 2008 hujus
1280 1954 1415 1993 actus
1457 1945 1732 1993 naturaliter
1771 1946 2031 1995 intenditur
2070 1962 2100 1994 a
2141 1955 2327 2007 natura,

574 2025 758 2072 videtur
781 2026 914 2088 quod
950 2034 1120 2074 natura
1155 2035 1202 2073 et
1227 2027 1294 2074 sic
1318 2026 1454 2075 Deus
1490 2024 1754 2073 ordinavit⁶
1777 2027 1939 2075 media
1974 2035 2022 2075 et
2057 2029 2126 2076 sic
2155 2042 2329 2091 opera-

574 2106 732 2153 tiones
756 2107 1031 2154 naturaliter
1055 2106 1117 2154 ad
1141 2107 1365 2155 eundem.
1440 2106 1572 2155 Sicut
1596 2122 1713 2169 ergo
1732 2106 1868 2156 Deus
1893 2109 2168 2168 ordinavit⁶,
2189 2110 2325 2172 quod

572 2185 723 2233 homo
769 2195 1021 2248 generaret
1062 2187 1313 2235 hominem
1350 2188 1617 2236 secundum
1660 2203 1811 2236 sexus
1847 2189 2230 2249 discretionem⁷‚
2273 2198 2321 2239 et

574 2266 834 2314 ordinavit⁸
870 2269 1090 2316 membra
1126 2268 1209 2316 ac⁹
1244 2270 1436 2317 virtutes
1472 2268 1534 2316 ad
1570 2269 1724 2317 taliter
1757 2270 2128 2331 procreandum,
2156 2272 2224 2320 sic
2260 2272 2328 2319 vi-

575 2347 713 2395 detur
737 2363 842 2396 esse
867 2347 1048 2396 licitum
1072 2357 1118 2396 et
1143 2349 1253 2397 Deo
1279 2349 1508 2411 placitum
1533 2350 1665 2412 quod
1690 2350 1840 2398 homo
1867 2352 1935 2399 sic
1959 2361 2194 2414 procreet,
2214 2354 2327 2416 quia

574 2430 635 2476 ab
661 2444 736 2486 e0,
762 2430 844 2491 qui
868 2444 970 2476 non
994 2438 1154 2492 potest
1178 2432 1228 2477 in
1253 2429 1556 2478 ordinatione
1583 2431 1802 2489 deficere,
1829 2432 1898 2480 sic
1922 2440 1995 2480 est
2025 2434 2328 2483 aeternaliter

573 2510 861 2558 ordinatum.
939 2509 1209 2569 Quomodo
1251 2525 1370 2573 ergo
1413 2526 1516 2558 non
1559 2511 1865 2560 mereretur¹⁰
1905 2513 2057 2562 homo
2097 2514 2150 2562 in
2190 2530 2325 2564 com-

572 2590 782 2651 pletione
820 2591 1139 2639 ordinationis
1175 2591 1378 2650 divinae,
1405 2607 1517 2640 cum
1553 2594 1786 2651 membra,
1818 2595 2018 2643 materia
2052 2603 2100 2644 et
2134 2596 2325 2645 virtus¹¹

572 2686 628 2719 ac
652 2672 913 2720 vehemens
938 2674 1178 2735 appetitus
1202 2673 1355 2721 taliter
1378 2674 1667 2736 procreandi
1686 2675 1962 2727 naturaliter
1981 2677 2075 2725 sint
2085 2674 2122 2703 ¹²
2138 2677 2326 2726 homini

570 2753 725 2811 insita,
762 2753 887 2801 sicut
922 2762 969 2801 et
1005 2755 1171 2801 omnia
1206 2754 1269 2802 ad
1305 2753 1683 2816 completionem
1718 2756 1840 2804 illius
1882 2758 2043 2819 operis
2084 2752 2323 2821 requisita.

570 2833 633 2881 Et
688 2842 790 2882 tota
836 2837 924 2883 ista
979 2836 1179 2883 materia
1225 2843 1452 2884 tractatur
1500 2834 1669 2885 diffuse
1715 2852 1803 2900 per
1849 2839 2195 2888 anatomicos¹³
2240 2855 2324 2889 na—

570 2915 760 2964 turales.

638 2996 909 3045 Phronesz's.
982 2997 1083 3045 Hic
1109 2997 1219 3045 dico
1253 2998 1337 3045 tibi
1370 3006 1416 3046 et
1442 2997 1633 3046 cuilibet
1667 2998 1843 3046 stolido
1880 2998 2164 3060 adversanti,
2190 3005 2324 3068 quod

572 3078 843 3138 procreatio
885 3085 933 3125 et
973 3077 1122 3140 prolis
1163 3078 1412 3139 generatio
1454 3078 1576 3126 sicut
1618 3086 1665 3125 et
1702 3094 1790 3126 sua
1827 3080 1988 3127 media
2022 3089 2093 3128 est
2134 3081 2322 3130 homini

626 3232 639 3255 ¹
667 3232 879 3285 voluntas]
899 3233 1104 3285 voluptas,
1126 3234 1173 3272 B.
1337 3232 1353 3256 ²
1381 3233 1541 3284 sensus]
1565 3246 1768 3279 sensuum,
1791 3233 1846 3272 D.
1867 3234 1930 3274 ed.
1951 3247 2012 3287 pr.
2191 3237 2208 3261 ³
2235 3251 2323 3279 mu-

569 3286 888 3327 lierem—corde
908 3287 1004 3339 suo]
1026 3300 1107 3327 om.
1128 3288 1191 3327 ed.
1212 3299 1272 3339 pr.
1438 3286 1452 3308 ⁴
1479 3287 1721 3339 voluntatis]
1743 3288 1980 3340 voluptatis,
2002 3289 2048 3328 Β.
2171 3290 2188 3314 ⁵
2215 3293 2322 3332 ordi-

569 3341 700 3392 navit]
723 3341 898 3387 ordinat,
919 3341 1073 3381 A.B.C.
1294 3342 1309 3364 ⁶
1337 3341 1560 3392 ordinavit]
1582 3341 1755 3387 ordinat,
1776 3342 1878 3381 Α.Β.
2131 3344 2146 3367 ⁷
2173 3346 2321 3386 disere-

571 3394 743 3446 tionem]
766 3395 1080 3441 distinctionem,
1103 3395 1157 3434 D.
1340 3395 1354 3418 ⁸
1383 3394 1606 3446 ordinavit]
1624 3395 1799 3442 ordinat,
1820 3396 1910 3435 Α.Β
2090 3397 2106 3421 ⁹
2134 3401 2320 3440 membra

570 3448 638 3498 ac]
660 3462 741 3487 om.
758 3449 821 3488 ed.
842 3462 902 3500 pr.
1087 3450 1116 3474 1⁰
1145 3449 1383 3500 mereretur]
1405 3455 1594 3495 meretur,
1616 3449 1718 3488 A.B.
1909 3449 1939 3472 ¹¹
1969 3451 2115 3503 virtus]
2136 3452 2319 3500 virtutes,

571 3501 675 3540 C.D.
697 3502 760 3541 ed.
782 3516 841 3553 pr.
1054 3503 1084 3526 ¹²
1113 3502 1214 3555 sint]
1237 3508 1342 3550 sunt,
1366 3503 1420 3542 D.
1440 3503 1503 3543 ed.
1524 3516 1584 3555 pr.
1784 3503 1812 3525 ¹³
1840 3505 2115 3558 anatomicos]
2136 3506 2290 3548 A.B.C.
2308 3523 2318 3554 3

569 3555 863 3596 anathomicos.
