2436 4094
50 1423 52 1426 ,
26 1287 65 1369 Iis-ts.
30 1226 58 1275 ξαρ
27 1131 66 1211 *ζᾱΐῗ

767 326 1522 376 PROLEGOMENA.
2055 341 2086 394 9

175 458 330 522 major
354 459 563 508 sollertia
587 471 732 524 atque
755 461 893 510 labor
922 463 972 510 in
1005 478 1155 525 opera
1188 471 1468 510 sanctorum
1500 460 1697 508 Patrum
1729 460 1978 524 impensus
2000 470 2087 520 est,

173 556 322 611 quam
345 548 396 596 in
418 547 516 596 hoc
540 548 714 598 Wiclifi
738 565 892 613 opus;
936 567 1034 614 qua
1056 552 1108 599 in
1129 567 1181 600 re
1205 550 1427 608 Bohemi,
1454 549 1660 614 Joannis
1694 549 1824 599 Husi
1857 550 2088 608 asseclae,

90 678 106 684 ,
173 643 290 699 p‘rae
322 635 498 698 Anglis
535 637 808 687 elaborasse
844 639 1078 688 videntur.
1148 639 1294 688 Unde
1337 640 1505 698 elucet,
1543 645 1753 703 quantae
1795 637 2089 686 auctoritatis

174 724 306 790 apud
328 725 508 774 multos
533 726 795 790 Trialogus
820 728 972 777 fuerit.

182 841 184 847 ·
243 812 419 862 Seculo
454 816 710 877 posteriori
747 831 860 863 cum
895 819 1067 866 veritas
1109 818 1389 881 evangelica
1423 817 1670 876 reluceret,
1706 816 1824 880 quid
1863 815 1924 864 de
1965 816 2088 864 libro

173 901 268 951 isto
294 901 563 965 judicatum
589 904 662 962 sit,
687 919 750 951 ex
782 905 989 968 prologo
1023 906 1222 954 editioni
1246 907 1452 969 principi
1484 907 1752 969 praemisso
1787 919 2090 968 cognoscere

172 990 296 1039 licet.
320 1004 323 1014 ’
366 990 564 1054 Prologi
587 992 730 1056 hujus
757 1002 939 1052 auctor,
964 996 1162 1043 nomine
1195 1003 1337 1043 tenus
1370 996 1510 1043 nobis
1542 1010 1743 1058 prorsus
1767 995 1977 1057 ignotus,
2004 994 2091 1042 sed

172 1086 223 1128 et
243 1080 478 1144 evangelii
501 1082 857 1131 amantissimus
882 1091 930 1131 et
960 1083 1202 1131 literarum
1233 1083 1575 1132 humaniorum
1599 1084 1926 1146 peritissimuS,
1952 1083 2093 1131 Tria-

171 1168 341 1232 logum
363 1169 623 1220 lectoribus
654 1172 964 1221 vehementer
996 1173 1322 1232 commendat,
1348 1175 1528 1236 quippe
1561 1174 1644 1236 qui
1677 1174 1735 1221 sit
1768 1173 1915 1221 animi
1943 1172 2010 1235 pii
2034 1186 2092 1219 ac

172 1258 326 1306 sancti
358 1257 708 1308 documentum
739 1260 1185 1310 luculentissimum.
1255 1260 1498 1326 Joannem
1528 1261 1775 1310 Wiclifum
1807 1262 1981 1324 ipsum,
2015 1259 2092 1308 ille

173 1347 343 1410 pergit,
380 1347 528 1398 fuisse
553 1364 732 1402 ⁴verum
769 1349 947 1399 Christi
982 1359 1172 1411 testem,
1209 1352 1291 1415 qui
1327 1352 1455 1400 bene
1490 1351 1693 1409 noverit,

758 1488 768 1508 ‘
785 1483 902 1547 quid
939 1483 1116 1532 distent
1151 1499 1263 1533 aera
1297 1482 1502 1547 lupiniS,'

172 1617 202 1667 i.
212 1633 255 1668 e.
280 1619 364 1683 qui
388 1635 552 1669 veram
571 1628 715 1685 atque
733 1623 1000 1685 genuinam
1020 1621 1200 1671 Christi
1217 1623 1466 1670 veritatem
1486 1638 1515 1670 a
1540 1622 1789 1670 sententiis
1814 1621 2094 1671 humanitus

171 1706 295 1756 fictis
328 1716 378 1758 et
412 1709 691 1759 adulterinis
731 1712 858 1759 bene
901 1711 1183 1769 distinxerit,
1222 1718 1270 1758 et
1310 1711 1584 1759 doctrinam
1626 1711 1890 1773 scripturae
1928 1726 2093 1759 sacrae

174 1797 482 1847 conformem
540 1800 664 1848 inter
723 1799 1026 1863 Cymmerias
1084 1800 1310 1847 tenebras
1371 1799 1602 1847 docuerit.
1698 1802 1710 1822 ‘
1730 1797 1833 1845 Stili
1892 1798 2092 1860 quidem

173 1887 512 1949 asperitatem‚’
560 1903 658 1952 qua
704 1888 966 1952 Trialogus
1012 1888 1214 1947 laborat,
1260 1889 1464 1951 scriptor
1510 1887 1615 1945 iste,
1663 1893 1833 1949 utpote
1875 1894 2091 1934 veterum

173 1971 476 2025 Graecorum
522 1976 905 2042 Latinorumque
955 1978 1081 2026 bene
1128 1992 1324 2041 gnaruS‚
1367 1977 1481 2024 satis
1529 1975 1775 2038 cognovit.
1862 1973 1960 2022 Sed
2000 1974 2092 2023 hac

172 2065 234 2115 de
257 2081 309 2115 re
341 2067 498 2130 primo
534 2068 738 2127 monuit,
764 2070 777 2092 ‘
796 2083 899 2116 non
935 2068 1167 2116 eminenti
1202 2082 1443 2125 sermone,
1482 2065 1569 2114 sed
1604 2065 1655 2113 in
1689 2065 1859 2112 virtute
1884 2079 2091 2127 regnum

172 2153 267 2203 Dei
289 2155 566 2204 consistere'
595 2157 664 2216 (1.
689 2155 907 2206 Corinth.
936 2173 981 2216 4,
1012 2158 1112 2217 20),
1138 2156 1346 2222 veritatis
1372 2154 1642 2218 simplicem
1668 2168 1776 2202 esse
1801 2154 2090 2211 orationem,

171 2243 473 2306 simplicitate
498 2244 590 2293 stili
613 2245 878 2294 candorem
897 2245 1072 2294 Wiclifi
1095 2253 1144 2294 et
1173 2245 1349 2293 mentis
1372 2244 1705 2293 innocentiam
1729 2242 2094 2305 repraesentari,

173 2346 286 2380 cum
305 2340 474 2382 auctor
496 2334 653 2397 magis
672 2349 776 2383 rem
795 2335 952 2398 ipsam
971 2334 1186 2398 proferat
1204 2349 1352 2398 quam
1371 2331 1587 2382 Atticum
1603 2331 1843 2381 sermonis
1858 2330 2093 2394 leporem,

172 2435 235 2471 ne
260 2420 382 2470 forte
410 2422 577 2471 lumen
609 2423 700 2471 soli
731 2423 910 2472 addere
939 2423 1168 2472 videatur.
1241 2423 1498 2472 Praeterea
1528 2421 1722 2485 prologi
1754 2420 1960 2482 scriptor
1989 2433 2093 2467 non

171 2524 370 2583 prorsus
393 2511 570 2560 infitias
594 2512 690 2571 ivit,
716 2512 951 2561 nonnulla
977 2517 988 2537 ‘
1005 2527 1173 2575 aspere
1198 2512 1524 2575 perplexeque
1545 2510 1672 2558 dicta
1696 2523 1818 2567 esse,
1843 2506 2094 2555 Wiclifum

173 2604 186 2625 ‘
202 2600 364 2649 crudis
388 2599 749 2648 dialecticorum
777 2601 1024 2650 vocabulis
1056 2598 1168 2660 uti'3
1207 2600 1294 2648 sed
1324 2601 1438 2647 vitia
1459 2600 1550 2647 ista
1581 2596 1818 2646 benevole
1851 2610 2092 2644 excusans

171 2688 225 2736 in
256 2688 544 2736 memoriam
574 2687 812 2736 lectorum
842 2689 1033 2738 reduxit
1057 2688 1205 2737 seculi
1228 2688 1351 2735 illius
1383 2686 1635 2749 ingenium
1669 2685 1795 2733 adeo
1821 2687 1833 2708 ‘
1851 2683 2008 2731 sterile
2033 2698 2090 2730 ac

171 2775 369 2837 infelix',
393 2785 447 2826 ut
469 2776 690 2826 Wiclifus
722 2793 824 2825 non
856 2785 1023 2841 posset
1056 2792 1116 2826 eo
1151 2791 1250 2840 quo
1285 2776 1489 2824 decebat
1517 2775 1674 2822 nitore
1699 2778 1710 2798 ‘
1728 2773 1966 2821 coelestes
1999 2773 2091 2821 sibi

172 2865 310 2915 datas
335 2881 458 2930 opes
481 2869 695 2916 exactius
719 2867 984 2930 posteritati
1010 2862 1333 2914 demandare.'

241 2955 496 3016 Quantum
519 2955 698 3005 distant
722 2957 785 3005 ab
809 2956 900 3004 hac
925 2956 1262 3004 aestimatione
1287 2953 1610 3002 recentiorum
1634 2951 1846 3015 judicia!
1907 2949 2092 3017 Nostra

159 3046 306 3120 *enim
329 3054 483 3095 aetate
506 3046 653 3109 longe
677 3046 869 3110 plurimi
894 3046 1181 3109 Trialogum
1206 3045 1339 3108 parvi
1363 3044 1558 3092 faciunt.
1628 3041 1855 3088 Flatlu'us
1878 3041 2092 3103 exempli

173 3136 326 3199 gratia
357 3135 477 3185 haec
500 3135 600 3184 fere
632 3137 778 3184 verba
814 3135 954 3184 facit:
993 3139 1004 3160 ‘
1022 3150 1184 3183 sermo
1218 3133 1419 3182 difficilis
1444 3139 1588 3194 atque
1613 3129 1868 3187 tumidior3
1912 3128 2090 3177 modus

173 3239 251 3274 res
274 3225 511 3274 tractandi
535 3227 774 3274 obscurus
804 3233 852 3273 et
876 3224 1150 3287 perplexus,
1176 3223 1242 3271 ita
1275 3230 1328 3270 ut
1353 3220 1573 3269 Wiclifus
1611 3218 1834 3268 facultate
1869 3218 2088 3279 graviter,

173 3315 442 3379 perspicue,
473 3322 674 3363 venuste
707 3315 901 3363 dicendi
927 3314 1137 3362 caruisse
1169 3311 1400 3359 videatur.
1470 3308 1672 3365 Elicere‚
1706 3305 1824 3369 quid
1856 3306 1945 3354 sibi
1980 3305 2090 3353 velit

173 3413 355 3466 auctor,
378 3403 509 3454 haud
532 3419 642 3460 raro
676 3403 909 3452 difficilius
933 3411 1019 3462 est,
1052 3417 1212 3465 neque
1243 3401 1394 3448 lector
1417 3413 1577 3446 rerum
1612 3396 1823 3444 novitate
1860 3401 1942 3443 aut
1977 3409 2088 3442 sen-

174 3495 431 3543 tentiarum
453 3494 683 3558 gravitate
707 3493 885 3543 laboris
909 3492 1116 3555 pretium
1140 3490 1356 3539 nancisci
1381 3487 1516 3538 solet'
1546 3485 1794 3548 (men,
1824 3482 2090 3532 Geschz‘chte

174 3582 256 3635 der
291 3583 560 3652 Vorlaeufir
582 3584 663 3633 der
686 3582 1028 3649 Reformalz‘on,
1059 3581 1203 3642 1836,
1229 3579 1300 3628 11.
1332 3575 1466 3643 230).
1539 3575 1762 3626 Similiter
1785 3573 2003 3622 Baurius
2028 3572 2088 3620 de
