2436 4094
1014 441 1435 505 JOANNJS
1478 441 1825 491 WICLIF
2176 458 2298 488 mar.

558 576 854 639 significant1
893 575 1209 623 substantiam
1246 575 1457 622 meram²
1488 590 1599 622 curn
1636 575 1878 638 qualitate,
1904 574 2000 623 hoc
2036 582 2123 633 est,
2156 585 2302 636 supra

558 659 767 706 divinam
792 657 1053 705 essentiam
1083 656 1156 704 vel
1190 671 1295 704 esse
1329 656 1622 719 intelligibile
1656 666 1900 705 creaturae
1933 655 2117 704 addunt
2148 654 2300 718 quali-

555 747 717 796 tatem,
760 740 809 785 in
855 737 976 800 qua³
1021 752 1099 785 res
1146 737 1252 785 talis
1297 738 1578 800 producitur
1624 740 1674 786 in
1721 753 1828 786 esse
1871 738 2090 796 existere,
2130 744 2183 786 ut
2222 737 2300 785 isti

555 820 746 868 termini
773 819 950 866 ‘homo
988 819 1178 866 animal'
1207 835 1318 867 cum
1355 820 1444 867 sibi
1479 820 1712 868 similibus
1750 819 2042 868 connotant⁴
2061 818 2300 868 actualem

553 901 870 958 existentiam,
897 916 1044 963 quam
1068 900 1250 948 habent
1274 916 1334 949 ex
1368 902 1612 950 creatione
1646 902 1740 949 Dei
1765 902 1827 950 ad
1851 909 1999 960 extra,
2024 909 2071 949 et
2103 901 2172 949 sic
2195 914 2299 948 non

555 989 824 1030 connotant
847 983 952 1044 ipsa
975 983 1282 1044 pronomina.
1354 983 1417 1030 Et
1441 992 1584 1045 patet,
1611 984 1745 1046 quod
1768 991 1897 1031 totus
1922 997 2053 1031 error
2075 983 2126 1030 in
2149 982 2298 1044 scrip-

552 1072 684 1111 turae
717 1079 882 1111 sacrae
915 1064 1098 1123 notitia,
1125 1072 1172 1112 et
1196 1079 1343 1126 quare
1374 1065 1553 1112 idiotae
1583 1066 1740 1128 ipsam
1766 1066 1834 1113 sic
1858 1065 2130 1128 turpificant
2152 1071 2298 1126 atque

555 1145 850 1203 falsificant5,
884 1153 957 1193 est
991 1161 1052 1193 ex
1084 1147 1428 1208 grammaticae
1461 1155 1509 1194 et
1543 1147 1731 1209 logicae
1765 1146 2065 1210 ignorantia3
2119 1153 2166 1193 et
2204 1144 2298 1196 nisi

551 1226 685 1274 Deus
711 1227 944 1289 adjuverit
968 1227 1031 1275 ad
1062 1228 1153 1275 ista
1177 1228 1451 1276 rudimenta
1475 1228 1586 1276 fidei
1611 1228 1970 1291 cognoscenda,
1996 1227 2116 1276 fides
2146 1226 2296 1289 scrip·-

550 1316 684 1356 turae
709 1309 796 1356 erit
820 1309 1022 1356 nimium
1047 1310 1346 1372 parvipensa.
1775 1372 1791 1391 x

617 1390 754 1438 Patet
805 1392 992 1437 secundo
1044 1391 1215 1439 veritas
1268 1392 1548 1451 sententiae,
1602 1407 1751 1454 quam
1804 1391 2100 1454 Augustinus
2149 1404 2297 1453 saepe
2330 1389 2345 1399 “

549 1472 770 1530 inculcat,
797 1473 987 1531 scilicet,
1013 1473 1148 1535 quod
1172 1474 1212 1521 si
1244 1473 1404 1535 aliqua
1437 1474 1497 1521 sit
1528 1474 1716 1531 veritas,
1741 1473 1846 1535 ipsa
1869 1479 1942 1520 est
1964 1472 2015 1519 in
2048 1472 2296 1534 scriptura.

550 1553 695 1601 Nulla
731 1554 928 1616 quidem
965 1563 1037 1602 est
1073 1555 1305 1603 subtilitas
1341 1556 1390 1602 in
1426 1555 1756 1618 grammatica,
1795 1554 1870 1601 in⁶
1900 1553 2063 1615 logica
2096 1552 2172 1601 vel
2206 1551 2298 1601 alia

551 1636 749 1683 scientia
781 1636 1096 1694 nominanda,
1122 1637 1239 1698 quin
1271 1637 1330 1684 sit
1362 1637 1673 1685 excellentius
1704 1637 1754 1684 in
1787 1636 2032 1698 scriptura.
2101 1633 2167 1684 Et
2187 1633 2298 1684 licet

549 1732 696 1765 voces
729 1725 810 1765 aut
844 1718 1142 1766 characteres
1176 1718 1294 1766 tales
1329 1718 1571 1776 deficiunt,
1605 1716 1864 1780 scriptura⁷
1897 1725 2062 1766 tamen
2093 1716 2144 1766 in
2174 1715 2297 1767 libro

550 1798 673 1847 vitae
710 1813 812 1846 non
848 1806 1009 1861 potest
1042 1799 1411 1861 deficere,‘quia,
1444 1808 1498 1847 ut
1521 1807 1720 1847 testatur
1744 1799 1929 1846 subtilis
1965 1795 2296 1860 evangelista⁸,

549 1894 651 1927 non
675 1888 835 1942 potest
861 1881 979 1928 solvi
1005 1882 1239 1943 scriptura
1258 1896 1406 1943 quam
1422 1889 1558 1943 pater
1577 1881 1902 1929 sanctificavit.
1974 1879 2112 1939 Quis,
2132 1877 2295 1942 rogo⁹,

549 1969 708 2023 potest
733 1962 916 2009 solvere
943 1963 1304 2010 connexionem
1327 1963 1579 2010 veritatum
1603 1961 1880 2024 hujusmodi
1904 1962 2238 2009 aeternarum?

616 2042 679 2089 Et
713 2050 844 2104 patet
879 2045 1022 2101 terlio,
1064 2043 1319 2106 quomodo
1358 2051 1470 2091 sunt
1507 2044 1722 2092 solvendi
1761 2044 1985 2106 objectus
2019 2057 2296 2105 puerorum,

549 2124 630 2185 qui
654 2132 825 2186 putant
851 2140 910 2171 ex
936 2125 1026 2172 ista
1051 2126 1262 2183 scientia,
1289 2125 1423 2187 quod
1456 2126 1617 2172 omnis
1647 2125 1799 2173 homo
1827 2133 1876 2173 et
1899 2125 2140 2187 quaelibet
2163 2139 2296 2174 crea-

549 2213 653 2255 tura
678 2205 737 2252 sit
755 2205 891 2253 Deus
915 2206 1034 2268 ipse,
1057 2207 1171 2268 quia
1188 2207 1282 2254 vita
1305 2207 1473 2269 prima.
1545 2206 1676 2254 Nam
1695 2207 1734 2254 si
1754 2206 1849 2254 hoc
1873 2214 1960 2264 est,
1985 2206 2082 2254 hoc
2106 2214 2179 2254 est
2201 2207 2298 2255 vita

547 2287 715 2348 prima,
741 2287 768 2333 i.
780 2302 821 2334 e.
841 2287 993 2346 Deus,
1017 2288 1092 2336 vel
1123 2288 1282 2336 divina
1315 2289 1561 2351 sapientia.
1631 2288 1695 2336 Et
1717 2288 1812 2336 hoc
1836 2295 1909 2336 est
1932 2287 2084 2348 homo
2107 2287 2182 2335 vel
2205 2288 2298 2339 alia

548 2369 856 2416 nominabilis
882 2377 1112 2428 creatura,
1139 2385 1256 2432 ergo
1282 2385 1385 2418 non
1410 2369 1613 2432 potest²⁰
1643 2385 1750 2418 esse
1774 2370 1926 2417 homo
1950 2369 2025 2417 vel
2049 2369 2141 2418 alia
2163 2385 2294 2421 crea-

548 2458 667 2507 tura,
711 2450 802 2497 nisi
844 2450 984 2498 fuerit
1023 2451 1119 2499 vita
1160 2452 1329 2513 prima.
1419 2451 1627 2514 Oportet
1674 2451 1804 2499 enim
1846 2466 2122 2514 supponere
2159 2452 2299 2514 juxta

547 2531 843 2594 praedictam
868 2533 1250 2594 grammaticam,
1271 2532 1405 2595 quod
1424 2534 1638 2591 nomina,
1664 2533 1816 2580 modo
1842 2547 1942 2595 quo
1967 2533 2152 2591 dicitur,
2177 2547 2296 2583 con-

547 2620 719 2660 notant
766 2614 1058 2675 qualitatem,
1106 2615 1400 2675 pronomina
1447 2622 1609 2662 autem
1658 2614 1933 2676 significant
1979 2614 2297 2665 substantiam

549 2709 748 2752 meram,
775 2703 822 2742 et
860 2695 927 2742 sic
961 2703 1035 2743 est
1067 2696 1367 2743 extraneatio
1402 2696 1765 2758 significationis
1799 2703 1846 2743 et
1878 2697 2224 2759 suppositionis
2246 2696 2299 2744 in

547 2775 758 2828 illatione
801 2777 883 2824 tali
924 2784 1096 2825 vocata
1139 2777 1446 2839 expositoria.
1530 2777 1594 2824 Et
1633 2785 1766 2840 patet
1807 2793 1868 2825 ex
1903 2778 2062 2840 posita
2095 2779 2295 2836 ratione,

548 2858 800 2920 quomodo
839 2859 1044 2920 pueriles
1079 2859 1353 2920 turpissime
1388 2858 1729 2920 paralogisant‚
1754 2867 1807 2907 ut
1843 2859 1883 2907 si
1917 2859 2014 2908 hoc
2049 2859 2109 2908 sit
2134 2861 2297 2908 'aeter-

547 2954 678 2996 num,
705 2940 818 3002 quia
854 2940 1123 2987 secundum
1160 2955 1267 2987 esse
1304 2955 1446 2999 suum
1481 2940 1772 3002 intelligibile
1809 2947 1952 3003 atque
1986 2941 2210 3002 primum,
2247 2949 2297 2991 et

546 3019 641 3067 hoc
681 3029 752 3068 est
788 3022 875 3068 iste
912 3021 1078 3080 homo,
1116 3022 1229 3083 quia
1265 3022 1316 3068 in
1350 3036 1456 3069 esse
1493 3036 1581 3068 suo
1618 3023 1821 3069 existere
1858 3021 2125 3070 secundum
2161 3022 2296 3085 quod

548 3110 733 3149 creatur
759 3119 787 3150 a
809 3102 935 3161 Deo,
961 3118 1079 3166 ergo
1102 3103 1192 3151 iste
1218 3103 1370 3150 homo
1405 3102 1675 3150 secundum
1707 3102 1823 3151 illud
1854 3117 1961 3153 esse
1993 3103 2196 3152 existere
2220 3112 2294 3154 est

549 3192 786 3232 aeternus.

603 3291 616 3313 1
645 3291 1115 3345 nomina-significant]
1136 3291 1556 3343 nomen—significat,
1577 3291 1679 3331 A.B.
1835 3291 1852 3315 ²
1876 3304 2032 3332 meram
2051 3304 2145 3332 cum
2164 3293 2293 3345 quali-

549 3345 651 3397 tate]
674 3359 766 3385 cum
787 3347 982 3399 qualitate
1000 3360 1124 3393 mera,
1145 3347 1197 3386 A.
1380 3346 1395 3368 ³
1422 3347 1577 3386 addunt
1597 3346 1835 3399 qualitatem
1853 3346 1895 3385 in
1914 3346 2012 3398 qua]
2033 3346 2147 3386 addit
2166 3347 2291 3399 quali-

550 3404 689 3445 tatem,
712 3413 803 3452 qua,
825 3403 876 3440 A.
899 3402 1099 3441 secundae
1117 3413 1274 3440 manus,
1509 3400 1524 3423 ⁴
1552 3401 1795 3452 connotant]
1818 3401 2122 3449 connominant‚
2143 3402 2206 3441 ed.
2227 3415 2288 3454 pr.

549 3451 563 3473 ⁵
590 3452 825 3506 falsificant]
847 3455 1148 3507 blasphemant,
1170 3458 1219 3493 D.
1348 3456 1364 3479 ⁶
1393 3455 1453 3507 in]
1475 3455 1552 3500 vel,
1574 3455 1727 3495 A.B.C.
1748 3455 1810 3495 ed.
1830 3468 1890 3507 pr.
2027 3454 2042 3476 ⁷
2071 3455 2287 3508 scriptura]

549 3505 591 3543 in
611 3507 821 3558 scriptura,
844 3510 994 3548 A.B.C.
1017 3510 1078 3549 ed.
1100 3523 1160 3562 pr.
1328 3511 1342 3532 ⁸
1371 3509 1637 3562 evangelista]
1659 3509 1907 3560 evangelista
1926 3509 2095 3561 Joannis
2114 3523 2151 3548 X.
2173 3510 2226 3548 D.
2247 3510 2291 3549 in

551 3560 743 3650 rrgargine
762 3562 912 3602 A.B.C.
935 3563 997 3603 ed.
1019 3577 1078 3615 pr.
1096 3564 1138 3604 in
1159 3569 1282 3604 textu.
1359 3566 1374 3588 9
1404 3564 1525 3616 rogo]
1547 3577 1659 3616 ergo,
1680 3564 1742 3603 ed.
1765 3577 1824 3616 pr.
1882 3563 1911 3585 ¹⁰
1931 3563 2086 3615 potest]
2104 3569 2289 3616 possunt.

550 3625 572 3652 e
606 3644 613 3652 .
635 3627 694 3664 pr.
2107 3633 2110 3637 .

2038 3686 2220 3721 WICLIF
