2496 4108
414 418 519 472 274

1091 404 1518 469 JOANNJS
1587 405 1935 456 WJCLJF
2236 427 2393 456 mm.

645 541 767 589 foret
807 540 1194 588 habitudinaliter
1232 547 1279 588 et
1320 540 1389 588 sic
1424 540 1611 588 realiter
1651 540 1811 602 ipsum
1848 539 2065 603 corpus¹.
2139 540 2238 589 Sed
2282 534 2392 604 quis

645 623 878 670 sufficeret
902 637 1184 670 enumerare
1211 622 1599 669 inconvenientia
1622 637 1683 669 ex
1707 621 1802 670 hoc
1828 623 2110 684 sequentia?
2181 621 2314 670 Nam
2338 623 2389 670 in

644 702 1027 765 praedicatione²
1052 703 1322 751 secundum
1354 702 1687 751 habitudinem
1720 711 1792 751 est
1825 703 2090 752 conformis
2114 705 2235 753 ratio
2259 712 2394 752 utro-

644 785 804 846 bique.

710 866 984 914 Phronesz's.
1057 866 1232 914 Adhuc
1266 866 1434 914 evadet
1467 854 1622 914 fidelis
1655 865 1832 914 multas
1864 865 1983 914 tales
2016 866 2230 928 argutias
2262 867 2394 915 simi-

644 948 757 1005 aleS,
783 948 897 1009 quia
933 949 1024 995 nisi
1059 948 1254 1010 posses³
1277 949 1498 1010 probare,
1525 947 1658 1010 quod
1684 948 1882 1009 quilibet
1914 948 2174 1010 imponens
2198 948 2392 1011 signum

644 1030 717 1077 vel
736 1031 993 1077 terminum
1012 1029 1074 1077 ad
1093 1030 1384 1092 signandum
1410 1045 1586 1092 corpus
1606 1030 1782 1079 Christi
1801 1029 1875 1077 vel
1894 1029 2024 1078 aliud
2042 1029 2393 1092 assignandum

645 1111 703 1159 sit
726 1111 802 1157 ille
828 1111 910 1173 qui
936 1114 947 1135 ⁶
964 1111 1080 1159 dixit
1112 1119 1160 1159 et
1191 1111 1317 1158 facta
1342 1108 1494 1159 sunt4’
1522 1126 1614 1179 nec
1639 1112 1830 1159 mentiri
1859 1111 2057 1173 poterit⁵
2072 1128 2085 1171 ;
2122 1112 2257 1160 aliter
2290 1126 2394 1160 non

644 1191 926 1254 procederet
965 1200 1047 1239 tua
1088 1193 1273 1254 argutia
1312 1193 1520 1240 simialis.
1591 1192 1713 1240 Ideo
1755 1192 1872 1240 nihil
1912 1200 2055 1255 potes
2092 1193 2392 1241 identificare

644 1274 836 1321 cuilibet
870 1273 944 1321 vel
977 1274 1116 1322 alicui
1152 1274 1299 1330 alteri,
1326 1282 1588 1335 antequam
1623 1274 1714 1320 ista
1749 1274 2077 1322 auctoritativa
2111 1275 2396 1323 excellentia

646 1355 704 1402 sit
729 1356 1085 1403 communicata
1110 1355 1303 1403 cuilibet
1326 1363 1410 1403 tuo
1437 1355 1662 1417 complici
1688 1355 1974 1416 imponenti,
1995 1354 2129 1418 quod
2154 1371 2267 1404 cum
2291 1372 2395 1405 non

644 1443 798 1498 potes,
823 1436 1078 1483 erubescas
1112 1435 1172 1483 de
1197 1435 1492 1498 turpitudine
1524 1444 1634 1483 tuae
1668 1436 1894 1498 argutiae.
1965 1435 2112 1484 Unde
2142 1452 2246 1484 non
2271 1452 2391 1485 con-

646 1516 768 1564 cedo
792 1517 883 1564 ista
906 1518 1052 1564 verba
1084 1517 1342 1579 scripturae
1376 1525 1573 1579 propter
1604 1517 1967 1579 impositionem
2000 1517 2279 1576 humanam,
2307 1518 2396 1566 sed

647 1598 759 1659 quia
781 1598 936 1659 prima
954 1596 1152 1645 veritas6
1176 1597 1281 1645 illa⁷
1305 1598 1431 1645 dicit.
1492 1598 1614 1646 Ideo
1637 1598 1764 1646 hanc
1789 1600 2103 1646 reverentiam
2129 1600 2392 1662 scripturae

649 1678 950 1741 singulariter
982 1693 1173 1726 reservo
1207 1675 1277 1726 et8
1309 1679 1549 1727 humiliter
1580 1679 1644 1726 illi
1677 1678 1914 1727 obediens
1947 1680 2238 1743 integraliter
2270 1680 2396 1728 hanc

650 1759 884 1818 concedo,
910 1767 1144 1821 tanquam
1170 1768 1327 1808 certus
1360 1775 1420 1807 ex
1447 1760 1556 1818 fide,
1581 1760 1715 1822 quod
1739 1760 1870 1808 nulla
1893 1775 2007 1822 pars
2031 1762 2294 1824 scripturae
2321 1777 2398 1810 sa-

640 1856 756 1888 crae
781 1841 956 1903 poterit
979 1855 1084 1888 esse
1103 1840 1236 1889 falsa.
1295 1841 1416 1889 Ideo
1442 1842 1560 1903 quid
1584 1841 1715 1899 mihi,
1737 1841 1870 1903 quod
1893 1842 2148 1904 impositor
2171 1850 2281 1891 tuus
2306 1844 2397 1890 im-

649 1921 886 1984 posuerit⁹
911 1922 1050 1984 signa
1073 1922 1147 1969 vel
1171 1923 1402 1970 terminos
1428 1922 1489 1970 ad
1513 1923 1666 1970 taliter
1690 1922 2079 1984 designandum?
2131 1939 2234 1971 non
2265 1925 2396 1972 enim

649 2011 845 2066 propter
867 2003 963 2051 hoc
994 2005 1189 2051 variabo
1217 1995 1587 2066 responsionem
1613 2004 1675 2052 ad
1700 2004 1956 2064 sensum10,
1982 2020 2129 2068 quem
2154 2007 2300 2055 didici
2334 2023 2395 2056 ex

649 2085 907 2147 scriptura;
962 2092 1014 2132 ut
1056 2086 1094 2132 si
1134 2085 1422 2147 imposueris
1463 2085 1598 2148 quod
1638 2086 1729 2134 ista
1768 2087 2054 2148 propositio,
2096 2087 2276 2137 ‘homo
2323 2097 2398 2138 est

650 2166 841 2224 asinus‚'
868 2166 1105 2229 significet
1128 2166 1387 2229 praecise11
1412 2167 1635 2229 primarie
1661 2166 1827 2214 Deum
1857 2182 1978 2226 esse,
2004 2183 2107 2216 non
2138 2179 2395 2233 propterea

649 2247 932 2304 concedam,
975 2247 1108 2309 quod
1154 2247 1306 2295 homo
1354 2255 1427 2295 est
1473 2248 1651 2306 asinUS,
1695 2263 1786 2295 nec
1833 2250 2220 2311 propositionem
2260 2252 2392 2300 illam

651 2343 800 2390 quam
823 2328 1117 2390 propones12
1131 2344 1143 2387 ;
1182 2343 1283 2376 non
1308 2328 1483 2376 enim¹⁸
1502 2336 1688 2376 tantum
1713 2329 1939 2378 obediam
1958 2331 2256 2394 impositioni
2280 2341 2391 2382 tuae

651 2409 724 2455 vel
748 2409 922 2471 regulis
942 2409 1002 2457 de
1027 2409 1323 2471 obligatione
1341 2410 1416 2457 vel
1439 2411 1736 2472 impositioni
1755 2413 1945 2459 termini
1963 2427 2085 2475 quas
2108 2421 2162 2462 tu
2179 2414 2395 2477 finges14.

653 2490 765 2538 Scio
797 2497 961 2538 tamen
996 2491 1132 2552 quod
1165 2490 1301 2538 labor
1335 2498 1419 2549 est,
1458 2506 1631 2539 omnes
1664 2493 1783 2541 tales
1819 2493 2088 2542 locutiones
2119 2495 2393 2558 figurativas

651 2572 911 2634 scripturae
947 2572 1206 2619 recenter¹⁵
1241 2573 1505 2620 memoriae
1547 2574 1906 2623 commendare.
1979 2575 2077 2624 Sed
2117 2578 2221 2626 scio
2261 2578 2396 2641 quod

651 2653 975 2714 aequivocans
999 2653 1050 2700 in
1073 2653 1432 2715 praedicatione
1456 2654 1708 2702 identica¹⁶
1732 2655 1806 2703 vel
1836 2657 2120 2719 scripturam
2151 2674 2254 2707 non
2278 2675 2397 2708 con-

649 2733 880 2791 siderans,
923 2734 1046 2781 sicut
1086 2750 1188 2782 non
1230 2734 1513 2782 contradicit
1555 2737 1819 2785 sententiae
1868 2739 2141 2800 scripturae,
2184 2741 2253 2788 sic
2294 2755 2396 2789 non

654 2815 838 2877 capitur
860 2815 910 2862 in
934 2824 1015 2863 tua
1038 2816 1393 2878 redargutione,
1418 2825 1469 2864 ut
1496 2817 1714 2865 Christus
1747 2827 1795 2866 et
1819 2818 2037 2882 Baptista
2069 2836 2172 2869 non
2205 2830 2397 2870 contra-

653 2896 876 2943 dixerunt
911 2897 1001 2944 sibi
1041 2897 1171 2959 ipsis,
1213 2897 1323 2945 licet
1366 2896 1584 2946 Christus
1622 2900 1862 2948 concessit
1898 2901 2032 2963 quod
2067 2901 2285 2966 Baptista
2325 2913 2398 2953 est

651 2977 835 3034 Helias,
862 2985 910 3025 et
933 2977 1151 3040 Baptista
1175 2977 1237 3026 ad
1271 2993 1468 3026 sensum
1501 2980 1821 3042 aequivocum
1855 2983 2056 3031 asseruit
2087 2998 2139 3032 se
2164 3000 2268 3033 non
2290 3001 2397 3035 esse

711 3155 722 3177 ¹
753 3155 919 3207 corpus]
942 3167 1090 3207 corpus
1111 3154 1277 3200 Christi,
1298 3155 1360 3194 ed.
1381 3168 1442 3207 pr.
1699 3155 1715 3179 ²
1742 3157 2065 3210 praedicatione]
2087 3161 2398 3212 praeditatione,

652 3208 715 3248 ed.
736 3222 797 3260 pr.
1045 3211 1058 3230 ²¹⁶
1087 3209 1247 3260 posses]
1270 3210 1415 3261 possis,
1436 3210 1499 3249 ed.
1519 3223 1580 3261 pr.
1817 3210 1832 3233 ⁴
1860 3212 1911 3251 cf.
1933 3213 1998 3252 Ps.
2018 3215 2154 3254 xxxiii.
2177 3216 2336 3267 (xxxii.)
2357 3230 2396 3270 9.

652 3261 667 3283 ⁵
695 3263 746 3302 cf.
770 3262 899 3302 Hebr.
920 3263 972 3302 vi.
999 3264 1060 3301 18.
1225 3263 1241 3286 ⁶
1269 3263 1436 3314 veritas]
1459 3276 1541 3303 om.
1562 3263 1625 3304 ed.
1646 3277 1707 3316 pr.
1828 3264 1844 3288 ⁷
1871 3265 1961 3318 illa]
1982 3267 2053 3314 ita,
2073 3268 2229 3309 A.B.C.
2249 3270 2313 3310 ed.
2334 3285 2395 3323 pr.

652 3316 666 3338 ⁸
695 3316 755 3368 et]
773 3317 895 3367 quod,
917 3317 964 3356 B.
985 3317 1140 3369 primae
1159 3329 1316 3361 manus,
1338 3317 1393 3356 D.
1414 3317 1476 3356 ed.
1497 3330 1558 3369 pr.
1861 3320 1876 3342 ⁹
1904 3321 2165 3374 imposuerit]
2186 3323 2396 3376 imposuit,

654 3370 808 3410 A.B.C.
972 3371 1003 3394 1⁰
1030 3371 1084 3410 ad
1104 3370 1286 3422 sensum]
1309 3384 1390 3410 om.
1412 3372 1567 3412 A.B.C.
1588 3372 1789 3413 secundae
1808 3387 1966 3414 manus.
2136 3375 2166 3400 ¹¹
2194 3379 2395 3431 praecise]

650 3424 879 3476 praecipue,
900 3424 949 3464 C.
970 3425 1126 3477 primae
1145 3438 1302 3471 manus,
1323 3425 1385 3464 ed.
1407 3438 1468 3477 pr.
1712 3426 1743 3450 1²
1770 3428 1996 3481 propones]
2018 3430 2228 3482 proponiS‚
2249 3432 2313 3471 ed.
2333 3446 2395 3485 pr.

653 3478 681 3500 1³
710 3478 837 3530 enim]
859 3491 941 3518 om.
962 3479 1025 3519 ed.
1046 3492 1108 3531 pr.
1319 3477 1348 3501 Μ
1376 3478 1525 3531 finges]
1547 3479 1679 3532 fingis,
1699 3481 1748 3521 C.
1769 3482 1833 3521 ed.
1854 3494 1915 3534 pr.
2136 3483 2166 3507 ¹⁶
2194 3486 2395 3539 recenter]

650 3530 851 3578 decenter,
873 3532 921 3573 C.
1141 3532 1171 3556 ¹⁶
1199 3533 1395 3584 identica]
1417 3533 1635 3580 identifica,
1655 3534 1718 3575 ed.
1739 3548 1800 3587 pr.
