2456 4088
320 431 421 481 218
987 428 1411 492 JOANNIS
1468 430 1822 481 WIC'LIF
2143 451 2310 483 numu.

555 564 674 625 quin
710 561 776 609 illi
817 562 1056 621 homines,
1092 564 1175 626 qui
1216 571 1332 612 tunc
1368 563 1571 612 fuissent
1609 566 1768 623 creati,
1807 566 2118 616 solummodo
2156 566 2310 616 salva-

555 646 744 702 buntur,
771 650 819 691 et
847 643 925 691 alii
956 643 1181 692 homines
1213 646 1295 707 qui
1327 661 1387 693 ex
1421 646 1574 708 gratia
1595 645 1689 693 Dei
1724 647 2136 709 superabundanti
2169 661 2317 696 occa-

556 727 691 773 sione
715 725 839 772 illius
864 726 1050 787 peccati
1075 726 1221 774 creati
1254 734 1377 784 sunt,
1404 727 1774 774 misericorditer
1808 727 2178 776 damnabuntur.
2247 725 2312 775 Et

557 807 624 853 sic
648 806 834 854 videtur
858 806 992 868 quod
1026 807 1149 855 sicut
1172 808 1358 855 bonum
1394 823 1501 856 esse
1533 808 1715 856 habent
1747 807 1932 870 lapides
1957 816 2005 856 et
2037 808 2316 857 naturaliter

556 895 789 950 appetunt
813 903 919 935 esse
945 903 1100 945 suum,
1127 889 1194 936 sic
1219 889 1391 936 melius
1416 904 1522 937 esse
1546 889 1727 937 habent
1752 889 1981 947 damnati,
2005 898 2053 938 et
2077 897 2314 952 appetunt

556 968 832 1017 naturaliter
864 984 971 1016 esse
1005 984 1160 1027 suum,
1196 970 1464 1032 specialiter
1498 970 1634 1018 cuml
1665 970 1965 1032 Augustinus
1997 971 2154 1030 docet,
2180 971 2315 1035 quod

555 1051 686 1098 nulla
727 1058 945 1098 creatura
982 1059 1143 1113 potest
1186 1060 1412 1113 appetere
1456 1067 1507 1099 se
1545 1066 1648 1098 non
1689 1067 1813 1099 esse.
1896 1051 1960 1099 Et
1994 1059 2141 1114 patet,
2177 1051 2314 1115 quod

554 1132 718 1180 leviter
754 1139 800 1179 et
835 1131 1001 1180 frivole
1025 1131 1125 1179 vel²
1159 1132 1376 1180 frontose
1413 1134 1682 1191 assumitur,
1710 1133 1843 1194 quod
1879 1133 2120 1182 damnatis
2155 1131 2314 1182 homi-

556 1215 697 1261 nibus
721 1213 891 1261 melius
923 1213 1090 1261 fuisset
1114 1213 1248 1275 quod
1279 1214 1570 1276 principium
1601 1214 1800 1261 humani
1835 1214 2029 1276 generis
2060 1228 2163 1262 non
2198 1228 2315 1277 pec-

556 1303 740 1355 casset;
794 1310 910 1342 nam
947 1295 987 1343 si
1026 1296 1109 1352 sic,
1146 1310 1248 1342 non
1285 1294 1452 1343 fuisset
1493 1296 1561 1343 eis
1596 1303 1712 1344 tunc
1756 1311 1915 1358 neque
1950 1295 2121 1344 melius
2155 1309 2315 1358 neque

555 1377 708 1439 pejus,
735 1375 819 1424 sed
855 1377 1040 1424 ratione
1077 1376 1150 1423 sui
1185 1390 1293 1423 esse
1329 1376 1446 1423 boni
1482 1377 1617 1439 quod
1652 1377 1847 1434 habent,
1875 1377 1935 1425 de
1970 1376 2066 1425 hoc
2097 1377 2309 1425 rationa-

556 1459 711 1505 biliter
734 1457 1110 1520 congauderent.
1180 1457 1244 1505 Et
1279 1465 1516 1519 quantum
1551 1457 1614 1505 ad
1647 1458 1833 1505 bonos³
1856 1459 1907 1505 in
1936 1459 2103 1521 patria,
2129 1459 2312 1507 clarum

558 1548 631 1588 est
654 1538 787 1602 quod
812 1538 1016 1586 charitas
1035 1539 1254 1601 urgeret4
1277 1554 1364 1586 eos
1384 1539 1443 1586 de
1464 1539 1776 1587 damnatione
1802 1540 1968 1588 talium
1988 1540 2314 1603 congaudere,

559 1628 664 1669 tum'
686 1621 799 1683 quia
822 1620 984 1668 vident
1007 1621 1430 1668 rationabilitatem
1466 1629 1514 1668 et
1545 1621 1832 1669 sententiam
1866 1622 2041 1672 summi
2068 1621 2244 1684 judicis
2265 1621 2317 1669 in

559 1701 654 1749 hoc
690 1702 792 1749 fieri
832 1699 959 1766 (quis
995 1716 1113 1764 ergo
1148 1717 1251 1749 non
1285 1702 1518 1764 gauderet
1553 1703 1896 1752 rationabiliter
1932 1702 1994 1751 de
2031 1703 2215 1766 judicio
2249 1703 2317 1751 ita

561 1783 763 1846 pulchro
778 1785 835 1844 ?),
871 1791 976 1830 tum
1017 1784 1176 1841 etiam,
1221 1784 1335 1845 quia
1374 1783 1538 1831 vident
1579 1783 1712 1846 quod
1752 1784 1890 1832 Deus
1930 1800 1992 1832 ex
2034 1799 2123 1832 sua
2162 1785 2318 1847 gratia

563 1865 765 1913 servavit
800 1880 886 1912 eos
921 1879 950 1911 a
987 1865 1299 1926 damnatione
1334 1865 1630 1928 hujusmodi,
1655 1873 1702 1912 et
1738 1866 1870 1913 aliter
1894 1866 2166 1929 potuissent
2199 1865 2316 1914 faci-

564 1947 668 1994 liter
692 1946 1022 1994 condemnari.

1259 2268 1417 2317 CAP.
1454 2268 1639 2316 XXVI.

1175 2397 1250 2445 De
1265 2404 1444 2460 peccato
1465 2398 1704 2461 originali.

634 2535 833 2583 Alitlzia.
906 2534 1080 2593 Video,
1113 2535 1180 2582 mi
1217 2534 1360 2583 frater
1395 2535 1655 2584 Phronesis
1664 2533 1695 2594 ⁵,
1733 2537 1867 2599 quod
1900 2537 2209 2600 probabiliter
2243 2553 2317 2586 re-

567 2617 803 2679 spondisti
845 2617 1061 2679 objectis,
1099 2616 1186 2664 sed
1225 2632 1379 2664 unum
1423 2616 1581 2674 didici,
1619 2617 1755 2679 quod
1790 2618 1842 2665 in
1882 2618 2132 2667 monendo
2170 2627 2217 2667 te
2257 2619 2319 2667 de

567 2706 759 2747 caetero
780 2698 992 2747 Pseustis
1012 2698 1231 2745 habitum
1255 2713 1357 2745 non
1383 2713 1639 2746 assumam.
1715 2697 1814 2747 Sed
1833 2698 1990 2748 adhuc
2009 2699 2127 2747 mihi
2151 2715 2319 2763 super-

567 2789 678 2829 sunt
695 2781 846 2829 multa
870 2781 1029 2839 dubia,
1049 2796 1173 2844 quae
1197 2781 1368 2828 vellem
1391 2781 1568 2828 habere
1592 2780 1831 2829 humiliter
1854 2782 2043 2844 plenius
2066 2783 2319 2832 declarata.

365 2865 463 2927 0gg’ut
566 2862 629 2910 Et
652 2863 863 2925 primum
886 2871 960 2910 est
983 2863 1035 2909 de
1046 2867 1230 2924 peccato
1247 2862 1489 2923 originali,
1516 2862 1767 2924 quomodo
1793 2864 1955 2911 anima
1978 2878 2007 2911 a
2024 2863 2135 2911 Deo
2159 2871 2320 2912 creata

365 2941 486 2994 uffiaaea
566 2953 667 2992 tam
694 2931 884 2992 ‘munda
917 2952 1089 3006 peccat
1119 2958 1209 3006 pro
1242 2944 1440 2991 instanti
1472 2944 1631 3005 primo
1665 2944 1738 2990 sui
1762 2958 1883 3001 esse,
1910 2959 2023 2991 cum
2047 2943 2183 2992 Deus
2215 2959 2319 2992 non

385 3004 422 3032 δι’
567 3027 626 3074 sit
652 3034 819 3074 auctor
841 3026 1041 3087 peccati,
1069 3033 1116 3073 et
1139 3024 1276 3072 Deus
1309 3040 1396 3086 per
1427 3024 1716 3086 prophetam
1748 3023 1875 3082 dicit,
1900 3025 2036 3086 quod
2067 3024 2191 3073 filius
2215 3040 2318 3073 non

566 3102 778 3170 portabit
811 3108 1110 3168 iniquitatem
1145 3107 1292 3168 patris
1325 3121 1416 3153 nec
1441 3121 1468 3152 e
1492 3105 1700 3162 contra⁶,
1727 3104 1814 3152 sed
1837 3106 2169 3168 unusquisque
2193 3121 2321 3156 onus

568 3204 724 3245 suum,
752 3189 871 3236 sicut
896 3188 1009 3235 dicit
1033 3187 1320 3250 apostolus⁷.

635 3270 906 3317 Phronesis.
975 3270 1064 3317 Illa
1104 3284 1229 3331 quae
1268 3268 1381 3325 dixi,
1419 3282 1543 3329 quae
1579 3268 1630 3314 in
1667 3267 1879 3315 Pseustis
1913 3266 2123 3329 persona
2156 3268 2320 3315 leviter
2406 3301 2410 3304 -

624 3414 637 3436 ¹
667 3411 781 3463 cum]
802 3417 952 3457 tamen,
974 3411 1029 3450 D.
1049 3411 1112 3451 ed.
1132 3424 1194 3464 pr.
1358 3409 1374 3432 ²
1402 3409 1546 3450 frivole
1564 3409 1649 3462 vel]
1669 3422 1752 3449 om.
1773 3409 1827 3448 D.
1847 3409 1912 3448 ed.
1931 3421 1993 3461 pr.
2121 3408 2137 3432 ³
2163 3409 2318 3462 bonos]

569 3466 724 3510 beatos,
746 3466 900 3506 A.B.C.
921 3465 983 3505 ed.
1003 3479 1064 3518 pr.
1282 3463 1297 3486 4
1324 3464 1504 3516 urgeret]
1525 3470 1654 3516 urget,
1675 3463 1830 3504 A.B.C.
2035 3463 2049 3485 ⁵
2079 3462 2317 3516 Phronesis]

571 3532 651 3558 om.
675 3520 728 3558 D.
1041 3519 1056 3543 ⁶
1085 3532 1160 3559 nec
1189 3533 1211 3558 e
1240 3518 1404 3570 contra]
1434 3531 1517 3558 om.
1549 3518 1725 3563 A.B.C.;
1770 3517 1821 3557 cf.
1851 3517 1995 3557 Ierem.
2024 3516 2129 3556 xxxi.
2163 3529 2226 3569 29,
2256 3530 2317 3570 sq-

570 3572 584 3593 ⁷
614 3573 706 3611 Gal.
726 3573 778 3611 vi.
801 3583 837 3624 5·
