2462 4114
78 439 231 476 m...
675 421 785 471 TR
803 422 894 470 [Α
917 422 964 470 L
989 423 1032 472 ο
1053 422 1100 472 G
1127 421 1245 477 σε.
1976 439 2076 494 351

82 551 295 603 hominis
319 554 437 604 sciat
455 556 573 618 quid
596 555 739 605 faciat
763 556 945 605 dextra.
1006 556 1196 605 Fratres
1219 565 1382 604 autem
1406 571 1467 604 ex
1493 556 1585 604 ista
1604 557 1841 620 scriptura

19 647 37 707 ἰὴ
82 635 274 685 sedula¹
305 645 354 685 et
376 638 656 686 ostensione
681 639 785 701 ejus
816 637 878 686 ad
911 638 1148 700 populum
1172 637 1426 686 manifeste
1450 638 1679 696 indicant,
1705 639 1841 701 quod

22 711 34 761 ³3
81 717 250 768 dicunt
280 718 461 768 modo²
490 735 542 769 se
567 720 728 782 ipsos³
763 735 869 769 esse
900 725 1101 769 ’sanctos
1136 720 1187 767 in
1212 720 1417 768 ecclesia
1444 728 1492 768 et
1529 720 1768 778 solenneS‚
1794 728 1841 767 et

80 799 191 864 plus
219 815 368 864 quam
392 801 433 849 si
468 809 581 849 ante
617 817 668 849 se
705 802 828 849 tubav
856 801 1123 859 canerent4,
1150 801 1270 849 dant
1303 801 1462 850 literas
1497 802 1841 850 confirmantes

85 896 227 932 suam
244 869 568 941 sanctitatem,
594 898 719 946 quae
742 883 905 931 literae
929 883 1089 931 forent
1112 883 1164 931 in
1183 883 1312 931 cistis
1330 882 1585 930 hominum
1604 892 1839 947 perpetuo

82 972 412 1014 conservatae.
459 963 584 1013 Item
602 979 714 1013 cum
730 980 791 1013 ex
806 964 902 1013 fide
919 964 1154 1027 evangelii
1169 963 1322 1012 homo
1339 965 1495 1024 debet,
1515 980 1627 1013 cum
1642 973 1840 1013 vocatus

14 1051 18 1089 ’ῖ
81 1045 144 1097 sit
167 1045 233 1095 ad
255 1048 464 1095 coenam
487 1046 815 1105 novissimam,
842 1048 892 1094 in
917 1046 1184 1095 novissimo
1209 1046 1320 1094 loco
1346 1047 1644 1105 recumbere,
1671 1046 1840 1095 fratres

7 1128 18 1175 Ῑ
79 1127 226 1191 ergo⁵
261 1143 375 1177 cum
408 1135 657 1187 vocantur,
692 1136 745 1176 ut
780 1128 1016 1191 inquiunt,
1052 1127 1114 1175 ad
1149 1127 1276 1175 hanc
1313 1143 1535 1187 coenam,
1570 1129 1687 1176 dum
1722 1131 1840 1177 nec⁶

2 1271 5 1282 Δ
77 1208 262 1259 habent
296 1209 716 1258 confirmationem
754 1209 828 1258 vel
862 1210 1206 1257 revelationem
1242 1217 1293 1257 ut
1328 1225 1474 1272 supra
1508 1225 1683 1258 omnes
1721 1210 1840 1257 alios

7 1280 22 1354 s
77 1290 200 1341 sint⁷
219 1290 379 1350 locati,
402 1291 589 1340 videtur
612 1291 747 1355 quod
782 1291 902 1340 alios
938 1299 1066 1339 recte
1101 1291 1313 1339 viventes
1349 1300 1484 1339 extra
1518 1291 1609 1340 hos
1646 1292 1841 1339 ordine-s

6 1360 19 1386 '⁵
77 1372 260 1422 debent
283 1381 506 1436 reputare
531 1388 637 1421 esse
662 1374 780 1436 ipsis
804 1373 1043 1431 meliores,
1063 1381 1111 1421 et
1135 1387 1238 1420 non
1264 1372 1357 1421 sic⁸
1377 1373 1551 1421 frustra
1569 1372 1839 1421 concedere

0 1447 9 1463 '⁸
78 1454 240 1504 literas
265 1455 576 1504 excellentius
601 1470 748 1518 supra
766 1454 900 1513 illos;
938 1455 1039 1502 imo
1066 1470 1179 1503 cum
1201 1455 1279 1502 lex
1303 1455 1583 1517 evangelica
1602 1454 1775 1502 Matth.
1794 1470 1839 1501 v·

30 1555 31 1558 ¹
79 1537 271 1596 doceat,
291 1536 428 1600 quod
448 1540 460 1562 ‘
475 1552 798 1600 quaecunque
817 1537 957 1585 vultis
975 1545 1028 1584 ut
1046 1536 1223 1584 faciant
1251 1537 1390 1584 vobis
1414 1535 1654 1594 homines,
1680 1536 1840 1584 facere

75 1619 266 1668 debetis
290 1618 413 1678 illis:
437 1619 624 1668 videtur
647 1619 782 1682 quod
807 1618 1060 1681 supposita
1080 1618 1262 1681 justitia
1287 1618 1616 1680 acquisitionis
1640 1619 1840 1666 istarum

73 1700 318 1750 literarum
353 1699 415 1749 de
449 1700 688 1759 fratribus,
714 1700 882 1748 fratres
918 1699 1099 1748 debent
1123 1700 1269 1748 etiam
1303 1700 1551 1762 acquirere
1584 1700 1742 1748 literas
1778 1700 1839 1748 de

75 1782 374 1846 simplicibus
397 1789 533 1830 extra
555 1781 648 1831 hos
681 1782 892 1840 ordineS,
919 1797 1031 1829 cum
1063 1781 1374 1844 probabiliter
1406 1796 1467 1828 ex
1503 1782 1838 1844 suppositione

76 1864 258 1914 debent
298 1879 592 1927 supponere,
632 1864 768 1927 quod
808 1863 929 1912 tales
969 1863 1131 1912 literae
1174 1863 1283 1926 plus
1326 1863 1395 1910 eis
1441 1862 1654 1911 valerent
1692 1877 1840 1925 quam

75 1946 239 1996 literae
261 1946 498 1995 laicorum
523 1945 584 1994 de
607 1945 832 1994 fratribus
864 1945 1164 2008 impetratae.
1236 1944 1362 1992 Item
1395 1959 1457 1992 ex
1482 1952 1617 2007 parte
1642 1944 1841 1993 fratrum

74 2027 264 2078 videtur
297 2043 404 2078 esse
439 2026 717 2077 Luciferina
751 2027 1099 2090 praesumptio,
1137 2041 1249 2075 cum
1285 2041 1433 2075 nemo
1475 2033 1695 2074 nostrum
1738 2027 1840 2084 scit,

74 2117 238 2160 utrum
272 2110 334 2159 sit
368 2109 546 2173 dignus
581 2124 748 2158 amore
771 2109 847 2157 vel
879 2108 1011 2167 odic,
1046 2117 1093 2157 et
1127 2116 1289 2158 utrum
1326 2108 1413 2157 sit⁹
1446 2108 1599 2157 modo
1632 2109 1840 2157 larvatus

77 2191 314 2250 diabolus,
337 2198 391 2241 ut
408 2191 497 2240 fuit
514 2190 798 2249 Ischarioth,
820 2190 895 2238 vel
913 2206 974 2239 ex
992 2190 1086 2239 Dei
1101 2191 1255 2255 gratia
1273 2191 1658 2254 praedestinatus
1673 2191 1736 2239 ad
1754 2206 1841 2254 pa-

76 2274 236 2325 triam.
293 2272 410 2334 Qua
426 2288 546 2337 ergo
565 2272 723 2321 fronte
741 2280 1072 2335 praesumeret
1097 2274 1333 2335 superbus
1353 2272 1547 2321 Lucifer
1566 2274 1752 2335 piscare
1772 2273 1840 2321 sic

82 2362 199 2406 ante
222 2355 384 2415 rete¹⁰,
407 2362 458 2404 et
485 2353 799 2404 concedere11
826 2353 959 2402 alteri
982 2353 1117 2416 quod
1151 2353 1349 2402 habebit
1373 2363 1563 2417 partem
1595 2355 1749 2402 meriti
1769 2355 1839 2402 sui

81 2437 135 2487 in
159 2437 329 2502 patria,
353 2451 466 2486 cum
490 2436 690 2494 nesciat,
715 2434 802 2484 si¹2
825 2450 956 2484 nunc
981 2442 1158 2483 noceat
1181 2443 1229 2483 et
1253 2435 1460 2498 amplius
1484 2443 1598 2484 tunc
1623 2436 1832 2484 nocebit.

146 2519 275 2568 Item
335 2518 474 2582 juxta
526 2517 660 2580 leges
715 2531 978 2566 concessas
1033 2524 1081 2564 et
1138 2517 1360 2579 cognitas
1416 2532 1445 2563 a
1498 2524 1603 2565 toto
1655 2517 1839 2579 populo

77 2616 227 2650 nemo
264 2600 411 2650 debet
454 2600 506 2648 in
549 2598 791 2662 corporali
826 2597 1122 2647 commercio
1165 2596 1388 2660 decipere
1430 2596 1624 2645 fratrem
1667 2612 1836 2657 suum;

75 2698 196 2747 ergo
230 2682 385 2731 multo
429 2681 587 2745 magis
623 2695 725 2728 non
760 2680 811 2727 in
846 2678 1142 2727 commercio
1177 2679 1424 2740 spirituali
1454 2678 1515 2726 de
1544 2678 1838 2727 haereditate

74 2772 324 2829 perpetua.
418 2761 547 2812 Cum
593 2759 782 2824 igitur¹³
829 2767 1215 2809 commercantes
1262 2760 1312 2808 in
1323 2759 1358 2786 ¹4
1406 2760 1542 2808 bono
1582 2760 1836 2822 temporali

76 2846 330 2910 requiritur
352 2852 405 2894 ut
436 2843 690 2893 habeant¹⁵
722 2842 1058 2892 certitudinem
1092 2841 1152 2891 de
1185 2840 1463 2899 mercando,
1497 2841 1649 2890 multo
1681 2842 1837 2904 magis
1923 2859 1928 2865 “

76 2929 129 2978 in
150 2937 252 2978 tam
274 2928 488 2992 pretioso
513 2925 810 2975 commercio
836 2923 1076 2987 spirituali.
1150 2922 1278 2971 Cum
1309 2938 1427 2985 ergo
1459 2938 1550 2971 nec
1582 2922 1749 2970 fratres
1775 2939 1835 2971 ex

3 3058 7 3062 ,
77 3018 215 3074 parte
255 3009 329 3059 sui
366 3008 548 3057 habent
585 3006 922 3056 certitudinem
959 3005 1021 3053 de
1063 3020 1153 3054 suo
1189 3005 1446 3068 promiSSO,
1483 3019 1574 3052 nec
1616 3011 1835 3053 ementes

134 3139 149 3164 ¹
179 3137 339 3191 sedula]
361 3150 445 3178 om.
466 3137 512 3177 B.
534 3136 736 3178 secundae
754 3148 912 3176 manus.
1034 3133 1050 3157 ²
1077 3133 1225 3186 modo]
1247 3133 1416 3187 populo,
1437 3133 1517 3179 D.;
1549 3132 1706 3186 populo
1727 3145 1836 3180 meo,

80 3193 147 3236 ed.
167 3206 229 3247 pr.
368 3192 385 3216 ³
412 3190 546 3245 ipsos]
568 3205 650 3231 orn.
672 3191 827 3231 A.B.C.
964 3188 978 3211 ⁴
1007 3188 1058 3229 cf.
1081 3188 1232 3228 Matth.
1253 3188 1304 3228 vi.
1329 3201 1364 3227 2.
1501 3188 1517 3211 ⁶
1545 3187 1663 3239 ergo]
1686 3193 1836 3234 autem,

79 3248 144 3290 ed.
161 3260 224 3301 pr.
346 3245 362 3270 ⁶
387 3245 484 3298 nec]
501 3246 600 3285 dum
612 3258 709 3291 non,
726 3244 882 3284 A.B.C.
1046 3243 1062 3267 ⁷
1091 3242 1191 3295 sint]
1214 3248 1319 3288 sunt,
1339 3242 1402 3282 ed.
1423 3255 1484 3294 pr.
1610 3242 1624 3264 ⁸
1654 3240 1731 3293 sic]
1753 3254 1834 3281 om.

81 3301 242 3350 A.B.C.
459 3300 475 3323 ⁹
502 3306 640 3340 utrum
660 3298 733 3351 sit]
756 3299 814 3338 sic
833 3303 982 3344 utrum,
1003 3298 1080 3343 A.;
1113 3298 1171 3337 sic
1190 3304 1325 3337 utrum
1347 3296 1412 3343 sit,
1433 3297 1482 3336 C.
1502 3295 1658 3348 primae
1677 3308 1835 3341 manus,

80 3355 147 3398 ed.
166 3368 229 3409 pr.
412 3354 444 3379 ¹⁰
472 3353 577 3406 rete]
598 3353 692 3393 libri
713 3352 833 3393 MSS.
850 3351 988 3398 rethe;
1020 3352 1083 3393 ed.
1103 3364 1165 3404 pr.
1187 3350 1338 3391 rethae.
1532 3351 1561 3374 ¹¹
1591 3349 1834 3402 concedere]

70 3409 312 3459 convenire,
333 3409 396 3448 ed.
417 3421 477 3462 pr.
787 3406 817 3429 ¹²
845 3405 898 3458 si]
921 3412 961 3446 et
983 3407 1031 3452 si,
1053 3407 1105 3446 A.
1126 3405 1327 3446 secundae
1346 3417 1515 3451 manus;
1546 3408 1600 3449 et,
1622 3404 1668 3443 B.
1689 3404 1752 3444 ed.
1773 3417 1834 3457 pr.

78 3463 114 3502 ¹⁸
141 3462 286 3517 igitur]
307 3463 432 3515 igitur
450 3462 568 3507 inter,
591 3461 644 3500 A.
666 3460 866 3501 secundae
886 3472 1043 3499 manus.
1310 3458 1339 3483 ¹¹
1367 3458 1428 3510 in]
1451 3464 1508 3504 ut.
1531 3458 1576 3497 B.
1597 3458 1765 3511 primae,
1786 3458 1835 3499 C.

81 3517 286 3560 secundae
304 3530 463 3563 manus,
480 3516 543 3557 ed.
566 3528 627 3568 pr.
922 3514 951 3537 ¹⁵
979 3514 1193 3567 requiritur
1208 3519 1253 3553 ut
1273 3512 1471 3566 habeant]
1493 3512 1761 3567 requiruntur,
1782 3513 1835 3554 A.

84 3571 288 3614 secundae
305 3584 476 3618 manus;
508 3570 716 3622 requirunt
737 3567 1033 3615 certitudinem,
1053 3569 1116 3609 ed.
1139 3581 1199 3620 pr.
