2424 4120
347 415 455 466 400

1032 396 1453 459 JOANNIS
1522 397 1869 447 WICLIF
2175 417 2327 446 maw.

588 530 785 593 quilibet
818 531 987 577 beatus
1024 537 1095 576 est
1130 544 1283 591 aeque
1318 531 1488 578 beatus
1523 531 1597 578 vel
1632 532 1806 589 bonuS,
1842 531 2061 594 gaudens
2097 530 2158 579 de
2191 531 2326 578 bono

587 611 790 667 alterius,
817 610 938 658 sicut
962 610 1002 658 si
1027 610 1155 658 illam
1178 611 1523 659 beatitudinem
1548 612 1598 659 in
1624 627 1673 659 se
1699 612 1937 674 objective
1968 611 2200 671 habuerit,
2222 625 2327 658 non

586 698 749 738 tamen
773 698 846 738 est
878 706 1030 753 aeque
1065 692 1234 740 beatus
1269 691 1542 750 formaliter,
1568 692 1654 740 sed
1687 692 1936 754 objective.
2006 691 2070 740 Et
2093 699 2329 755 quantum

586 771 649 819 ad
683 773 978 830 securitatem,
1015 786 1139 834 quae
1181 780 1254 820 est
1294 772 1452 834 major
1486 787 1598 834 pars
1633 772 1954 831 beatitudiniS,
1989 786 2093 820 non
2127 771 2328 820 dubium

585 853 702 914 quin
744 853 897 900 sancti
937 854 988 900 in
1029 853 1160 901 nullo
1201 853 1455 916 trepidant,
1499 853 1616 915 quin
1657 853 1709 900 in
1748 861 2036 915 perpetuum
2081 852 2330 901 habebunt

584 933 930 980 beatitudinem
966 948 1114 996 quam
1146 949 1275 981 nunc
1308 934 1502 993 habent,
1533 934 1621 982 sed
1655 933 1874 982 derident
1896 935 2130 982 verbosos
2162 933 2330 996 sophi-

585 1022 695 1072 stas,
729 1014 812 1076 qui
844 1023 1033 1077 ponunt
1066 1014 1473 1077 contingentiam²
1508 1014 1902 1063 contradictionis
1934 1015 1986 1062 in
2017 1013 2094 1062 illa
2123 1015 2331 1063 beatitu-

585 1095 696 1144 dine
720 1110 818 1157 quo
844 1095 905 1143 ad
928 1095 1104 1143 Deum.
1175 1096 1276 1158 Ipsi
1300 1097 1430 1144 enim
1453 1096 1616 1144 vident
1639 1096 1780 1154 clare,
1805 1095 2058 1158 quomodo
2082 1110 2145 1144 ex
2168 1094 2328 1144 deter-

582 1176 846 1224 minatione
881 1176 976 1223 Dei
1011 1185 1204 1224 aeterna
1239 1176 1474 1239 quidquid
1509 1177 1612 1239 ipse
1647 1176 1861 1234 voluerit,
1901 1176 1974 1236 sit⁴
2001 1177 2329 1225 necessarium

584 1258 773 1306 evenire
788 1274 800 1317 ;
844 1257 955 1305 ideo
979 1258 1148 1320 procul
1174 1257 1262 1306 ista
1285 1258 1480 1306 libertas
1513 1257 1908 1305 contradictionis
1941 1272 1971 1305 a
1992 1256 2104 1306 Deo
2126 1257 2202 1305 vel
2230 1258 2329 1306 suis

582 1340 749 1397 beatis,
791 1353 904 1386 cum
943 1338 1113 1386 sufficit
1152 1339 1346 1386 libertas
1388 1339 1579 1386 alterius
1614 1338 1763 1400 partis
1805 1338 1868 1386 ad
1909 1338 2327 1387 denominandum

584 1421 740 1483 ipsam
765 1435 953 1468 summe
976 1420 1192 1478 liberam,
1219 1421 1327 1468 licet
1349 1420 1542 1468 libertas
1565 1420 1643 1468 illa
1666 1436 1768 1468 non
1799 1421 1858 1469 sit
1890 1420 2247 1482 impossibiliter
2277 1422 2329 1469 in

585 1502 1009 1550 contradictorium
1035 1502 1103 1548 sic
1128 1501 1381 1563 dispersa2.
1455 1501 1697 1564 Relinquo
1723 1510 1884 1550 autem
1907 1501 2036 1550 aliis⁸
2057 1502 2108 1550 in
2131 1502 2331 1551 materia

584 1583 674 1631 ista
697 1583 962 1630 errantibus
988 1583 1113 1630 viam
1138 1582 1403 1640 cavillandi,
1429 1591 1481 1630 ut
1505 1584 1573 1630 eis
1599 1584 1843 1646 placuerit,
1868 1584 2014 1632 verba
2037 1598 2139 1635 sua.

1271 1986 1430 2035 CAP.
1467 1986 1653 2035 XLIII.

1164 2113 1239 2161 De
1254 2116 1409 2176 poenis
1431 2116 1764 2164 damnatorum.

1321 2186 1343 2206 t

656 2240 859 2290 Alz'thz'a.
928 2242 1022 2291 Dic
1045 2258 1182 2306 r0g0‚
1215 2244 1370 2302 frater,
1395 2245 1598 2292 breviter
1623 2244 1674 2291 de
1686 2242 1844 2304 poenis
1874 2242 2330 2305 proportionalibuS,

590 2338 690 2370 non
710 2324 770 2371 de
791 2324 982 2372 dotibus
999 2325 1320 2372 damnatorum
1334 2344 1357 2383 ,·
1393 2326 1578 2373 videtur
1597 2326 1726 2373 enim
1743 2324 1876 2383 mihi,
1893 2323 2027 2387 quod
2045 2333 2156 2373 sunt
2175 2326 2331 2373 securi

590 2404 650 2452 de
674 2405 771 2453 suis
798 2405 1201 2464 damnationibus,
1227 2407 1348 2454 sicut
1370 2407 1499 2454 beati
1530 2413 1641 2454 sunt
1666 2406 1820 2454 securi
1845 2405 1906 2453 de
1929 2406 2028 2454 suis
2057 2406 2333 2454 salvationi-

589 2487 690 2534 bus.
762 2487 966 2535 Videtur
1000 2489 1144 2535 mihi4
1177 2489 1322 2537 etiam
1357 2488 1506 2551 quod,
1544 2489 1666 2536 sicut
1699 2488 1827 2536 beati
1849 2488 2029 2536 habent
2057 2488 2197 2537 dotes
2230 2496 2332 2536 tam

590 2569 804 2630 corporis
823 2584 971 2631 quam
990 2571 1193 2628 animae,
1215 2571 1282 2618 sic
1302 2570 1516 2618 damnati
1538 2570 1719 2617 habent
1741 2569 2058 2632 poenalitates
2074 2577 2332 2633 perpetuas

588 2650 897 2697 confirmatas
920 2658 1021 2698 tam
1045 2652 1095 2698 in
1120 2666 1323 2713 corpore
1348 2650 1522 2714 quam⁵
1546 2651 1720 2699 anima.

653 2730 927 2779 Phronesz's.
1000 2731 1181 2790 Senti0,
1218 2747 1368 2790 soror,
1406 2732 1540 2794 quod
1581 2732 1630 2778 in
1663 2732 1759 2779 hoc
1795 2732 1942 2780 sentis
1976 2730 2152 2780 solide⁰
2188 2739 2332 2795 atque

588 2811 834 2870 catholice,
861 2820 909 2860 et
933 2813 1001 2862 sic
1026 2813 1194 2875 ponis⁷
1217 2813 1351 2875 quod
1376 2813 1592 2860 damnati
1624 2812 1805 2860 habent
1836 2820 1950 2860 octo
1974 2813 2050 2860 vel
2079 2811 2330 2876 quattuor⁸

587 2892 748 2941 nodos
785 2908 900 2940 suae
932 2893 1271 2951 damnationis,
1305 2895 1426 2941 sicut
1461 2894 1589 2941 beati
1620 2894 1801 2941 habent
1835 2892 2037 2941 totidem
2071 2894 2332 2944 confirma-

587 2973 770 3022 tiones⁹
795 2990 910 3023 suae
935 2975 1237 3034 salvationis3
1275 2982 1323 3022 et
1345 2982 1510 3023 tamen
1535 2989 1638 3022 non
1656 2975 1960 3022 obstantibus
1977 2976 2206 3043 omnibus
2229 2977 2330 3024 istis
2415 3022 2422 3032 ,

588 3056 971 3118 poenalitatibus,
997 3055 1167 3118 melius
1200 3063 1247 3102 et
1279 3054 1531 3117 eligibilius
1563 3063 1635 3102 est
1667 3056 1736 3102 eis
1769 3055 1838 3103 sic
1861 3056 2016 3103 vivere
2048 3070 2197 3118 quam
2228 3071 2331 3105 non
2411 3054 2422 3097 Ῑ

589 3151 710 3194 esse,
735 3138 849 3199 quia
879 3145 932 3184 ut
966 3137 1174 3185 declarat
1183 3136 1219 3163 ¹⁰
1242 3136 1551 3198 Augustinus,
1578 3150 1680 3183 non
1703 3150 1811 3183 esse
1835 3151 1937 3184 non
1959 3144 2122 3199 potest
2153 3137 2332 3186 habere

645 3315 660 3339 ¹
689 3314 1032 3367 contingentiam]
1053 3314 1346 3367 contingentia,
1365 3315 1429 3354 ed.
1449 3328 1509 3368 pr.
1745 3314 1762 3338 ²
1788 3314 1988 3368 dispersa]
2009 3314 2166 3361 diffusa,
2185 3316 2249 3356 ed.
2270 3329 2331 3369 pr.

590 3368 605 3391 ³
633 3368 742 3420 aliis]
765 3382 846 3408 om.
867 3369 930 3408 ed.
950 3382 1011 3422 pr.
1148 3368 1163 3391 ¹
1190 3369 1310 3422 mihi]
1341 3369 1462 3415 enim,
1482 3369 1545 3409 ed.
1566 3382 1627 3421 pr.
1764 3368 1780 3392 ⁵
1807 3369 1950 3422 quam]
1971 3382 2094 3422 quam
2111 3370 2167 3416 in,
2185 3369 2249 3409 ed.
2269 3383 2330 3422 pr.

592 3423 607 3446 ⁶
635 3422 785 3474 solide]
806 3423 966 3469 stolide,
987 3423 1050 3462 ed.
1069 3436 1131 3475 pr.
1339 3423 1355 3446 ⁷
1381 3423 1521 3475 ponis]
1542 3428 1661 3475 potes
1682 3423 1909 3476 concipere,
1930 3424 1979 3464 C.
1998 3423 2155 3475 primae
2172 3435 2332 3469 manus,

595 3477 648 3515 D.
669 3477 732 3516 ed.
752 3490 813 3529 pr.
978 3477 993 3501 8
1021 3477 1230 3529 quattuor]
1251 3490 1412 3523 novem,
1432 3477 1495 3517 ed.
1515 3490 1577 3529 pr.
1705 3477 1722 3500 ⁹
1749 3476 2099 3529 confirmationes]
2119 3476 2330 3518 confirma-

596 3530 732 3575 tionis,
753 3529 815 3570 ed.
837 3544 896 3582 pr.
1030 3533 1060 3554 ¹⁰
1087 3531 1282 3583 declarat]
1302 3531 1491 3578 declaret,
1510 3531 1573 3571 ed.
1594 3544 1654 3584 pr.

2079 3612 2266 3646 wchIF
