2456 4088
133 482 287 520 caan,
728 465 1301 517 TRIALOG'US.

133 602 300 662 posset
332 597 429 648 hoc
464 590 622 648 facere
658 601 698 648 si
733 600 888 654 vellet,
926 609 974 649 et
1007 601 1154 664 longe
1196 601 1333 663 plura
1347 617 1360 660 ;
1417 600 1504 649 sed
1546 615 1649 649 non
1685 608 1893 664 expecto

134 680 373 728 rationem
407 687 555 739 tuam,
593 697 691 744 qua
724 682 925 731 inferes¹
962 682 1097 745 quod
1132 682 1269 730 Deus
1306 691 1467 745 potest
1504 683 1572 730 sic
1609 683 1743 741 velle,
1780 683 1895 745 quia

134 767 294 810 certus
317 775 427 810 sum
446 763 581 825 quod
612 779 704 811 nec
736 764 832 812 hoc
859 764 953 812 scis
987 780 1078 812 nec
1111 773 1252 827 potes
1278 764 1438 812 scire2.
1511 763 1630 812 Non
1662 765 1793 813 enim
1823 773 1897 812 est

135 841 272 891 Deus
306 843 500 892 mobilis
533 852 586 892 ut
620 844 845 894 homines
880 846 929 893 in
967 847 1175 908 agend0,
1213 846 1299 894 sed
1337 846 1375 894 si
1414 846 1682 909 quidquam
1718 846 1896 904 fecerit,

134 923 348 973 rationes
382 925 568 987 priores
601 934 822 974 aeternae
854 928 1148 975 necessitant
1179 936 1230 976 ut
1267 928 1335 976 sic
1369 928 1460 975 fiat.
1535 928 1594 975 In
1630 928 1897 976 rationibus

136 1012 300 1054 autem
323 1007 532 1055 aeternis
554 1007 742 1056 videtur
765 1007 883 1055 mihi
908 1024 1013 1057 esse
1037 1009 1338 1066 rationabile,
1365 1009 1498 1072 quod
1526 1018 1731 1072 peccato
1756 1009 1898 1072 primi

135 1086 298 1151 angeli
331 1094 382 1136 et
401 1088 546 1151 primi
581 1088 793 1137 hominis
828 1091 1218 1153 praesuppossto,
1246 1098 1491 1138 creaturae
1529 1091 1649 1139 aliae
1686 1091 1900 1138 habeant

131 1169 499 1218 inclinationem
535 1171 804 1219 naturalem
839 1173 889 1219 in
926 1187 1017 1220 suo
1053 1187 1202 1234 opere
1239 1173 1361 1220 sicut
1396 1173 1572 1235 prim0‚
1599 1181 1646 1220 et
1673 1172 1740 1220 sic
1777 1173 1897 1220 defi-

136 1251 294 1301 ciente
329 1252 650 1315 proportione
687 1268 744 1301 ac
778 1254 949 1302 virtute
984 1254 1184 1317 regitiva
1225 1253 1437 1302 hominis
1472 1268 1571 1316 quo
1608 1253 1671 1301 ad
1706 1268 1899 1316 corpuS,

136 1332 329 1382 deficiat
363 1334 491 1382 actio
527 1342 576 1382 et
610 1336 914 1383 conservatio
938 1335 1153 1384 hominis
1177 1336 1310 1398 prius
1335 1335 1465 1384 facta
1480 1352 1493 1395 3
1532 1344 1579 1383 et
1604 1336 1672 1384 sic
1709 1336 1902 1398 agentia

138 1429 377 1479 corporea
411 1415 476 1464 ad
517 1417 931 1479 corrumpendum
972 1417 1226 1465 hominem
1265 1432 1327 1465 ex
1367 1417 1562 1465 defectu
1602 1417 1901 1465 resistentiae

137 1496 254 1546 satis
278 1505 445 1560 agant.
511 1496 576 1546 Et
599 1499 666 1546 sic
692 1498 802 1547 dico
826 1499 924 1557 tibi,
945 1500 1081 1562 quod
1098 1498 1234 1546 Deus
1253 1506 1423 1561 posset
1442 1513 1629 1547 servare
1648 1498 1901 1546 hominem

138 1578 190 1626 in
215 1585 343 1628 statu
366 1579 542 1642 prioris
574 1580 900 1638 innocentiae,
935 1580 976 1629 si
1007 1580 1104 1628 hoc
1128 1580 1299 1639 vellet3
1344 1579 1430 1628 sed
1454 1579 1604 1628 debes
1629 1580 1902 1638 ostendere,

137 1660 179 1709 si
202 1668 360 1725 poteS,
385 1662 521 1725 quod
543 1661 604 1711 sit
626 1662 858 1710 rationale
882 1670 935 1711 ut
964 1663 1035 1711 sic
1056 1661 1209 1709 vellet.
1282 1660 1564 1710 Rationale³
1588 1662 1787 1724 quidem
1813 1668 1900 1718 est,

137 1748 191 1791 ut
235 1757 340 1791 non
385 1744 610 1792 obstante
656 1751 861 1807 peccato
909 1743 1121 1792 hominis
1169 1743 1268 1792 sive
1317 1743 1511 1801 diaboli,
1561 1742 1905 1790 irrationabilia

138 1824 334 1886 agentia
366 1823 606 1873 habeant⁴
630 1839 800 1873 cursus
836 1839 967 1872 suos‚
1040 1823 1174 1883 Quid
1208 1824 1340 1872 enim
1377 1824 1614 1872 demeruit
1649 1823 1905 1871 naturalis⁵

139 1906 371 1969 potentia,
414 1906 548 1968 quod
589 1906 694 1954 sine
736 1920 826 1954 suo
870 1906 1104 1954 demerito
1151 1913 1350 1968 propter
1391 1912 1648 1968 peccatum
1691 1904 1905 1952 hominis

138 2003 256 2038 suae
280 1989 484 2037 actionis
508 1988 784 2036 naturalitas
810 1988 868 2036 sit
894 1989 1161 2051 suspensa?
1233 1987 1354 2035 Ideo
1380 1987 1503 2035 sicut
1526 1987 1645 2034 nihil
1669 1986 1906 2049 pertinet⁶

138 2070 203 2120 ad
225 2069 512 2119 infinitatem
536 2069 727 2118 divinae
750 2070 1011 2132 potentiae,
1037 2068 1172 2132 quod
1196 2069 1265 2117 sic
1297 2077 1465 2132 posset
1489 2068 1665 2127 facere,
1691 2068 1765 2116 vel
1789 2083 1905 2130 pec-

140 2160 304 2202 catum
345 2152 450 2201 sine
493 2166 639 2200 causa
680 2151 931 2210 dimittere,
974 2152 1042 2199 sic
1085 2151 1203 2198 nihil
1243 2151 1450 2214 pertinet
1492 2150 1556 2198 ad
1594 2146 1906 2197 infinitatem⁷

141 2248 258 2282 suae
297 2232 704 2300 magnificentiae,
741 2234 793 2281 in
830 2233 1055 2296 injuriam
1094 2248 1210 2281 suae
1248 2231 1394 2295 legis⁸
1432 2232 1500 2281 sic
1537 2231 1710 2280 facere.
1783 2231 1906 2279 Ideo

139 2315 521 2379 improbabiliter
552 2315 677 2378 petis
709 2314 845 2378 quod
876 2315 973 2363 hoc
1007 2314 1157 2363 foret⁹
1182 2314 1244 2363 ad
1275 2314 1371 2362 Dei
1405 2313 1834 2376 magnificentiam,
1861 2321 1908 2360 et

141 2397 212 2446 sic
236 2395 346 2460 plus
369 2397 462 2445 sibi
484 2396 843 2457 honorificum;
892 2412 996 2445 non
1029 2397 1162 2445 enim
1195 2397 1334 2445 decet
1357 2395 1537 2454 Deum,
1564 2395 1646 2458 qui
1672 2409 1909 2458 personas

141 2493 246 2529 non
269 2478 460 2542 accipit,
485 2478 646 2542 legem
681 2479 870 2542 agentis
901 2478 1131 2526 naturalis
1166 2486 1367 2541 propter
1402 2485 1661 2540 peccatum
1694 2475 1910 2524 hominis

142 2560 444 2624 suspendere
468 2560 544 2608 vel
578 2567 779 2608 mutare.
849 2559 931 2608 Ad
953 2562 1139 2608 tertium
1164 2568 1505 2623 argumentum
1528 2567 1666 2607 tuum
1690 2564 1824 2621 patet
1848 2574 1909 2606 ex

142 2642 284 2692 dictis
308 2641 498 2691 solutio.
570 2641 688 2689 Non
711 2642 844 2689 enim
869 2642 1036 2689 dicunt
1060 2641 1206 2704 aliqui
1230 2641 1335 2689 sani
1360 2640 1593 2703 theologi,
1619 2640 1758 2702 quod
1773 2639 1910 2688 Deus

142 2731 312 2788 posset
336 2724 440 2772 sine
464 2722 790 2772 satisfactione
815 2722 1009 2784 culpam
1035 2722 1286 2779 dimittere,
1313 2721 1427 2783 quia
1449 2721 1544 2768 hoc
1568 2729 1863 2783 repugnaret
1874 2720 1911 2747 ¹⁰

141 2805 323 2870 regulis
358 2805 565 2854 aeternis
602 2804 792 2852 divinae
823 2804 1046 2867 justitiae.
1121 2802 1218 2850 Sed
1260 2802 1376 2865 quid
1418 2801 1759 2849 demeruerunt
1799 2802 1932 2850 illae*

142 2886 355 2952 regulae,
396 2894 449 2935 ut
486 2893 685 2949 propter
726 2885 921 2948 culpam
969 2884 1180 2932 hominis
1223 2882 1359 2932 sint¹¹
1403 2884 1704 2932 destructae?
1776 2883 1912 2933 Deus

144 2977 312 3019 tamen
334 2975 502 3031 posset
525 2968 565 3015 si
589 2967 730 3015 vellet
753 2966 849 3014 hoc
874 2966 1045 3024 facere,
1067 2974 1114 3013 et
1139 2965 1403 3014 mirabilius
1428 2965 1676 3027 ampliora,
1699 2964 1786 3013 sed
1809 2979 1912 3012 non

144 3058 358 3115 expecto
381 3049 622 3098 rationem
645 3063 742 3111 qua
765 3049 999 3110 probares
1024 3047 1417 3110 omnipotentem
1440 3046 1604 3094 Deum
1628 3047 1719 3095 ista
1742 3045 1877 3094 velle.

213 3131 422 3181 Alitln'a.
491 3130 670 3189 Placet,
706 3128 819 3178 mi¹²
853 3128 1042 3177 frater²⁸
1074 3128 1352 3186 Phronesis‚
1390 3128 1450 3176 de
1487 3136 1570 3176 tua
1603 3128 1718 3176 satis
1755 3127 1915 3176 subtili

201 3290 216 3314 ¹
244 3289 412 3342 inferes]
432 3288 614 3334 inferres,
636 3288 715 3333 A.;
745 3288 907 3333 inferas,
929 3289 977 3328 C.
998 3288 1063 3328 ed.
1084 3301 1145 3339 pr.
1422 3287 1437 3309 ²
1466 3286 1588 3338 scire]
1610 3299 1692 3326 om.
1715 3286 1763 3326 C.
1784 3285 1848 3326 ed.
1868 3298 1917 3339 pr

145 3344 161 3367 ³
188 3349 235 3384 ut
254 3344 314 3384 sic
331 3343 468 3384 vellet.
526 3341 762 3395 Rationale]
782 3355 864 3381 om.
886 3343 950 3382 ed.
972 3355 1033 3394 pr.
1324 3342 1336 3363 ⁴
1357 3341 1559 3393 habeant]
1581 3340 1750 3386 habent,
1770 3340 1833 3381 ed.
1854 3353 1916 3393 pr.

145 3398 163 3423 ⁸
187 3396 405 3450 nami-alis]
425 3396 650 3442 rationalis,
672 3396 718 3435 B.
739 3396 898 3448 primae
917 3408 1076 3441 manus,
1097 3395 1161 3436 ed.
1182 3409 1244 3448 pr.
1503 3394 1520 3418 ⁶
1547 3394 1744 3447 pertinet]
1767 3399 1916 3456 potest,

147 3452 212 3494 ed.
231 3464 321 3505 pr.;
351 3465 435 3492 om.
457 3450 512 3490 D.
695 3449 711 3472 '¹
740 3448 1002 3502 infinitatem]
1024 3450 1239 3495 finitatem.
1258 3451 1303 3489 B.
1326 3449 1389 3490 ed.
1412 3462 1473 3502 pr.
1625 3449 1640 3472 ⁸
1669 3449 1712 3488 in
1730 3448 1918 3501 injuriam

148 3518 247 3548 suae
263 3505 388 3559 legis]
409 3504 600 3557 injuriam
619 3516 716 3545 suae
735 3503 831 3556 legi,
852 3505 906 3543 A.
1070 3505 1085 3526 ⁹
1116 3503 1242 3556 soret]
1264 3503 1348 3550 fiat,
1370 3503 1434 3544 ed.
1455 3516 1516 3556 pr.
1711 3504 1742 3528 ²⁰
1768 3516 1812 3543 re
1842 3516 1911 3555 ug-

146 3559 522 3613 naret]·repugnat,
544 3559 599 3598 D.
765 3559 794 3583 ¹¹
825 3557 924 3610 sint]
948 3562 1054 3604 sunt,
1076 3558 1138 3598 ed.
1159 3571 1220 3611 pr.
1402 3556 1432 3582 ¹²
1460 3557 1537 3609 mi]
1561 3557 1674 3604 mihi,
1696 3557 1750 3597 D.
1826 3588 1835 3597 .
1855 3570 1917 3610 pr.

151 3614 181 3640 ¹³
207 3613 356 3666 frater]
378 3626 462 3654 om.
485 3614 532 3652 B.

2028 480 2131 535 213
