2462 4114
39 392 280 460 [seina
735 406 1305 458 JRJALOGUS.

127 537 266 603 ipsos
296 538 491 589 inficere
515 548 563 589 et
587 555 614 588 e
639 548 822 589 contra.
891 539 941 588 Ν
943 557 1000 590 ec
1023 550 1096 590 est
1125 550 1481 605 argumentum,
1507 543 1548 591 si
1580 544 1684 607 ipse
1718 544 1882 593 statuit

121 619 204 670 ω
224 618 385 683 legem
420 621 543 670 dans
570 623 687 685 ipsis
719 622 1034 686 privilegium,
1059 623 1193 686 quod
1228 625 1288 672 sit
1310 625 1537 683 bonum¹,
1564 641 1677 678 cum
1710 627 1881 675 beatus

20 721 22 726 ·
72 724 87 751 12
124 700 361 752 Clemens
384 703 630 767 prohibuit
654 705 890 767 populum
915 720 1057 753 suum
1081 705 1235 754 taliter
1258 707 1549 756 mendicare.

790 1085 949 1135 CAP.
985 1086 1222 1135 XXXIV.

351 1217 527 1279 Quibus
550 1221 602 1268 in
625 1219 761 1267 rebus
765 1220 961 1284 fratres
984 1220 1079 1283 legi
1101 1218 1293 1268 Christi
1311 1221 1547 1267 contrarii
1563 1220 1670 1270 sint.

195 1347 398 1399 Alithia.
467 1347 631 1413 Major
665 1364 778 1413 pars
813 1349 943 1412 vulgi
979 1349 1169 1407 credit²‚
1201 1365 1312 1398 cum
1349 1349 1517 1398 fratres
1553 1350 1621 1398 sic
1656 1349 1884 1399 celebrant

20 1424 27 1430 ’
63 1419 66 1437 ³
116 1432 396 1495 praedicunt
414 1439 558 1495 atque
581 1436 730 1490 orant,
757 1431 893 1494 quod
918 1439 1030 1479 sunt
1054 1432 1314 1479 necessarii
1340 1440 1536 1479 sanctae
1561 1433 1699 1480 matri
1724 1433 1882 1480 eccle-

10 1502 14 1575 ]
54 1538 58 1543 ·
125 1513 243 1562 siae.
311 1513 434 1562 Ideo
475 1513 568 1572 dic,
603 1527 741 1576 rogo,
779 1514 838 1560 inv
871 1528 958 1574 quo
995 1519 1110 1561 sunt
1138 1515 1370 1560 contrarii
1401 1514 1498 1575 legi
1531 1513 1730 1572 Chrzlctz‘,
1767 1515 1880 1577 quia

16 1606 18 1614 ²
124 1603 244 1645 tunc
266 1595 465 1644 indubie
489 1603 602 1645 sunt
623 1595 854 1644 haeretici
879 1604 926 1644 et
949 1611 978 1643 a
1003 1596 1187 1644 clericis
1212 1595 1540 1658 spiritualiter³
1563 1594 1822 1657 lapidandi.

0 1734 23 1742 q
38 1727 42 1735 ,y
148 1709 152 1714 ·
193 1675 466 1726 phronesis.
537 1675 742 1726 Constat
765 1677 899 1740 quod
923 1677 1175 1740 superficie
1194 1685 1335 1726 tenus
1359 1677 1542 1725 faciunt
1564 1677 1687 1737 haec
1711 1691 1877 1740 opera,

0 1755 44 1823 ‘ij
126 1765 176 1815 et
229 1765 430 1822 propter
474 1758 719 1807 occultam
772 1758 959 1807 cordis4
1010 1759 1242 1807 malitiam
1288 1767 1390 1806 tarn
1437 1759 1526 1806 sibi
1574 1773 1722 1821 quam
1777 1758 1879 1806 aliis

125 1841 334 1891 multum
370 1850 554 1891 nocent
568 1857 582 1902 ;
636 1856 740 1890 non
780 1849 946 1891 tamen
993 1857 1124 1904 nego
1166 1842 1254 1890 sed
1302 1856 1544 1904 suppon0‚
1587 1841 1722 1904 quod
1762 1841 1880 1889 boni

1 1914 42 1978 ἢ]
123 1923 272 1987 aliqui
295 1918 409 1972 sunt
431 1923 484 1971 in
508 1923 595 1972 eiS.
666 1922 919 1982 Quantum
951 1923 1015 1972 ad
1045 1923 1392 1980 celebrationem,
1419 1930 1604 1971 certum
1637 1930 1711 1970 est
1745 1922 1880 1985 quod

0 2006 55 2065 2¹,
125 2004 168 2053 si
190 2004 241 2053 in
263 2004 429 2053 radice
451 2013 566 2053 sunt
594 2003 821 2053 haeretici
854 2013 1093 2068 negantes
1125 2020 1309 2068 panem
1343 2019 1450 2053 esse
1484 2019 1660 2067 corpus
1686 2003 1877 2061 Christi,

0 2091 50 2155 [¹1
122 2084 221 2137 aed
235 2085 371 2150 quod
393 2085 619 2135 accidens
639 2086 711 2135 eis
734 2087 1040 2149 incognitum
1064 2088 1126 2135 ab
1159 2086 1275 2149 ipsis
1298 2085 1526 2134 idolatre⁵
1550 2094 1875 2143 consecratur,

0 2169 20 2224 ζ,
40 2194 49 2227 3
122 2174 242 2217 tunc
281 2167 592 2216 manifestum
632 2176 707 2216 est
746 2169 881 2231 quod
921 2169 973 2216 fit
1014 2184 1184 2218 eorum
1226 2168 1486 2217 celebratio
1525 2169 1576 2216 in
1618 2175 1874 2231 peccatum

122 2245 274 2313 iunge
308 2249 575 2298 evidentius
609 2264 756 2312 quam
792 2249 1116 2298 sacerdotium
1147 2249 1268 2297 Baal
1301 2250 1376 2297 vel
1411 2249 1721 2298 idolatrarum
1756 2264 1876 2312 gen·

46 2317 49 2325 ⁴
122 2327 304 2381 filium⁶
333 2331 672 2394 pessimorum.
741 2330 805 2378 Et
839 2339 1075 2394 quantum
1100 2332 1163 2380 ad
1183 2332 1573 2393 praedicationem
1598 2346 1782 2389 eorum,
1808 2330 1877 2378 rei

110 2420 326 2462 ‚eventus
357 2411 568 2460 ostendit
598 2411 851 2474 quomodo
875 2412 1072 2460 resultat
1096 2413 1146 2459 in
1176 2412 1600 2460 deteriorationem
1624 2412 1874 2469 ecclesiae,

37 2511 39 2514 ·
77 2538 80 2540 Α
123 2503 179 2544 ut
219 2495 259 2544 si
305 2493 584 2543 curvantes⁷
633 2493 781 2541 fidem
824 2494 1085 2556 scripturae
1127 2493 1385 2541 intendunt
1430 2493 1875 2556 rythmisationibus

10 2630 38 2638 Ξ
124 2575 482 2625 adulationibus
529 2574 905 2623 detractionibus
953 2583 1098 2636 atque
1144 2573 1425 2631 mendaciis,
1468 2574 1564 2621 fide
1612 2575 1873 2636 scripturae

126 2658 343 2716 dimissa,
370 2664 420 2704 et
440 2664 646 2719 peccato
669 2655 786 2703 dure
810 2655 1119 2717 reprobando
1147 2655 1376 2713 dimisso;
1414 2655 1522 2717 quis
1546 2654 1732 2702 dubitat
1755 2656 1873 2717 quin

6 2746 39 2811 ι*
123 2754 296 2789 eorum
337 2737 508 2787 frivola
543 2737 886 2787 sermocinatio
928 2745 1074 2784 nocet
1109 2736 1373 2784 ecclesiae?
1441 2734 1504 2783 Et
1542 2744 1776 2798 quantum
1811 2735 1874 2784 ad

129 2899 426 2965 Gregorium,
469 2915 583 2949 cum
623 2900 664 2948 is
704 2900 786 2962 qui
827 2898 891 2947 ad
931 2899 1327 2947 intercedendum
1370 2899 1695 2956 necessitatur,
1737 2898 1872 2946 Deo⁹

24 2984 26 2986 ’
113 2982 360 3048 displicet,
384 2981 556 3046 procul
578 2981 727 3030 dubio
753 2980 856 3030 irati
865 2980 902 3007 ¹⁰
925 2981 1116 3028 animus
1139 2981 1202 3028 ad
1227 2979 1433 3028 deterius
1458 2988 1760 3042 provocatur.

191 3064 270 3114 De
293 3064 521 3113 duodecim
545 3070 708 3112 autem
729 3061 1023 3110 abusionibus
1027 3062 1258 3125 fratrum
1281 3076 1436 3124 pauca
1459 3061 1672 3109 recitabo
1705 3061 1755 3108 in
1779 3060 1870 3109 isto

178 3213 195 3241 ¹
221 3211 399 3266 bonum]
419 3224 573 3258 verum,
593 3211 642 3253 C.
661 3211 818 3265 primae
835 3224 994 3258 manus,
1014 3210 1077 3252 ed.
1097 3224 1158 3264 pr.
1438 3209 1455 3233 ²
1481 3210 1628 3263 credit]
1650 3210 1799 3258 tremit,
1821 3211 1870 3253 C.

123 3268 330 3311 secundae
346 3279 507 3313 manus,
530 3266 583 3306 A.
602 3266 760 3318 primae
778 3278 936 3311 manus,
957 3265 1004 3305 B.
1283 3265 1299 3289 ³
1326 3264 1607 3318 spiritualiter]
1629 3265 1871 3317 specialiter,

125 3322 191 3364 ed.
209 3334 272 3376 pr.
395 3320 411 3344 ⁴
437 3319 644 3361 occultam
663 3319 818 3371 cordis]
840 3319 1088 3360 occultatam
1106 3319 1149 3359 in
1169 3319 1305 3366 corde,
1326 3319 1389 3360 ed.
1409 3332 1470 3372 pr.
1633 3318 1650 3342 ⁶
1675 3319 1850 3360 idolatre

123 3375 326 3422 idolatrie,
345 3374 410 3415 ed.
430 3387 516 3427 pr.;
545 3373 720 3414 idolatre
739 3373 829 3413 adv.
849 3373 933 3413 h.e.
954 3386 1026 3425 per
1045 3373 1291 3414 idolatriam.
1591 3372 1608 3396 ⁶
1634 3373 1848 3426 gentilium

208 3430 325 3476 tium,
345 3428 409 3470 ed.
429 3441 492 3482 pr.
697 3426 713 3449 ⁷
741 3427 974 3479 curvantes]
996 3434 1195 3474 curantes,
1211 3427 1274 3469 ed.
1295 3440 1357 3482 pr.
1567 3426 1583 3450 ⁸
1611 3427 1871 3468 orationes—

125 3443 420 3539 gnpocriticas]
441 3481 1032 3534 orationem-hypocriticam,
1049 3481 1205 3523 A.B.c.
1414 3482 1430 3505 ⁹
1457 3480 1733 3528 necessitatur,
1754 3481 1870 3536 Deo]

125 3538 312 3585 mittitur,
331 3537 396 3578 ed.
414 3549 477 3591 pr.
640 3536 671 3560 ¹⁰
698 3534 811 3589 irati]
832 3535 990 3581 irritati,
1011 3535 1063 3575 A.

2022 412 2128 480 365

1971 2013 2024 2138 τνέ-Ξὲ

2014 2019 2056 2240 ΟῈΞΞΞωο

2044 2018 2089 2241 ἒωὲῃπεω

2072 2019 2136 2240 ἃᾷὅξὲςέ

1932 2085 1990 2239 garga

1968 2153 2019 2240 25'3
1973 2119 1989 2138 ἢ

18 2827 33 2881 j·
123 2821 350 2870 oratzbnes
371 2834 543 2868 eorum
565 2814 925 2882 hypocriticas⁸,
945 2817 1118 2865 eadem
1142 2826 1215 2865 est
1240 2816 1577 2875 consideratio,
1605 2817 1873 2865 secundum
1938 2860 1945 2866 ,

1928 2917 1960 2941 et
1972 2913 2002 2940 in
2016 2914 2132 2941 orando

1927 2953 2164 2982 peccantatque

1927 2981 2076 3009 ecclesiae

1927 3019 2051 3043 nocent.

1897 3579 1901 3613 Ι
