2436 4094
158 440 308 478 eumq.
764 423 1331 478 TRIALOGUS.

150 557 412 627 superbiae
444 572 636 607 summe
672 558 840 611 elatuS.
908 559 971 608 Et
1006 575 1106 623 quo
1142 561 1205 609 ad
1240 561 1436 624 negotia
1468 562 1716 622 secularia,
1742 564 1912 626 patet¹‚

59 671 67 691 ,κ
149 637 292 702 quod
324 638 376 687 in
409 654 561 688 manu
596 654 685 689 sua
720 649 794 689 est
829 640 942 690 fons
979 641 1290 704 plenissimus
1327 643 1471 706 hujus
1507 643 1612 693 fori.
1690 645 1912 694 Christus

151 725 321 769 tamen
344 711 540 784 negavit
561 720 727 770 Lucae
751 722 846 780 xii„
872 737 924 771 se
959 738 1068 772 esse
1098 724 1313 787 judicem
1344 725 1451 774 aut2
1477 726 1736 774 divisorem
1767 742 1914 791 super

147 799 281 868 duos
303 800 486 861 fratreS‚
506 802 591 851 ubi
608 804 861 865 negotium
879 803 967 853 fuit
986 805 1148 853 minus
1167 821 1225 854 ac
1251 807 1364 854 satis
1383 807 1634 856 modicum
1652 810 1911 870 mundiale,

59 881 60 884 '
144 883 268 948 quia
301 883 513 933 dividere
548 885 600 932 in
635 885 765 934 clero
801 894 971 934 nostro
1004 887 1276 935 secundum
1311 888 1471 951 legem
1503 889 1607 952 jam
1639 899 1912 940 currentem

148 963 411 1029 dignitates
434 965 700 1016 Caesareas
731 967 830 1016 est3
854 967 1068 1017 officium
1093 969 1236 1032 plene
1261 970 1567 1020 diabolicum.
1638 973 1702 1021 Et
1725 989 1786 1021 ex
1809 974 1911 1023 istis

140 1046 378 1106 nimirum
399 1047 614 1108 infertur,
632 1049 768 1112 quod
791 1049 998 1098 ecclesia
1019 1051 1228 1100 militans
1254 1053 1312 1100 sit
1337 1068 1424 1115 per
1442 1054 1587 1102 istum
1605 1053 1910 1118 hypocritam

43 1124 46 1130 ’
128 1128 354 1179 »numium
377 1129 622 1190 desolata3
660 1145 776 1178 nam
801 1131 1085 1191 consolatio,
1112 1148 1238 1196 quae
1264 1134 1407 1183 debet
1433 1150 1539 1183 esse
1563 1137 1628 1184 ad
1651 1138 1909 1186 vivendum

143 1210 300 1261 modo
324 1210 516 1271 Christi,
541 1220 589 1261 et
611 1211 883 1261 secundum
902 1214 1048 1262 vitam
1073 1216 1498 1278 contemplativam
1523 1226 1753 1281 appetere
1777 1220 1910 1268 bona

146 1291 391 1353 coelestia,
410 1301 484 1342 est
507 1294 730 1343 extincta.
800 1294 865 1343 Et
889 1310 1003 1344 cum
1027 1297 1154 1345 istud
1178 1298 1448 1359 periculum
1473 1300 1533 1348 sit
1556 1307 1658 1348 tam
1681 1301 1908 1349 nocivum

144 1374 398 1435 ecelesiae,
423 1374 644 1425 Christus
679 1377 908 1424 nimirum
944 1379 1192 1442 praecipit,
1225 1388 1277 1428 ut
1312 1381 1395 1442 qui
1431 1380 1546 1444 legit
1581 1382 1826 1445 intelligat,
1862 1391 1909 1430 et

146 1455 346 1507 indubie
370 1465 633 1520 postquam
657 1457 956 1517 intellexerit,
983 1460 1227 1509 caritative
1262 1476 1415 1524 usque
1450 1462 1512 1510 ad
1545 1470 1753 1511 mortem
1777 1464 1909 1512 dete-

143 1546 245 1602 gat,
270 1538 386 1602 quia
420 1538 554 1587 aliter
577 1538 714 1588 Deus
750 1540 886 1588 daret
921 1541 1013 1589 sibi
1049 1541 1110 1590 de
1145 1541 1241 1591 hoc
1276 1543 1503 1606 superflue
1526 1544 1837 1605 intellectum,
1862 1554 1910 1595 et

144 1621 252 1685 ipse
276 1621 613 1671 damnabiliter
635 1623 962 1671 absconderet
984 1623 1219 1671 talentum
1244 1624 1563 1674 dominicum.

213 1701 279 1751 Et
318 1710 434 1767 post
472 1703 620 1752 istum
659 1719 896 1767 magnum
944 1704 1279 1754 antichristum
1327 1708 1598 1756 succedunt
1644 1708 1908 1757 antichristi

145 1783 377 1844 minore&
408 1793 462 1834 ut
490 1785 692 1849 praelati
722 1785 966 1846 Caesarei,
999 1787 1082 1850 qui
1119 1788 1233 1836 satis
1269 1788 1498 1838 deserunt
1529 1790 1745 1838 officium
1773 1791 1908 1854 quod

143 1864 370 1916 Christus
394 1867 472 1916 -eis
506 1866 719 1926 instituit,
756 1875 806 1916 et
840 1868 891 1916 in
926 1868 1022 1917 alio
1058 1869 1220 1918 officio
1258 1871 1530 1919 secundum
1566 1872 1711 1920 aliam
1746 1873 1908 1935 legem

142 1948 424 2009 exsudant⁴,
448 1949 563 2012 quia
584 1948 857 1999 secundum
874 1950 1195 2014 Auguslinum
1219 1952 1335 2000 illud
1359 1953 1585 2015 psalmi⁵:
1623 1958 1634 1978 ‘
1652 1953 1906 2003 Constitue

143 2022 362 2080 Domine
401 2031 727 2095 legislatorem
769 2047 915 2096 super
956 2048 1058 2092 eos,
1099 2041 1153 2081 ut
1194 2035 1362 2094 sciant,
1406 2036 1641 2099 quoniam
1682 2037 1907 2085 homines

142 2113 286 2173 sunt,’
322 2112 385 2162 de
423 2113 703 2163 antichristo
745 2114 1036 2178 intelligitur.
1106 2116 1169 2164 Et
1211 2118 1280 2166 sic
1318 2118 1402 2166 ubi
1439 2117 1661 2167 Christus
1702 2126 1774 2167 ter
1816 2120 1907 2167 sub

143 2197 350 2246 obtentu
381 2211 498 2245 suae
531 2196 802 2246 dilectionis
827 2197 972 2246 Petro
1006 2206 1053 2247 et
1086 2200 1185 2248 suis
1219 2202 1580 2249 successoribus
1613 2201 1829 2260 instituit,
1854 2210 1907 2249 ut

135 2284 383 2342 pascerent
417 2294 535 2327 oves
576 2294 703 2338 suaS,
745 2279 850 2329 talis
893 2280 1198 2330 antichristus
1246 2283 1296 2330 in
1342 2282 1450 2344 lege
1499 2298 1586 2331 sua
1627 2283 1812 2341 limitat,
1854 2292 1907 2332 ut

90 2426 92 2430 y
141 2360 388 2423 depascant
407 2361 645 2410 contrarie
669 2376 786 2410 oves
811 2361 1002 2412 Christi.
1074 2362 1224 2422 Quod
1243 2364 1282 2413 si
1306 2364 1513 2413 volueris
1542 2366 1763 2428 experiri,
1789 2375 1906 2414 nota

141 2442 289 2492 vitam
324 2442 504 2492 Christi
538 2452 586 2493 et
621 2444 959 2506 apostolorum
995 2444 1223 2504 officium,
1261 2454 1310 2494 et
1344 2447 1453 2494 vide
1478 2462 1628 2510 quam
1664 2449 1903 2496 contrarie

24 2507 26 2509 .
57 2518 59 2521 ’
141 2525 298 2573 nostri
331 2525 591 2588 praepositi
631 2524 724 2574 hos
760 2534 1040 2588 sequuntur.
1111 2526 1244 2575 Nam
1278 2528 1655 2590 praedicationis
1690 2529 1904 2577 officium

133 2615 214 2656 est
255 2607 593 2670 proscriptum,
633 2614 682 2655 et
723 2606 938 2654 officium
980 2608 1223 2670 spoliandi
1262 2609 1482 2658 subditos
1524 2619 1596 2658 est
1637 2611 1903 2659 inductum.

140 2689 244 2738 Sed
266 2688 624 2752 pseudofratres
646 2703 750 2736 non
774 2689 935 2736 minus
959 2689 1076 2738 false
1101 2698 1244 2752 atque
1273 2690 1534 2753 sophistice
1566 2691 1789 2740 dicuntur
1812 2707 1902 2755 pro

139 2771 387 2834 episcopis
425 2770 649 2834 supplere
687 2770 839 2819 istud⁶
876 2770 1103 2830 officium,
1140 2780 1188 2820 et
1229 2773 1297 2821 sic
1339 2773 1543 2822 ecclesia
1576 2774 1791 2836 undique
1830 2782 1926 2838 ests

140 2853 364 2916 decepta.
446 2851 511 2900 Et
545 2852 750 2900 breviter
788 2853 1004 2900 attendat
1040 2853 1193 2902 homo
1236 2854 1299 2902 ad
1335 2855 1538 2917 praxim,
1576 2855 1819 2917 regulam⁷
1856 2864 1904 2903 et

136 2934 276 2999 leges
299 2934 579 2993 antichristi,
604 2943 654 2982 et
676 2934 854 2983 videbit
878 2935 1012 2997 quod
1030 2936 1244 2999 undique
1263 2937 1356 2984 sint
1382 2937 1650 2984 contrariae
1671 2937 1832 2986 officio
1857 2946 1904 2986 et

4 2983 27 3062 i.
62 3080 65 3083 Ι
140 3016 330 3080 legibus
354 3015 474 3081 Jesu
498 3016 691 3067 Christi.
761 3016 868 3066 Nec
895 3017 1110 3075 dubium,
1132 3018 1249 3080 quin
1275 3018 1325 3066 in
1350 3018 1452 3067 aliis
1478 3018 1665 3066 duabus
1690 3020 1903 3081 partibus

138 3099 390 3166 ecclesiae,
440 3099 622 3147 scilicet
668 3098 857 3147 militari
906 3100 1104 3148 brachio
1154 3108 1297 3162 atque
1345 3100 1675 3163 popularibus,
1717 3109 1903 3149 rectum

140 3173 322 3230 Christi
355 3180 570 3230 officium
605 3189 678 3229 est
713 3196 1008 3244 perversum,
1047 3197 1158 3230 curn
1194 3197 1320 3245 pene
1358 3197 1532 3229 omnes
1570 3182 1904 3231 damnabiliter

131 3264 456 3313 ‘consentiunt
479 3263 790 3322 antichristo;
831 3263 952 3312 haec
986 3279 1104 3326 ergo
1138 3264 1353 3313 haeresis
1378 3265 1527 3312 inficit
1560 3275 1764 3312 matrem
1788 3280 1903 3314 nos-

194 3382 370 3436 ¹patet]
389 3381 523 3435 magis
542 3387 670 3435 patet,
692 3382 756 3422 ed.
777 3396 838 3435 pr.
1046 3382 1061 3404 2
1088 3382 1179 3435 aut]
1196 3396 1258 3429 ac,
1280 3383 1334 3423 D.
1541 3383 1556 3405 ³
1584 3383 1819 3434 est]e1,ed.
1840 3397 1901 3447 pr.

138 3435 155 3461 ⁴
181 3435 404 3489 exsudant]
424 3437 617 3483 exudant,
639 3437 685 3476 Β
690 3436 746 3476 D.
767 3451 776 3483 ;
807 3437 1025 3484 exundant,
1044 3438 1107 3477 ed.
1129 3450 1190 3490 pr.
1414 3437 1429 3459 ⁵
1461 3438 1525 3478 I.s
1545 3438 1628 3478 viii.
1645 3439 1697 3478 A.
1701 3438 1748 3478 B.
1768 3439 1832 3479 Ps.
1849 3439 1901 3479 ix.

140 3490 191 3531 Β.
210 3491 275 3532 ed.
295 3504 382 3544 pr.;
412 3497 475 3532 est
494 3504 633 3532 versus
656 3503 700 3530 21
726 3491 878 3531 Psalmi
898 3492 1008 3531 noni.
1174 3491 1190 3514 ⁶
1218 3491 1349 3543 istud]
1370 3491 1484 3538 illud,
1504 3492 1556 3532 A.
1561 3493 1609 3533 C.
1744 3492 1761 3516 ⁷
1789 3507 1904 3546 regu-

137 3545 246 3599 lam]
281 3545 521 3586 modernam
555 3546 751 3599 regulam,
784 3546 832 3586 C.
868 3546 1069 3587 secundae
1106 3559 1275 3593 manus;
1319 3547 1575 3595 modernam(
1612 3547 1764 3589 omissa
1802 3561 1903 3590 voce

141 3599 344 3653 regulam,
364 3600 419 3641 D.
439 3600 503 3641 ed.
520 3614 580 3653 pr.

2053 427 2150 496 187
