2436 4094
62 450 67 508 2
149 445 283 477 m...
636 397 649 407 ’
746 426 1312 478 TRIALOGUS.

149 562 243 612 nisi
265 561 335 612 sic
358 562 573 610 moriens
596 562 788 625 posset¹
812 563 969 612 vivere
994 569 1107 626 post
1130 561 1257 610 hane
1276 561 1449 611 vitam:
1487 575 1606 624 ergo
1632 559 1900 609 conclusio,

50 626 66 677 ’Ῐ
150 641 472 706 Assumptum
495 650 629 706 patet
651 659 713 692 ex
742 644 853 702 hoc,
879 645 1014 707 quod
1032 644 1185 691 homo
1210 643 1298 691 de²
1322 642 1669 691 communitate
1698 641 1903 690 omnino

142 724 288 790 justa,
307 731 469 788 potest
487 724 614 788 juste
638 726 763 774 mori
790 741 881 789 pro
906 724 985 774 illa
1009 724 1251 784 salvanda,
1273 740 1385 774 cum
1403 725 1468 772 illi
1493 723 1829 773 communitati
1852 731 1901 772 et

148 805 337 856 homini
368 806 592 855 morienti
623 806 749 855 foret
779 807 832 854 in
865 822 984 855 casu
1015 807 1200 855 utilius³
1214 823 1226 866 3
1278 822 1390 855 cum
1422 821 1542 868 ergo
1567 806 1727 855 omnis
1753 805 1905 854 homo

147 887 294 937 debet
333 894 561 951 appetere
607 888 766 951 majus
806 889 1007 945 bonum,
1050 887 1185 950 quod
1234 887 1558 935 communiter
1599 894 1673 935 est
1718 888 1906 935 bonum

44 971 46 974 ’
94 1013 99 1017 .
148 968 412 1034 publicum,
444 967 655 1016 videtur*
679 968 813 1031 quod
849 967 1000 1016 homo
1037 968 1088 1015 in
1123 984 1240 1016 casu
1277 968 1421 1016 debet
1456 968 1631 1031 eligere
1667 968 1732 1016 ita
1767 968 1905 1016 mori.

149 1050 348 1101 Bonum
370 1057 534 1100 autem
565 1050 900 1099 communitati
933 1050 1164 1113 possibile
1197 1058 1271 1098 est
1295 1051 1355 1098 de
1388 1050 1497 1113 lege
1521 1059 1720 1099 naturae
1746 1051 1908 1114 potius

148 1133 444 1198 eligendum.
508 1132 624 1182 -Nec
658 1133 872 1191 dubium,
899 1134 1017 1196 quin
1049 1133 1101 1180 in
1133 1133 1294 1181 multis
1321 1134 1513 1181 casibus
1538 1132 1663 1181 foret
1687 1147 1906 1181 commu-

150 1216 285 1283 nitati
307 1216 483 1276 utiliuS‚
509 1223 692 1265 certam
716 1230 980 1278 personam
1003 1215 1143 1273 mori,
1169 1230 1319 1278 quam
1343 1216 1500 1277 ipsam
1524 1215 1679 1263 vivere
1712 1213 1908 1262 ulterius

149 1299 299 1348 etiam
321 1298 548 1347 virtuose.
618 1297 683 1345 Et
707 1297 880 1346 eadem
910 1305 983 1345 est
1014 1297 1136 1345 ratio
1169 1297 1313 1345 etiam
1348 1297 1408 1345 de
1442 1296 1639 1344 homine
1672 1296 1723 1343 in
1756 1295 1909 1358 adop·

153 1380 286 1430 tione
321 1379 502 1443 posit0,
535 1378 607 1427 vel
643 1386 901 1441 peccatum
938 1378 1239 1426 committere
1275 1377 1349 1425 vel
1385 1376 1653 1426 secundum
1689 1378 1910 1424 virtutem

154 1461 532 1526 temperantiae‘⁵
562 1462 691 1525 juste
725 1461 864 1509 mori.
939 1460 1204 1524 Supposito
1239 1474 1372 1522 erg0‚
1397 1467 1450 1507 ut
1483 1459 1578 1507 fide
1603 1475 1690 1522 per
1717 1474 1768 1507 se
1795 1466 1912 1507 nota

151 1544 355 1603 homini,
380 1543 516 1607 quod
538 1551 666 1592 esset
702 1543 792 1591 sibi
824 1543 1090 1591 virtuosum
1114 1550 1161 1590 et
1184 1542 1344 1589 utilius
1377 1541 1442 1589 ita
1473 1541 1612 1598 mori,
1638 1548 1911 1603 quaeratur,

151 1626 334 1689 quando
355 1626 448 1674 ista
477 1625 653 1674 utilitas
685 1641 746 1673 ex
779 1632 935 1673 morte
969 1625 1059 1672 sibi
1093 1624 1411 1686 contingeret,
1446 1622 1520 1670 vel
1554 1630 1666 1670 ante
1702 1631 1913 1670 mortem

152 1722 307 1766 suam,
331 1708 408 1756 vel
431 1708 577 1771 post?
644 1706 763 1756 Non
788 1715 898 1755 ante
923 1714 1132 1754 mortem
1158 1720 1310 1762 suam,
1344 1719 1456 1752 cum
1491 1719 1624 1752 mors
1650 1719 1751 1752 non
1777 1712 1910 1752 ante-

151 1804 302 1854 quam
342 1788 496 1848 fuerit‚
533 1789 675 1837 infert
717 1789 903 1836 bonurn
918 1804 931 1847 ;
986 1788 1025 1835 si
1067 1794 1180 1850 post
1215 1794 1424 1834 mortem
1460 1801 1613 1843 suam,
1651 1793 1766 1834 tunc
1801 1794 1915 1848 post

147 1879 357 1921 mortem
393 1886 533 1920 suam
570 1870 755 1933 spiritui
794 1885 883 1918 suo
921 1868 1092 1916 inferet
1131 1869 1247 1916 illud
1285 1870 1502 1926 bonum3
1560 1876 1606 1915 et
1645 1882 1733 1930 per
1779 1866 1911 1915 idem

153 1953 374 2017 semper⁰
396 1953 613 2000 manebit
635 1952 712 2000 ille
738 1952 946 2015 spiritus,
972 1966 1084 1999 cum
1109 1966 1138 1998 a
1163 1964 1368 2012 corpore
1394 1963 1497 1997 non
1523 1948 1781 2012 dependet.
1852 1948 1916 1997 Et

152 2036 272 2086 tales
295 2043 406 2084 sunt
433 2035 613 2083 multae
645 2035 856 2083 rationes
891 2032 1292 2082 demonstrationi
1326 2031 1646 2094 propinquae,
1670 2038 1724 2079 ut
1755 2028 1915 2093 quod⁷

95 2110 97 2114 ¹
153 2118 469 2182 sapientiores
504 2125 552 2166 et
587 2116 851 2166 sanctiores
885 2115 1112 2164 homines
1147 2113 1302 2162 taliter
1337 2113 1622 2170 moriuntur,
1657 2127 1759 2161 non
1796 2127 1916 2175 ergo

150 2199 217 2248 illi
240 2199 292 2248 in
314 2214 463 2249 causa
485 2206 589 2248 tam
613 2198 888 2249 necessaria
907 2196 1148 2260 superflue
1174 2196 1459 2252 moriuntur,
1480 2195 1594 2258 quia
1618 2202 1733 2243 tunc
1752 2202 1917 2243 essent

153 2286 166 2309 ‘
182 2282 574 2332 miserabiliores'
609 2291 657 2331 et
697 2281 940 2330 stultiores
979 2284 990 2305 ‘
1007 2279 1195 2328 cunctis
1238 2276 1571 2336 hominibus⁸,'
1616 2277 1739 2326 sicut
1780 2276 1916 2324 multi

152 2365 381 2415 homines
416 2379 573 2428 usque
608 2363 672 2412 ad
707 2364 857 2412 finem
893 2363 1016 2410 vitae
1054 2377 1169 2410 suae
1206 2361 1256 2408 in
1292 2360 1544 2409 virtutibus
1580 2367 1915 2422 perseverant;

154 2446 341 2512 aliqua.⁹
359 2461 478 2511 ergo
502 2446 627 2495 foret
649 2460 838 2494 merces
861 2444 952 2492 illis
978 2459 1008 2492 a
1025 2443 1137 2492 Deo
1161 2442 1424 2505 magnifico
1449 2442 1499 2489 in
1524 2442 1620 2490 fine
1646 2441 1916 2499 tribuenda,

156 2544 261 2579 non
293 2529 345 2577 in
374 2529 472 2576 vita
493 2528 599 2586 ista,
625 2542 738 2576 cum
762 2526 898 2574 Deus
925 2526 1164 2589 disposuit
1188 2524 1324 2586 quod
1347 2524 1398 2571 in
1422 2523 1673 2572 virtutibus
1705 2524 1917 2572 morian-

155 2619 233 2661 tur
248 2628 262 2670 ;
317 2625 437 2674 ergo
478 2617 709 2672 superest,
753 2606 888 2671 quod
928 2607 979 2654 in
1019 2606 1116 2654 vita
1149 2605 1307 2653 futura
1321 2621 1334 2665 3
1389 2613 1438 2652 et
1478 2620 1566 2667 per
1607 2620 1916 2667 consequens

157 2693 352 2758 spiritus
397 2699 511 2756 post
557 2698 766 2738 mortem
814 2687 1032 2751 corporis
1085 2686 1296 2734 hominis
1347 2684 1595 2734 durabit¹⁰.
1694 2685 1918 2734 Similiter

156 2773 316 2824 cumu
348 2772 487 2822 Deus
515 2773 642 2836 juste
678 2770 917 2819 distribuit
951 2769 1168 2831 praemia
1202 2768 1423 2815 virtuosis
1460 2768 1563 2815 sine
1600 2782 1929 2837 personarum*

158 2855 460 2919 acceptione,
485 2853 669 2902 notatis
703 2852 910 2909 duobus,
936 2865 1145 2914 quorum
1170 2864 1296 2897 unus
1321 2849 1530 2896 virtuose
1555 2849 1695 2906 vivat,
1726 2856 1773 2896 et
1799 2849 1918 2898 alius

156 2937 460 3002 voluptuose,
485 2951 574 2999 per
596 2943 751 2983 totam
779 2948 918 2982 suam
951 2931 1223 2995 periodum,
1250 2937 1456 2993 oportet,
1482 2929 1617 2992 quod
1644 2944 1734 2992 pro
1759 2929 1920 2994 aliqua

157 3035 388 3070 mensura
420 3018 656 3082 temporis
692 3017 752 3066 sit
789 3017 915 3079 juste
951 3014 1042 3062 illis
1079 3013 1138 3062 de
1176 3028 1264 3061 suo
1302 3011 1566 3075 praemio¹²
1601 3011 1918 3075 dispertitum,

157 3119 262 3154 non
302 3105 354 3153 in
383 3104 478 3153 hac
510 3103 620 3161 vita,
651 3108 706 3149 ut
735 3107 868 3163 patet
910 3114 971 3147 ex
1006 3112 1149 3156 casu;
1207 3110 1324 3159 ergo
1360 3102 1593 3158 superest,
1633 3093 1768 3156 quod
1804 3103 1918 3157 post

159 3193 383 3236 mortem.
468 3183 534 3233 Et
567 3183 682 3248 quia
718 3181 838 3230 fides
874 3180 1135 3242 scripturae
1171 3186 1244 3226 est
1280 3177 1424 3239 plena
1461 3175 1740 3224 testimonio
1775 3173 1918 3238 hujus

214 3356 230 3383 ¹
258 3356 419 3411 posset]
439 3357 584 3410 possit,
604 3355 668 3398 ed.
689 3368 750 3409 pr.
955 3353 971 3376 ²
998 3352 1068 3404 de]
1091 3364 1180 3404 pro,
1202 3351 1253 3390 A.
1259 3352 1302 3390 Β.
1516 3349 1531 3371 ³
1560 3348 1717 3400 utilius]
1740 3347 1919 3389 medium

162 3412 253 3454 utih
241 3412 317 3458 '‚us
337 3412 401 3453 ed.
421 3424 484 3465 pr.
677 3407 898 3460 ‘videtur]
920 3408 1079 3449 videtur
1098 3406 1220 3452 enim,
1241 3405 1303 3445 ed.
1324 3417 1385 3459 pr.
1571 3403 1586 3426 ³
1605 3403 1917 3456 temperantiae]

162 3471 247 3508 t'em
307 3478 439 3512 rauce,
458 3466 522 3507 ed.
542 3478 603 3518 pr.
732 3465 748 3488 ⁶
777 3463 964 3557 semper}l
978 3475 1059 3502 om.
1081 3461 1143 3500 ed.
1165 3473 1224 3512 pr.
1354 3457 1369 3481 ⁷
1400 3462 1443 3498 ut
1465 3456 1594 3511 quod]
1616 3462 1754 3509 utque,
1774 3457 1838 3499 ed.
1857 3470 1918 3511 pr.

251 3531 303 3561 .1
327 3519 515 3562 Corinth.
537 3533 600 3562 xv.
627 3530 643 3559 1
954 3516 1066 3569 qua]
1088 3514 1181 3562 alia,
1204 3515 1251 3555 C.
1273 3513 1335 3554 ed.
1357 3525 1417 3566 pr.
1603 3512 1633 3536 ¹⁰
1657 3511 1917 3574 perdurabit]

164 3574 341 3623 durabit,
362 3575 415 3616 A.
418 3574 465 3615 B.
632 3574 646 3599 ²
692 3572 805 3626 cum]
827 3572 950 3619 enim,
970 3571 1032 3612 ed.
1054 3583 1114 3623 pr.
1282 3567 1311 3592 ¹²
1338 3565 1541 3621 praemio]
1565 3565 1709 3619 pretio,
1729 3565 1791 3607 ed.
1813 3579 1873 3620 pr.

1959 469 1968 478 ,
2031 437 2132 494 ¹03
