2424 4120
375 395 483 463 416

301 706 430 735 Praelati
445 714 463 733 a
474 707 545 746 lege

299 741 412 769 Christi
426 748 524 774 open-

299 776 357 802 bus
368 774 557 802 declinantes

299 817 361 836 non
371 807 500 842 putandi

298 847 369 870 sunt
382 846 507 869 sanctae

1053 393 1475 458 JOANNJS
1543 394 1896 444 WJCLJF
2218 412 2360 442 cu...

614 530 676 577 Et
701 530 761 577 de
797 529 877 576 illa
901 527 1106 576 ecclesia
1140 528 1349 591 loquitur
1383 527 1504 576 fides
1537 536 1702 576 nostra
1736 535 1783 575 et
1818 527 1887 575 sic
1916 541 2018 575 non
2053 526 2115 575 de
2150 525 2356 575 ecclesia

614 608 1005 671 malignantium1
1029 609 1103 657 vel
1127 609 1187 657 de
1212 610 1416 658 ecclesia
1440 610 1560 657 false
1583 617 1875 672 nuncupata.

689 691 844 738 Tertio
867 691 1051 738 videtur
1075 691 1193 738 mihi
1223 691 1356 754 quod
1381 706 1701 754 quoscunque
1725 691 1965 754 praelatos
1989 689 2259 738 Caesareos
2283 687 2358 736 vel

611 773 661 819 in
686 772 780 820 fide
806 772 1066 834 scripturae
1090 774 1279 820 notorie
1312 772 1645 835 delinquentes
1680 773 1916 821 debemus
1946 786 2049 819 non
2079 784 2358 834 supponere

518 873 535 879 ··
612 869 718 902 esse
753 855 974 902 membra
1009 862 1204 902 sanctae
1245 855 1412 902 matris
1453 855 1700 903 ecclesiae.
1771 854 1934 902 Probo
1974 854 2068 902 sic:
2121 852 2358 902 debemus

612 935 672 983 de
707 936 823 998 ipsis
859 935 1149 998 aliqualiter2
1179 936 1412 999 judicare,
1449 944 1497 984 et
1531 936 1707 998 loquor
1748 935 1809 983 de
1841 943 1953 984 tota
1993 934 2198 985 ecclesia
2236 934 2360 981 mili-

610 1025 741 1065 tante
789 1025 986 1080 propter
1025 1018 1160 1080 ipsos
1203 1019 1471 1066 secundum
1513 1018 1722 1080 aliquam
1764 1017 1838 1065 sui
1878 1025 2066 1080 partem
2079 1033 2092 1077 3
2147 1023 2196 1064 et
2241 1023 2358 1064 tunc

611 1106 743 1161 patet
789 1106 1024 1146 assertum
1033 1099 1064 1156 ³,
1113 1114 1226 1147 cum
1274 1098 1491 1147 Christus
1539 1099 1762 1147 mandat4
1810 1098 1984 1147 Matth.
2022 1098 2115 1157 vii„
2157 1097 2361 1146 ‘Atten-

611 1181 706 1228 dite
754 1196 783 1228 a
829 1180 959 1228 falsis
1007 1181 1272 1243 prophetis,
1315 1181 1398 1243 qui
1445 1181 1644 1228 veniunt
1691 1179 1755 1228 ad
1800 1194 1887 1228 vos
1934 1180 1986 1226 in
2031 1177 2360 1228 vestimentis⁶

610 1264 787 1320 ovium,
820 1262 1106 1311 intrinsecus
1139 1270 1302 1310 autem
1336 1270 1447 1310 sunt
1478 1262 1578 1324 lupi
1610 1276 1836 1324 rapaces;
1874 1276 1904 1308 a
1934 1260 2166 1308 fructibus
2190 1274 2359 1313 eorum

610 1344 917 1406 cognoscetis
949 1341 1064 1391 eos.'
1134 1343 1199 1391 Et
1235 1344 1296 1392 de
1327 1343 1445 1391 isto⁶
1477 1343 1660 1406 judicio
1692 1342 1896 1396 >mandat
1928 1341 2147 1390 Christus
2174 1340 2361 1405 Johan-

610 1426 685 1473 nis
721 1426 811 1472 xiv.
823 1425 855 1483 ⁷,
898 1429 910 1449 ‘
927 1426 968 1473 si
1014 1425 1131 1472 mihi
1178 1440 1281 1473 non
1329 1425 1534 1482 creditiS,
1577 1425 1805 1486 operibus
1846 1423 1968 1471 meis
2015 1422 2222 1471 credite?
2306 1421 2360 1470 Si

606 1508 750 1569 igitur
773 1507 983 1555 militans
1018 1507 1223 1554 ecclesia
1245 1514 1435 1554 tenetur
1465 1506 1684 1569 judicare
1721 1505 1782 1553 de
1817 1504 2042 1567 praelatis
2075 1511 2178 1552 tam
2211 1503 2357 1552 bonis

609 1604 756 1650 quam
773 1587 917 1635 'malis
943 1596 989 1635 et
1013 1588 1073 1636 de
1098 1589 1196 1636 suis
1219 1588 1447 1650 operibus
1473 1587 1804 1635 conformibus
1828 1586 1903 1634 vel
1927 1585 2229 1634 difformibus
2261 1585 2358 1647 legi

610 1669 800 1727 Christi,
819 1669 1005 1718 videtur
1023 1669 1157 1732 quod
1176 1669 1236 1718 de
1254 1669 1477 1731 praelatis
1496 1668 1754 1731 praedictis
1775 1668 1920 1717 debet
1942 1681 2046 1715 non
2065 1681 2358 1738 supponere,

610 1751 743 1814 quod
768 1752 861 1799 sint
884 1753 1105 1799 membra
1129 1748 1350 1799 sanctae⁸
1374 1751 1539 1799 matris
1572 1750 1831 1808 ecclesiae3
1881 1763 1982 1796 non
2014 1749 2145 1796 enim
2177 1762 2360 1811 suppo-

610 1830 771 1881 neret⁹
812 1833 947 1896 quod
991 1834 1084 1881 sint
1120 1833 1254 1891 tales,
1290 1833 1383 1881 nisi
1424 1834 1487 1880 ab
1528 1832 1766 1880 evidentia
1801 1838 1943 1893 capta
1977 1845 2040 1877 ex
2075 1844 2223 1892 opere
2259 1844 2359 1892 quo

611 1915 966 1977 sequerentur¹⁰
1006 1915 1278 1963 Dominum
1320 1915 1489 1978 Jesum
1532 1914 1790 1962 Christum.
1869 1912 1966 1961 Sed
2007 1926 2109 1960 non
2150 1919 2223 1960 est
2263 1912 2360 1960 evi-

613 1996 775 2044 dentia
799 1996 1035 2059 capienda
1066 2012 1127 2044 ex
1161 2011 1249 2044 suo
1283 2011 1445 2058 opere,
1473 1996 1606 2058 quod
1639 1995 1752 2043 dicti
1785 1994 1982 2058 praelati
2014 1993 2109 2041 sint
2140 1993 2361 2041 membra

612 2086 807 2126 sanctae
844 2078 1009 2125 matris
1047 2078 1278 2126 ecclesiae
1291 2094 1305 2137 3
1363 2092 1482 2139 ergo
1523 2092 1624 2124 non
1667 2077 1831 2123 subest
1872 2075 1933 2124 de
1973 2075 2064 2124 illis
2105 2075 2360 2134 evidentia,

612 2159 742 2207 unde
784 2159 1003 2206 subditus
1045 2159 1189 2206 debet
1230 2174 1505 2222 supponere
1548 2158 1609 2206 de
1651 2159 1782 2220 ipsis,
1824 2157 1959 2220 quod
2000 2158 2096 2205 sint
2139 2158 2362 2205 membra

614 2247 808 2289 sanctae
833 2241 998 2288 matris
1031 2241 1278 2288 ecclesiae.
1349 2240 1469 2288 Non
1501 2241 1630 2288 enim
1663 2239 2012 2287 demonstratio
2036 2239 2111 2287 vel
2133 2238 2359 2287 revelatio

615 2330 688 2370 est
711 2322 853 2370 nobis
878 2322 1183 2384 expectanda
1206 2322 1256 2369 in
1281 2323 1371 2369 ista
1394 2322 1606 2379 materia,
1633 2321 1719 2369 sed
1743 2320 1916 2369 sufficit
1946 2320 2089 2368 nobis
2121 2320 2362 2368 evidentia

614 2404 777 2466 topica
791 2420 804 2463 ;
842 2411 890 2451 et
913 2412 1078 2451 tamen
1103 2419 1215 2451 cum
1239 2404 1442 2451 omnino
1466 2404 1713 2465 privantur
1743 2402 1862 2450 tales
1894 2401 2092 2464 praelati
2123 2401 2362 2449 evidentia

615 2485 867 2547 probabili,
888 2485 1022 2547 quod
1046 2486 1140 2532 sint
1164 2486 1385 2532 membra
1410 2492 1605 2533 sanctae
1629 2485 1795 2532 matris
1820 2483 2064 2540 ecclesiae,
2082 2482 2362 2546 relinquitur

615 2565 748 2629 quod
772 2567 904 2629 apud
929 2566 1188 2614 debentem
1213 2566 1273 2614 de
1297 2566 1447 2614 altero
1477 2566 1706 2629 judicare,
1732 2565 1866 2628 quod
1897 2565 2205 2628 probabiliter
2233 2564 2360 2628 judi-

615 2663 723 2695 care
759 2647 947 2706 debeat,
983 2648 1118 2710 quod
1152 2662 1254 2695 non
1293 2648 1388 2695 sint
1425 2649 1646 2695 membra
1683 2655 1878 2696 sanctae
1912 2647 2078 2695 matris
2113 2646 2360 2695 ecclesiae.

615 2730 782 2778 Multis
830 2730 1030 2792 quidem
1076 2745 1136 2778 ex
1179 2730 1418 2778 evidentia
1459 2731 1571 2778 satis
1611 2730 1776 2792 topica
1815 2729 2001 2777 videtur
2041 2727 2175 2791 quod
2213 2729 2360 2777 vitam

614 2813 743 2861 illam
768 2827 913 2874 quam
939 2813 1234 2874 inceperunt,
1261 2827 1414 2874 usque
1440 2813 1504 2860 ad
1528 2813 1676 2860 finem
1699 2812 1822 2860 vitae
1847 2827 1962 2860 suae
1993 2812 2359 2869 continuabunt,

614 2904 662 2944 et
703 2909 954 2957 nunquam
995 2894 1056 2942 de
1102 2894 1233 2942 dicto
1282 2909 1443 2941 errore
1484 2893 1739 2942 efficaciter
1778 2895 2072 2956 resipiscent,
2114 2908 2226 2941 cum
2273 2907 2362 2955 per

615 2977 744 3025 mille
770 2991 927 3024 annos
959 2975 1034 3023 vel
1066 2976 1252 3023 circiter
1284 2977 1353 3023 sic
1388 2976 1559 3023 evenit.
1633 2975 1683 3023 Si
1715 2990 1831 3037 ergo
1866 2974 2183 3037 speculator¹¹
2215 2974 2361 3023 debet

616 3059 676 3107 de
711 3057 926 3121 periculo
962 3057 1228 3119 providere,
1266 3057 1453 3104 videtur
1487 3057 1622 3119 quod
1661 3057 1880 3104 membra
1914 3056 2144 3104 ecclesiae
2179 3057 2359 3106 debent

616 3140 983 3204 perpetuitatem
1011 3139 1218 3186 malitiae
1242 3138 1293 3185 in
1324 3137 1496 3187 talibus
1525 3138 1812 3201 praepositis
1842 3145 2077 3200 reputare.
2152 3136 2203 3184 Si
2226 3138 2358 3185 enim

670 3262 685 3287 ¹
714 3261 765 3302 cf.
786 3262 852 3301 Ps.
870 3260 964 3301 lxiv.
988 3272 1011 3312 3
1032 3259 1156 3312 Vulg.
1331 3259 1348 3282 ²
1375 3259 1426 3299 de
1444 3259 1543 3312 ipsis
1562 3258 1810 3311 aliqualiter]
1833 3257 2062 3311 aliqualiter
2078 3257 2131 3298 de
2149 3257 2261 3311 ipsis,
2281 3258 2357 3304 C.;

615 3316 764 3368 aliqua,
784 3316 838 3356 A.
1064 3314 1079 3337 ³
1107 3313 1325 3366 assertum]
1348 3319 1616 3366 assumptum,
1637 3314 1773 3353 A.a.b.
1973 3311 2008 3364 ,⁴
2033 3312 2222 3365 mandat]
2242 3326 2359 3352 man·

614 3371 739 3416 davit,
761 3370 810 3411 C.
973 3370 988 3393 ⁵
1015 3369 1286 3421 vestimentis]
1307 3368 1468 3414 vestitu,
1491 3369 1538 3408 C.
1710 3367 1726 3391 ⁶
1754 3366 1856 3419 isto]
1876 3367 1996 3414 iusto,
2018 3367 2123 3408 A.C.
2142 3367 2182 3406 b.
2202 3367 2358 3420 primae

614 3438 772 3465 manus.
922 3422 938 3447 ⁷
965 3423 1066 3475 xiv]
1087 3423 1140 3462 iv.
1161 3424 1322 3468 A.a.b.;
1342 3437 1391 3467 fx.
1413 3423 1484 3468 C.;
1515 3421 1566 3462 cf.
1588 3422 1662 3462 Ev.
1683 3422 1778 3475 Joh.
1797 3421 1876 3461 xiv.
1900 3433 1963 3460 11.
2129 3420 2146 3444 ⁸
2172 3421 2357 3473 sanctae]

615 3492 696 3518 om.
718 3479 766 3519 C.
931 3478 946 3501 ⁹
974 3477 1240 3531 supponeret]
1262 3483 1478 3529 supponet,
1499 3477 1548 3517 C.
1687 3477 1718 3500 ¹⁰
1746 3489 1827 3528 quo
1848 3475 2128 3528 sequerentur]
2149 3476 2359 3528 quomodo

615 3538 842 3584 sequentur,
864 3533 912 3574 C.
1077 3533 1107 3557 ¹¹
1137 3532 1188 3572 cf.
1210 3532 1358 3572 Ezech.
1381 3531 1516 3571 xxxiii.
1539 3542 1574 3577 2,
1595 3543 1680 3583 sqq.

2107 3613 2290 3649 wleLIF
