2436 4094
71 384 75 415 ³
146 380 280 463 ως,
750 411 861 461 TR
879 413 972 462 [Α
993 412 1042 461 L
1067 413 1111 463 0
1131 412 1178 462 G
1202 411 1321 461 σε.
2051 420 2121 479 53

63 531 78 573 Ῐ’
145 545 304 594 noscit
327 545 508 615 aliquid
531 561 653 605 esse,
678 557 793 596 tunc
817 547 933 596 illud
957 557 1031 596 est
1045 563 1057 607 ;
1095 561 1214 610 ergo
1239 562 1269 594 a
1292 546 1451 609 primo
1484 545 1547 594 ad
1575 543 1836 602 ultimum¹,
1861 544 1901 591 si

70 619 71 622 ¹
143 626 326 690 aliquid
349 627 438 676 fuit
459 628 535 676 vel
559 630 658 687 erit,
684 632 845 692 ipsum
870 638 956 678 est.

60 760 62 762 ,
154 725 169 733 ··
212 708 278 757 Et
300 724 361 758 ex
393 711 571 759 eodem
605 707 831 773 sequitur,
858 711 993 774 quod
1017 710 1154 759 Deus
1187 712 1248 758 sit
1279 711 1565 772 omnzpolens,
1591 709 1705 772 quia
1729 708 1902 756 melius
1958 728 2043 768 quoq
2057 727 2153 790 {tens

66 801 75 807 ’
104 850 105 853 ¹
144 798 219 840 est
242 806 352 840 esse
376 790 557 856 aliquid
581 793 647 840 ita
670 801 861 855 potens,
887 809 1036 855 quam
1061 802 1133 841 est
1157 808 1264 841 esse
1290 791 1469 854 aliquid
1492 806 1597 839 non
1620 792 1686 838 ita
1708 799 1900 853 potens,

55 866 61 907 Ἇ
140 871 205 921 Et
228 873 269 921 si
291 872 438 932 dicas,
457 875 593 936 quod
616 875 667 922 in
691 876 920 923 omnibus
944 876 1046 923 istis
1065 876 1224 937 primo
1248 875 1424 936 petitur
1449 872 1900 929 demonstrandam,

65 970 69 977 ·
141 955 304 1004 statim
335 955 472 1004 adest
502 957 741 1019 primum2
765 958 1071 1020 principium,
1099 957 1233 1019 quod
1257 956 1393 1004 Deus
1425 955 1522 1004 est³
1546 956 1611 1003 ita
1634 956 1822 1002 bonum
1855 962 1904 1001 et

63 1102 66 1103 7
140 1034 411 1099 perfectum
451 1038 573 1086 sicut
613 1047 774 1101 potest
814 1039 1015 1101 intelligi
1058 1039 1295 1101 quidquid
1337 1054 1458 1086 esse.
1537 1036 1682 1085 -Nota
1721 1044 1900 1093 tamen,

101 1171 105 1175 ,
140 1117 302 1181 quod*
325 1132 389 1167 ex
409 1119 491 1167 illo
525 1134 628 1168 non
661 1121 888 1183 sequitur,
915 1121 1051 1184 quod
1082 1120 1219 1168 Deus
1250 1127 1413 1183 potest
1447 1119 1653 1167 deficere
1684 1118 1760 1166 vel
1794 1133 1902 1166 cor-

48 1214 78 1242 π’
138 1187 313 1263 rumpi,
333 1203 447 1264 quia
470 1201 566 1251 hoc
591 1218 694 1251 non
714 1212 788 1252 est
807 1219 968 1267 posse,
990 1204 1077 1255 sed
1097 1220 1125 1252 a
1144 1219 1290 1267 posse
1317 1203 1538 1251 deficere.
1609 1202 1717 1250 Nec
1742 1202 1900 1264 sequi·

58 1328 63 1358 ἑ
140 1287 232 1341 tur,
259 1282 392 1346 quod
417 1291 470 1331 tu
491 1293 635 1347 potes
668 1285 828 1334 facere
861 1287 1042 1349 aliquid
1066 1286 1201 1349 quod
1232 1286 1370 1333 Deus
1403 1301 1507 1333 non
1530 1293 1695 1348 potest
1718 1284 1895 1342 facere,

118 1369 203 1414 'eo
234 1365 449 1428 quodxtu
480 1374 624 1430 potes
656 1367 816 1416 facere
840 1369 1152 1416 mendacium
1176 1376 1224 1416 et
1249 1368 1509 1426 defectum,
1534 1367 1631 1415 hoc
1656 1375 1730 1415 est
1752 1382 1890 1414 men-

42 1465 56 1518 3
137 1447 213 1495 tiri
236 1453 286 1496 et
307 1447 530 1507 deficere,
565 1450 654 1498 sed
678 1465 781 1498 non
806 1450 875 1499 sic
908 1450 1045 1499 Deus
1060 1466 1073 1510 ;
1111 1466 1228 1498 nam
1261 1452 1330 1498 sic
1363 1450 1555 1498 mentiri
1586 1450 1662 1497 vel
1686 1449 1898 1498 deficere

137 1541 242 1577 non
258 1537 332 1578 est
349 1530 532 1594 aliquid
549 1531 723 1590 facere,
746 1533 834 1580 sed
857 1549 887 1581 a
911 1532 1124 1580 factione
1143 1533 1262 1580 boni
1282 1532 1503 1580 deficere.
1573 1531 1710 1580 Deus
1736 1539 1899 1579 autem

53 1639 57 1641 -
134 1609 252 1659 facit
277 1619 428 1660 omne
451 1614 715 1676 positivum
739 1614 875 1677 quod
900 1623 1119 1662 creatura
1145 1630 1231 1663 sua
1254 1614 1434 1671 fecerit,
1456 1621 1503 1662 et
1526 1621 1694 1661 tamen
1717 1629 1779 1661 ex
1802 1613 1899 1661 hoc

38 1719 51 1751 -3
135 1707 240 1741 non
276 1695 506 1758 sequitur,
543 1696 677 1759 quod
719 1696 946 1754 comedit,
982 1697 1207 1758 loquitur,
1245 1696 1474 1753 ambulat,
1513 1702 1560 1743 et
1596 1696 1664 1743 sic
1699 1695 1759 1743 de
1797 1695 1900 1742 aliis

38 1764 49 1825 ’ζ
132 1775 448 1839 praedicatis⁶
470 1777 748 1836 formaliter,
775 1779 836 1826 de
862 1779 1127 1841 suppositis
1149 1777 1456 1840 imperfectis
1528 1776 1593 1824 Et
1617 1777 1686 1824 sic
1712 1776 1775 1824 ad
1800 1775 1898 1823 dis-

44 1923 46 1926 ,
71 1918 74 1919 7
131 1857 455 1922 tinguendum
473 1859 777 1923 praedicata⁶
795 1860 875 1908 illa
892 1859 1170 1918 formaliter,
1189 1867 1384 1923 oportet
1403 1867 1588 1916 notare,
1609 1859 1744 1921 quod
1762 1873 1901 1921 prae-

133 1931 374 1989 dicatum⁷
409 1942 468 1990 sit
502 1942 674 1991 melius
710 1957 817 1990 esse
849 1941 1115 1990 formaliter
1138 1941 1248 1989 Deo
1286 1944 1597 1999 conveniens,
1624 1955 1773 2003 quam
1810 1940 1902 1987 sibi

132 2031 239 2073 non
261 2023 422 2072 taliter
440 2025 718 2083 convenire,
745 2025 808 2073 ad
826 2025 962 2087 quod
980 2025 1235 2087 requiritur
1252 2025 1536 2072 intellectus.
1607 2023 1745 2071 Deus
1770 2023 1902 2070 enim

40 2107 46 2176 ζ
131 2103 249 2164 111011Δ
277 2105 673 2164 ambulationem,
709 2106 797 2155 sed
829 2122 932 2155 non
966 2107 1196 2165 ambulat,
1223 2122 1336 2155 curn
1368 2107 1543 2154 melius
1568 2113 1643 2153 est
1670 2121 1774 2153 rem
1798 2119 1901 2152 non

36 2181 46 2218 J.
101 2187 383 2236 ·ambulare
425 2194 474 2236 et
509 2202 618 2237 esse
654 2190 860 2238 omnino
897 2189 1214 2248 immobilem,
1253 2204 1402 2253 quam
1438 2196 1511 2237 est
1546 2203 1650 2235 rem
1686 2188 1900 2250 aliquam

37 2258 42 2271 ²
130 2272 242 2318 esse
267 2270 614 2319 ambulantem.

31 2403 33 2405 .
199 2350 264 2399 Et
288 2366 350 2400 ex
373 2352 553 2401 eodem
576 2353 816 2416 principio
842 2355 1070 2416 sequitur,
1092 2354 1227 2416 quod
1245 2353 1382 2402 Deus
1408 2362 1481 2402 est
1505 2354 1711 2401 omnino
1736 2353 1900 2400 insen·
1958 2372 2151 2405 insensibms.

23 2451 27 2454 ·
76 2451 81 2466 2
131 2432 284 2482 ‘sibilis
307 2441 357 2482 et
377 2433 679 2493 inextensuS,
705 2435 816 2483 licet
840 2436 1102 2484 virtualiter
1126 2437 1184 2485 sit
1217 2437 1504 2484 immensus
1575 2435 1753 2483 Prima
1786 2449 1900 2497 pars

45 2552 48 2556 .
127 2506 267 2579 patet
290 2530 353 2564 ex
376 2515 488 2575 hoc,
514 2516 650 2580 quod
673 2517 846 2566 melius
871 2525 945 2566 est
969 2533 1078 2566 esse
1103 2534 1207 2566 rem
1231 2518 1578 2575 insensibilem,
1606 2532 1756 2579 quam
1790 2531 1898 2564 esse

129 2612 238 2655 rem
262 2598 555 2647 sensibilem.
629 2598 763 2647 Sicut
795 2601 928 2647 enim
962 2601 1143 2648 sanitas
1175 2601 1390 2648 hominis
1415 2609 1463 2648 et
1488 2601 1592 2663 ejus
1624 2601 1721 2647 vita
1755 2614 1897 2646 exce-

131 2679 255 2728 dunt
279 2680 522 2729 sensibilia
553 2681 604 2728 in
629 2681 821 2739 eodem,
857 2683 925 2730 sic
959 2684 1180 2730 armonia
1211 2684 1419 2745 partium
1450 2682 1620 2729 mundi
1654 2690 1702 2729 et
1725 2681 1897 2728 mundi

131 2761 431 2825 principium
454 2763 701 2810 excedunt
726 2763 896 2810 omnia
921 2763 1166 2811 sensibilia
1190 2763 1333 2826 hujus
1357 2763 1543 2811 mundi.
1614 2762 1751 2810 Deus
1778 2777 1896 2824 ergo

58 2854 74 2864 “
126 2843 216 2906 ‘qui
250 2850 324 2891 est
359 2842 599 2906 quidquid
633 2844 806 2892 melius
843 2843 941 2892 est⁸
966 2859 1073 2892 esse
1110 2859 1258 2906 quam
1295 2859 1397 2892 non
1431 2859 1554 2902 esse,
1579 2851 1652 2891 est
1688 2844 1916 2891 omnino*

32 2983 34 2985 ,
123 2925 476 2990 msensibilis93
532 2933 582 2973 et
622 2941 710 2988 per
747 2925 876 2973 idem
913 2926 1214 2975 indivisibilis
1253 2941 1351 2988 quo
1396 2926 1458 2972 ad
1500 2925 1738 2982 molem¹⁰‚
1782 2939 1896 2972 curn

21 3000 24 3003 ’
34 3044 54 3071 3
130 3007 306 3057 melius
338 3008 398 3056 sit
429 3022 538 3056 esse
571 3008 832 3056 virtualiter
867 3008 1148 3071 quidquid¹1
1173 3008 1314 3056 fuerit
1347 3008 1410 3056 ad
1443 3008 1894 3055 denominationem

119 3089 443 3154 perfectionis
475 3090 527 3137 in
563 3091 819 3153 supposito
856 3091 1155 3153 requisitum,
1193 3106 1342 3153 quam
1378 3090 1556 3137 habere
1592 3097 1754 3152 partes
1798 3089 1894 3136 dis-

130 3178 290 3222 tantes
314 3186 344 3222 a
367 3186 420 3221 se
443 3172 652 3220 invicem
687 3173 751 3220 ad
776 3173 849 3220 sui
881 3173 1271 3235 magnitudinem
1304 3172 1571 3235 requisitas
1644 3171 1766 3219 Ideo
1790 3186 1894 3219 non

185 3369 201 3394 ¹
229 3369 284 3410 ad
301 3369 511 3448 ultimum]
533 3384 615 3411 om.
638 3371 692 3411 D.
861 3372 875 3394 ²
903 3372 1101 3425 primum]
1124 3374 1246 3425 prius,
1268 3372 1321 3411 D.
1352 3373 1413 3412 ed.
1434 3385 1494 3424 pr.
1661 3373 1676 3395 ³
1704 3372 1785 3424 est]
1809 3385 1891 3412 om.

126 3422 196 3466 ed.
212 3435 277 3478 pr.
359 3423 532 3478 ⁴¹quod]
554 3438 636 3466 om.
659 3426 711 3465 A.
807 3426 1114 3479 ⁵praedicatis]
1136 3427 1328 3479 peccatis,
1348 3427 1409 3467 ed.
1431 3440 1492 3480 pr.
1591 3426 1607 3450 ⁶
1634 3426 1889 3479 praedicata]

129 3483 315 3533 peccata,
334 3478 397 3519 ed.
417 3492 478 3532 pr.
657 3480 999 3533 ⁷praedicatum]
1022 3487 1248 3533 peccatum,
1271 3482 1333 3521 ed.
1354 3494 1415 3534 pr.
1599 3482 1615 3504 ⁸
1643 3480 1789 3522 melius
1809 3480 1890 3533 est]

130 3531 370 3579 esnmelius,
390 3533 442 3573 A.
519 3533 534 3558 ⁹
562 3534 826 3587 insensibilis]
849 3535 1063 3581 sensibilis,
1084 3536 1146 3576 ed.
1168 3549 1228 3588 pr.
1307 3536 1337 3560 ¹⁰
1366 3535 1538 3588 molem]
1561 3536 1726 3581 mobile,
1745 3536 1807 3576 ed.
1829 3549 1890 3589 pr.

130 3586 405 3641 uquidquid]
428 3601 549 3641 quam
566 3588 676 3642 quid,
691 3590 753 3630 ed.
776 3603 836 3642 pr.
854 3603 947 3630 cum
969 3591 1017 3630 C.
