2436 4094
27 1647 29 1650 ·
117 1630 180 1680 de
225 1632 370 1680 bonis
417 1646 543 1694 quae
591 1632 681 1679 sibi
727 1632 1002 1690 adveniunt,
1052 1646 1154 1679 non
1201 1631 1472 1679 secundum
1513 1631 1749 1688 virtutem,
1794 1630 1878 1678 sed

121 451 254 480 elma.
547 438 550 441 ’
715 434 1283 484 TRIALOGUS.

35 579 45 582 “
121 567 426 616 consuetudo
461 583 564 616 non
599 576 759 631 potest
800 584 907 617 esse
950 569 1095 617 virtus
1138 578 1220 617 aut
1259 570 1439 618 vitium.
1526 569 1877 617 Verumtamen

29 645 35 716 ᾗ
120 649 409 712 magnificus
457 649 602 698 debet
649 651 919 698 secundum
967 651 1275 714 prudentiam
1323 666 1414 714 pro
1462 651 1636 700 talibus
1684 652 1876 699 casibus

118 745 258 780 suam
279 731 586 794 largitionem
609 732 810 794 provide
835 747 1129 791 mensurare,
1157 734 1424 795 specialiter
1456 748 1558 781 non
1591 732 1755 780 dando
1779 732 1876 780 his-

117 812 359 862 trionibus
393 812 467 861 vel
507 812 745 862 mendicis
786 814 968 871 validis,
1011 829 1101 876 pro
1143 829 1271 862 vano
1321 815 1521 862 nomine
1563 813 1875 877 acquirendo.

26 902 30 908 '
118 893 236 954 Quo
271 893 334 943 ad
368 894 580 943 tertium¹
616 895 800 954 dicitur,
832 895 966 958 quod
1002 896 1329 944 inconstantia
1364 904 1411 944 et
1445 895 1739 943 flexibilitate
1775 903 1875 943 tam

114 975 262 1025 virtus
302 991 452 1040 quam
492 977 658 1025 vitium
699 977 955 1028 variantur.
1032 977 1225 1025 Partes²
1265 985 1429 1025 autem
1470 978 1732 1026 intensivas
1774 991 1876 1024 non

117 1057 278 1106 solum
316 1058 494 1107 horreo
533 1059 584 1106 in
625 1059 875 1107 virtutibus
918 1059 1004 1107 sed
1044 1059 1095 1106 in
1139 1059 1431 1122 quibuslibet
1472 1059 1700 1107 creaturis
1714 1075 1728 1118 3
1783 1073 1876 1106 nec

40 1175 42 1178 v
117 1140 279 1190 solum
313 1139 504 1199 horreo,
543 1140 631 1189 sed
666 1141 886 1203 quamvis
921 1142 971 1188 in
1004 1141 1251 1204 juventute
1286 1156 1398 1189 mea
1433 1141 1560 1188 circa
1594 1141 1737 1189 istam
1773 1155 1876 1187 ma-

116 1223 286 1271 teriam
322 1222 553 1271 sollieitus
587 1222 774 1271 fueram
785 1223 815 1280 ⁸,
849 1223 1001 1270 modo
1034 1231 1198 1270 tamen
1232 1238 1334 1270 non
1366 1223 1596 1285 intelligo.
1666 1221 1877 1269 Habitus

117 1311 281 1353 autem
315 1319 420 1352 non
453 1305 695 1352 variantur
731 1304 792 1352 de
824 1305 993 1352 virtute
1029 1305 1079 1351 in
1114 1305 1295 1363 vitium,
1327 1320 1439 1352 curn
1475 1305 1570 1352 sint
1607 1304 1877 1366 specierum
1906 1281 1910 1343 ῗ

119 1385 398 1449 disparium,
425 1386 512 1434 sed
543 1385 800 1449 subjectum,
835 1386 1013 1435 scilicet
1044 1394 1096 1434 ut
1128 1401 1254 1433 unus
1286 1386 1453 1443 hom0,
1481 1386 1563 1448 qui
1597 1385 1784 1433 solebat
1817 1385 1877 1432 de

118 1467 263 1515 bonis
298 1466 520 1516 fortunae
555 1468 717 1530 largiri
752 1468 1015 1530 prudenter
1051 1469 1334 1530 agentibus4
1368 1469 1592 1526 virtuose,
1627 1467 1878 1515 assistente

117 1549 349 1614 pauperie
379 1557 426 1598 et
459 1558 616 1598 stante
650 1549 919 1612 improvida
953 1551 1306 1598 consuetudine
1338 1549 1534 1612 largitur
1569 1548 1880 1611 prodigaliter
1907 1543 1911 1639 f

118 1712 388 1762 secundum
421 1713 839 1772 consuetudinem,
874 1728 999 1775 quae
1033 1728 1164 1761 nunc
1197 1728 1298 1760 non
1333 1712 1591 1776 prudentia
1621 1712 1875 1774 regulatur.

119 1794 218 1844 Sed
241 1795 412 1859 procul
435 1795 526 1844 ista
549 1795 739 1857 largitio
764 1810 792 1843 a
815 1795 999 1842 virtute.

866 2165 1024 2214 CAP.
1062 2165 1126 2214 II.

377 2301 454 2350 De
472 2309 648 2351 natura
672 2309 715 2351 el
734 2305 913 2367 ortgrz'ne
936 2305 1179 2362 virtutum,
1198 2305 1475 2366 praesertim
1487 2303 1618 2367 fidei.

183 2425 384 2475 Alitln'a.
458 2425 731 2476 Considero
764 2428 815 2475 in
850 2435 1000 2490 parte,
1035 2427 1179 2475 frater
1210 2428 1278 2474 mi
1311 2427 1588 2486 Phronesis‚
1620 2426 1875 2490 quomodo

59 2531 62 2534 “
115 2509 354 2559 sententia
386 2509 478 2557 ista
513 2509 573 2557 sit
607 2509 812 2556 multum
837 2509 1114 2571 probabilis.
1189 2508 1287 2556 Sed
1322 2516 1487 2556 tamen
1522 2509 1572 2556 in
1608 2508 1704 2556 hoc
1740 2509 1876 2571 quod

114 2591 277 2656 ponis,
302 2605 477 2638 omnes
502 2590 699 2638 virtutes
724 2590 933 2638 morales
957 2590 1202 2638 intellectu
1226 2606 1283 2637 ac
1302 2589 1575 2637 voluntate⁵
1594 2591 1874 2647 consistere,

22 2690 29 2721 1
114 2673 264 2722 miror
304 2671 525 2730 multum,
567 2686 680 2720 cum
727 2671 996 2719 secundum
1036 2671 1354 2718 Arztvtotelemss
1393 2673 1617 2733 appetitus
1663 2671 1875 2719 hominis

115 2755 386 2812 sensitiVUS,
411 2753 495 2816 qui
521 2752 694 2801 dicitur
717 2752 976 2810 rationaliS,
1003 2752 1273 2800 secundum
1298 2753 1720 2815 participationem
1744 2753 1875 2801 vide-

2018 445 2110 498 131

111 2844 188 2885 tur
220 2836 488 2899 subjectare
521 2849 695 2884 omnes
719 2835 807 2882 has
839 2835 1034 2882 virtutes
1058 2841 1248 2896 praeter
1275 2833 1521 2896 justitiam,
1548 2849 1673 2896 quae
1705 2833 1876 2882 dicitur
1926 2829 1931 2835 ’

26 2943 27 2986 3
111 2919 165 2968 in
187 2919 410 2968 intellectu
432 2917 646 2966 hominis
671 2917 941 2980 subjectari.

177 3000 450 3051 Phrone-5215.
520 2999 728 3063 Oportet
752 3014 845 3047 nos
870 2998 1176 3047 considerare
1200 3014 1373 3061 parum
1398 2998 1537 3046 altius
1560 3006 1661 3046 tam
1679 2998 1873 3046 virtutes

113 3097 263 3146 quam
284 3082 410 3140 vitia,
437 3096 585 3145 quam
616 3081 936 3144 philosophus
968 3081 1056 3128 iste
1090 3080 1240 3128 fecit⁷.
1307 3078 1509 3143 Juslz‘tz'a
1541 3079 1739 3142 quidem
1770 3094 1874 3128 non

114 3163 277 3213 solum
308 3163 654 3212 commutativa
686 3163 762 3210 vel
796 3162 1092 3210 distributiva
1125 3161 1212 3209 sed
1245 3162 1462 3209 servitiva
1494 3159 1639 3208 debet
1669 3160 1873 3223 din'gere

115 3261 209 3295 nos
243 3245 307 3295 ad
329 3245 507 3294 Deum.
579 3244 711 3294 Nam
747 3245 904 3308 prima
934 3252 982 3292 et
1018 3244 1296 3307 principalis
1331 3258 1443 3306 pars
1474 3243 1685 3307 ‚iustitiae
1710 3251 1803 3293 stat
1825 3244 1875 3291 in

171 3431 188 3457 ¹
214 3428 402 3482 tertium]
422 3428 588 3470 tertiam
607 3427 858 3472 instantiam,
874 3425 1030 3466 A.B.C.
1051 3425 1114 3466 ed.
1135 3438 1196 3478 pr.
1364 3424 1380 3447 ²
1407 3426 1561 3478 partes]
1581 3437 1714 3479 pares,
1732 3425 1796 3466 ed.
1815 3438 1878 3479 pr.

113 3483 131 3510 ⁸
161 3483 340 3537 fueram]
359 3483 488 3530 fuero,
508 3483 564 3523 D.
729 3481 745 3504 ⁴
772 3480 1009 3534 agentibus]
1031 3480 1257 3532 egentibus,
1279 3478 1387 3519 C.D.
1407 3479 1471 3519 ed.
1491 3492 1553 3532 pr.
1717 3479 1734 3504 ⁶
1761 3480 1879 3521 intel-

120 3538 231 3580 lectu
249 3550 300 3579 ac
317 3535 551 3589 voluntate]
571 3537 614 3576 in
632 3536 843 3576 intellectu
862 3534 926 3575 vel
946 3534 1170 3579 voluntate,
1192 3533 1345 3574 A.B.C.
1366 3533 1430 3574 ed.
1450 3546 1511 3586 pr.
1675 3534 1692 3557 ⁶
1721 3535 1879 3576 Aristo.

119 3591 266 3645 telem]
290 3591 556 3633 Aristotelem
577 3591 619 3631 11
637 3591 784 3637 Ethic„
805 3590 868 3635 ed.
889 3603 950 3642 pr.
1123 3587 1138 3610 ⁷
1167 3587 1282 3639 fecit]
1303 3587 1465 3634 fecerat,
1486 3587 1641 3630 A.B.C.
1663 3589 1726 3630 ed.
1748 3602 1808 3643 pr.

951 3672 1038 3705 ΚΖ
