2424 4120
376 429 482 499 456

1056 424 1475 490 JOANNJS
1544 424 1899 474 WJCLJF.
2209 441 2360 471 m...
2408 418 2410 420 ’

620 563 882 611 ditionibus
907 561 1095 619 evitari;
1134 568 1182 607 et
1204 561 1352 607 vitam
1372 559 1547 607 Christi
1568 575 1624 607 ac
1644 574 1840 606 suorum
1858 558 2190 620 apostolorum
2214 557 2362 605 debe-

618 659 738 701 mus,
775 651 1010 705 quantum
1044 642 1317 699 sufficimus,
1350 642 1535 688 imitari.
1607 639 1713 688 Nec
1746 641 1946 688 dubium
1977 639 2095 702 quin
2124 651 2362 701 paparum

616 725 966 786 episcoporum
986 731 1033 770 et
1051 723 1250 771 fratrum
1269 722 1633 771 adinventiones
1652 730 1699 770 et
1718 721 2029 784 spoliationes
2045 720 2192 768 hodie
2210 720 2360 767 intro·
2423 774 2424 792 2

617 806 788 853 ductae
832 813 943 852 sunt
977 805 1114 852 valde
1154 820 1390 852 onerosae
1426 804 1655 852 ecclesiae
1692 811 1835 866 atque
1874 802 2061 864 regnis3
2115 801 2214 849 imo
2251 801 2362 849 licet
2423 795 2424 814 ³

616 888 710 935 sint
746 886 942 934 cautelis
981 886 1159 934 diaboli
1194 884 1452 948 palliatae¹‚
1478 893 1642 933 tamen
1678 885 1729 931 in
1754 884 1882 932 facto
1919 890 2030 931 sunt
2062 883 2363 945 magis'one—

615 969 780 1016 rosae2
803 969 1032 1017 ecclesiae
1059 977 1200 1030 atque
1225 969 1386 1030 regnis
1411 982 1560 1030 quam
1583 966 1801 1029 tallagia8
1824 965 2098 1028 principum
2131 963 2366 1012 austerius
2422 973 2424 975 ’

616 1050 868 1112 postulata.
940 1049 1002 1096 Et
1038 1049 1224 1112 exthac
1264 1050 1501 1097 evidentia
1537 1050 1719 1096 cavebo
1755 1048 1883 1095 istud
1918 1045 2207 1110 capitulum*
2241 1044 2363 1092 anti—

617 1131 898 1180 christinum
932 1139 1056 1194 post,
1082 1132 1181 1180 imo
1218 1139 1387 1180 contra
1422 1132 1778 1179 ordinationem
1815 1130 1989 1178 Christi
2023 1130 2075 1177 in
2112 1127 2366 1176 ecclesiam

618 1213 957 1270 introductum,
998 1220 1046 1260 et
1086 1214 1472 1275 persecutionem
1514 1228 1570 1260 ac
1611 1212 1773 1269 finem,
1815 1227 1962 1274 quem
2002 1209 2270 1267 intenderit,
2312 1217 2368 1256 ut

619 1310 858 1343 venenum
873 1311 884 1354 ;
939 1302 986 1342 et
1027 1294 1095 1342 sic
1133 1309 1245 1341 cum
1283 1294 1378 1342 fide
1421 1309 1507 1355 spe
1550 1301 1596 1341 et
1632 1293 1826 1341 caritate
1868 1308 1925 1340 ac
1961 1306 2075 1340 cum
2108 1289 2366 1354 prudentia

620 1377 819 1425 cavendi
861 1375 988 1424 istud
1028 1375 1294 1438 periculum
1339 1375 1646 1423 salvabuntur
1683 1376 1744 1422 ab
1782 1375 1878 1422 isto
1917 1381 2089 1437 quarto
2130 1371 2361 1436 periculo,

620 1473 743 1521 quos
766 1458 902 1506 Deus
925 1457 1124 1505 voluerit
1149 1457 1306 1506 salvos
1330 1472 1437 1505 esse
1462 1464 1508 1504 et
1534 1461 1545 1481 ‘
1562 1472 1654 1505 nec
1678 1457 1729 1503 in
1761 1456 1920 1504 hieme
1953 1470 2045 1504 nec
2076 1454 2129 1502 in
2161 1454 2363 1502 sabbato

620 1539 881 1587 militare⁵.'

688 1621 890 1669 Videtur
927 1621 1155 1684 pluribus,
1192 1622 1335 1669 istam
1373 1621 1737 1669 conclusionem
1777 1621 2011 1684 triplicem
2051 1636 2157 1670 esse
2196 1620 2363 1670 catho-

622 1704 792 1751 licam:
842 1703 1015 1766 primo,
1052 1702 1187 1765 quod
1221 1718 1312 1750 nec
1348 1711 1420 1750 est
1455 1719 1515 1750 ex
1551 1703 1646 1750 fide
1670 1718 1762 1751 nec
1795 1718 1881 1766 spe
1917 1718 2009 1751 nec
2045 1704 2254 1761 caritate,
2280 1701 2364 1751 ali—

624 1800 770 1847 quem
804 1785 1036 1833 viatorem
1071 1783 1265 1832 credere
1301 1784 1537 1846 explicite,
1575 1784 1708 1846 quod
1743 1783 1860 1833 alter
1893 1784 2094 1833 istorum
2129 1784 2189 1832 sit
2223 1790 2371 1846 caput

627 1874 820 1914 sanctae
856 1866 1020 1913 matris
1055 1865 1285 1913 ecclesiae
1320 1866 1394 1913 vel
1429 1865 1735 1914 immediatus
1771 1864 1947 1914 Christi
1970 1866 2174 1914 vicarius
2204 1864 2283 1912 hic
2314 1864 2367 1912 in

625 1949 776 1996 terris.
846 1947 982 1995 Patet
1006 1963 1065 1995 ex
1090 1946 1199 2005 hoc,
1226 1947 1361 2008 quod
1372 1947 1494 2009 fides
1518 1962 1620 1994 non
1644 1955 1717 1994 est
1748 1947 1841 1994 nisi
1864 1962 2087 1995 verorum
2110 1954 2158 1996 et
2180 1947 2372 1994 univer-

629 2030 783 2079 saliter
820 2027 1174 2076 credendorum
1188 2044 1201 2088 3
1252 2036 1349 2089 spes
1374 2036 1535 2075 autem
1571 2043 1673 2075 non
1708 2036 1780 2076 est
1814 2028 1904 2076 nisi
1929 2027 1990 2076 de
2024 2027 2128 2087 illis,
2153 2042 2279 2090 quae
2308 2026 2373 2076 ad

629 2111 975 2159 beatitudinem
998 2111 1237 2173 pertinent
1262 2111 1327 2158 sic
1354 2111 1674 2172 sperantium;
1711 2112 1889 2158 caritas
1907 2118 2068 2159 autem
2085 2125 2188 2159 non
2206 2118 2371 2160 movet

632 2193 694 2240 ad
718 2192 1014 2240 credendum
1040 2191 1242 2254 aliquid⁶
1267 2193 1357 2239 nisi
1381 2207 1561 2250 verum,
1588 2192 1651 2240 ad
1674 2191 1809 2254 quod
1832 2191 1952 2240 fides
1977 2193 2252 2255 scripturae,
2276 2191 2374 2241 Dei

631 2274 892 2331 illustratio,
918 2272 992 2320 vel
1015 2273 1253 2321 evidentia
1276 2273 1400 2320 vitae
1425 2281 1618 2321 sanctae
1643 2281 1807 2321 movet
1838 2272 2004 2321 fideles
2028 2273 2237 2322 credere.
2308 2273 2373 2322 Et

632 2355 814 2402 videtur
839 2355 973 2417 quod
1005 2355 1161 2402 nullus
1194 2354 1347 2402 fidelis
1380 2355 1614 2403 ecclesiae
1645 2355 1936 2403 consentiret
1963 2370 2158 2418 pugnae
2183 2354 2374 2404 alterius

631 2438 833 2485 istorum
867 2437 919 2483 in
953 2436 1205 2498 reliquum,
1231 2451 1344 2483 cum
1380 2436 1443 2483 ad
1466 2435 1561 2483 hoc
1586 2435 1764 2484 Christi
1800 2437 1972 2484 caritas
2008 2451 2112 2485 non
2145 2436 2376 2486 hortatur..

633 2517 764 2565 Nam
790 2518 903 2565 satis
927 2526 999 2564 est
1022 2516 1310 2575 modicum⁷‚
1338 2518 1583 2565 caritatem
1607 2532 1714 2565 esse
1739 2517 2075 2565 scintillantem
2097 2518 2149 2565 in
2171 2517 2376 2567 ecclesia

633 2600 877 2657 militante,
903 2598 1013 2646 licet
1048 2598 1126 2645 illa
1161 2613 1319 2660 pauca
1354 2599 1526 2646 caritas
1563 2613 1665 2645 non
1689 2613 1775 2661 per
1799 2598 1991 2647 fraudes
2020 2598 2200 2647 diaboli
2223 2599 2377 2650 extin-

632 2689 818 2744 guatur.
890 2681 1059 2728 Tertio
1094 2680 1277 2727 videtur
1317 2680 1453 2742 quod
1494 2680 1661 2728 fideles
1701 2680 1939 2728 servando
1977 2680 2104 2728 hanc
2141 2680 2378 2743 triplicem

633 2761 877 2810 virtutem8
920 2761 1207 2809 catholicam
1246 2769 1439 2809 orarent
1481 2761 1645 2809 sedule
1686 2762 1736 2808 in
1773 2762 1864 2810 isto
1906 2761 2121 2810 maximo
2162 2761 2377 2825 periculo

634 2858 723 2905 pro
750 2842 843 2890 Dei
868 2842 1105 2906 adjutorio
1131 2839 1463 2905 postulando⁹.

692 2985 705 3008 ¹
734 2984 947 3038 palliatae]
968 2983 1183 3037 palleatae,
1204 2985 1338 3024 A.b.a.
1362 2983 1519 3036 primae
1537 2997 1695 3024 manus.
1838 2984 1854 3007 ²
1882 2985 2097 3038 onerosae]
2119 2997 2304 3032 aurosae‚
2325 2985 2375 3027 C.

636 3039 651 3062 3
679 3039 867 3092 tallagia]
889 3039 1059 3091 talligia,
1080 3039 1133 3077 A.
1367 3037 1382 3060 ⁴
1410 3038 1654 3090 capitulum]
1676 3043 1810 3090 caput,
1832 3039 1881 3080 C.
1900 3052 2046 3079 manus
2063 3039 2242 3092 primae;
2272 3040 2380 3092 peri-

638 3094 788 3140 culum,
810 3095 858 3134 C.
878 3106 1023 3133 manus
1043 3092 1255 3132 secundae.
1476 3092 1491 3115 ⁵
1520 3092 1571 3131 cf.
1592 3092 1742 3132 Matth.
1761 3092 1866 3132 xxiv.
1890 3104 1955 3133 20.
2159 3093 2177 3116 ⁶
2203 3093 2377 3146 aliquid]

638 3148 760 3194 aliud,
780 3148 912 3187 a.b.C.
1076 3146 1091 3168 ⁷
1119 3151 1180 3185 est
1198 3145 1426 3197 modicum]
1448 3146 1655 3186 modicum
1675 3151 1748 3192 est,
1768 3147 1899 3187 a.b.C.
2125 3147 2142 3170 ⁸
2167 3147 2378 3200 virtutem]

637 3202 862 3247 veritatem,
883 3201 932 3241 C.
1045 3199 1061 3223 ⁹
1090 3200 1357 3252 postulando]
1379 3200 1639 3252 postulando,
1660 3201 1808 3246 Amen,
1830 3202 1878 3242 C.
1937 3201 2044 3242 Cod.
2063 3201 2117 3241 A.
2137 3207 2179 3242 et
2197 3215 2236 3248 a,
2251 3202 2379 3243 minio

639 3257 762 3295 rubro
795 3256 897 3294 haec
927 3254 1104 3294 addunt:
1148 3260 1157 3275 ‘
1172 3254 1351 3306 Explicit
1389 3254 1719 3307 supplementum
1756 3255 1947 3308 trialogi.’
2005 3255 2111 3296 Cod.
2149 3256 2198 3297 C.
2238 3256 2378 3296 addit:

639 3316 648 3331 ‘
663 3310 800 3349 finitur
828 3309 1157 3361 supplementum
1185 3308 1363 3360 trialogi,
1383 3308 1483 3348 alias
1511 3309 1563 3347 de
1591 3309 1803 3349 dotatione
1831 3309 1940 3358 cleri,
1961 3311 2046 3350 dost
2071 3310 2381 3363 wibre—Quae

640 3365 763 3404 verba
783 3363 1006 3404 Bohemica
1025 3363 1189 3403 dicunt:
1209 3363 1318 3414 ‚satis
1339 3362 1583 3404 molestum!
