<?xml version="1.0" encoding="UTF-8"?>
<!DOCTYPE html PUBLIC "-//W3C//DTD XHTML 1.0 Transitional//EN"
    "http://www.w3.org/TR/xhtml1/DTD/xhtml1-transitional.dtd">
<html xmlns="http://www.w3.org/1999/xhtml" xml:lang="en" lang="en">
 <head>
  <title>
</title>
<meta http-equiv="Content-Type" content="text/html;charset=utf-8" />
  <meta name='ocr-system' content='tesseract 3.04.00' />
  <meta name='ocr-capabilities' content='ocr_page ocr_carea ocr_par ocr_line ocrx_word'/>
</head>
<body>
  <div class='ocr_page' id='page_1' title='image "./trialoguscumsupp00wycluoft_0342.png"; bbox 0 0 2462 4114; ppageno 0'>
   <div class='ocr_carea' id='block_1_1' title="bbox 324 333 1902 338">
    <p class='ocr_par' dir='ltr' id='par_1_1' title="bbox 324 333 1902 338">
     <span class='ocr_line' id='line_1_1' title="bbox 324 333 1902 338; baseline 0 0"><span class='ocrx_word' id='word_1_1' title='bbox 324 333 1902 338; x_wconf 95' lang='lat' dir='ltr'> </span> 
     </span>
    </p>
   </div>
   <div class='ocr_carea' id='block_1_2' title="bbox 273 343 282 1489">
    <p class='ocr_par' dir='ltr' id='par_1_2' title="bbox 273 343 282 1489">
     <span class='ocr_line' id='line_1_2' title="bbox 273 343 282 1489; baseline 0 0"><span class='ocrx_word' id='word_1_2' title='bbox 273 343 282 1489; x_wconf 95' lang='lat' dir='ltr'> </span> 
     </span>
    </p>
   </div>
   <div class='ocr_carea' id='block_1_3' title="bbox 381 423 2364 499">
    <p class='ocr_par' dir='ltr' id='par_1_3' title="bbox 381 423 2364 499">
     <span class='ocr_line' id='line_1_3' title="bbox 381 423 2364 499; baseline -0.003 -20"><span class='ocrx_word' id='word_1_3' title='bbox 381 445 484 499; x_wconf 79' lang='lat'>330</span> <span class='ocrx_word' id='word_1_4' title='bbox 1066 423 1499 487; x_wconf 81' lang='lat' dir='ltr'><em>JOANNIS</em></span> <span class='ocrx_word' id='word_1_5' title='bbox 1570 425 1922 474; x_wconf 82' lang='lat' dir='ltr'><em>WICLIF</em></span> <span class='ocrx_word' id='word_1_6' title='bbox 2209 445 2364 474; x_wconf 74' lang='lat' dir='ltr'>Lmrv.</span> 
     </span>
    </p>
   </div>
   <div class='ocr_carea' id='block_1_4' title="bbox 580 559 2364 1354">
    <p class='ocr_par' dir='ltr' id='par_1_4' title="bbox 580 559 2364 1354">
     <span class='ocr_line' id='line_1_4' title="bbox 586 559 2364 623; baseline 0.001 -16"><span class='ocrx_word' id='word_1_7' title='bbox 586 607 588 616; x_wconf 69' lang='lat'>.</span> <span class='ocrx_word' id='word_1_8' title='bbox 618 562 751 609; x_wconf 93' lang='lat' dir='ltr'>Deus</span> <span class='ocrx_word' id='word_1_9' title='bbox 794 560 1062 622; x_wconf 85' lang='lat' dir='ltr'>providebit</span> <span class='ocrx_word' id='word_1_10' title='bbox 1104 559 1323 607; x_wconf 90' lang='lat' dir='ltr'>fidelibus</span> <span class='ocrx_word' id='word_1_11' title='bbox 1367 561 1463 607; x_wconf 91' lang='lat' dir='ltr'>suis</span> <span class='ocrx_word' id='word_1_12' title='bbox 1505 576 1565 607; x_wconf 87' lang='lat' dir='ltr'>ex</span> <span class='ocrx_word' id='word_1_13' title='bbox 1603 560 1804 622; x_wconf 91' lang='lat' dir='ltr'>perfidia</span> <span class='ocrx_word' id='word_1_14' title='bbox 1843 561 1934 608; x_wconf 89' lang='lat' dir='ltr'>ista</span> <span class='ocrx_word' id='word_1_15' title='bbox 1980 561 2146 623; x_wconf 89' lang='lat' dir='ltr'>passis.</span> <span class='ocrx_word' id='word_1_16' title='bbox 2230 559 2364 609; x_wconf 87' lang='lat' dir='ltr'>Nam</span> 
     </span>
     <span class='ocr_line' id='line_1_5' title="bbox 616 641 2364 704; baseline 0 -15"><span class='ocrx_word' id='word_1_17' title='bbox 616 657 786 704; x_wconf 90' lang='lat' dir='ltr'>passos</span> <span class='ocrx_word' id='word_1_18' title='bbox 811 644 873 688; x_wconf 78' lang='lat' dir='ltr'>ex</span> <span class='ocrx_word' id='word_1_19' title='bbox 897 642 1069 688; x_wconf 91' lang='lat' dir='ltr'>timore</span> <span class='ocrx_word' id='word_1_20' title='bbox 1105 649 1345 688; x_wconf 92' lang='lat' dir='ltr'>nocturno</span> <span class='ocrx_word' id='word_1_21' title='bbox 1383 657 1411 688; x_wconf 91' lang='lat' dir='ltr'>a</span> <span class='ocrx_word' id='word_1_22' title='bbox 1446 642 1620 702; x_wconf 90' lang='lat' dir='ltr'>sagitta</span> <span class='ocrx_word' id='word_1_23' title='bbox 1642 642 1832 689; x_wconf 88' lang='lat' dir='ltr'>volante</span> <span class='ocrx_word' id='word_1_24' title='bbox 1869 642 1918 688; x_wconf 89' lang='lat' dir='ltr'>in</span> <span class='ocrx_word' id='word_1_25' title='bbox 1955 641 2056 689; x_wconf 86' lang='lat' dir='ltr'>die1</span> <span class='ocrx_word' id='word_1_26' title='bbox 2081 650 2130 690; x_wconf 89' lang='lat' dir='ltr'>et</span> <span class='ocrx_word' id='word_1_27' title='bbox 2165 642 2364 704; x_wconf 89' lang='lat' dir='ltr'>negotio</span> 
     </span>
     <span class='ocr_line' id='line_1_6' title="bbox 616 722 2362 785; baseline 0 -15"><span class='ocrx_word' id='word_1_28' title='bbox 616 723 977 785; x_wconf 84' lang='lat' dir='ltr'>perambulante</span> <span class='ocrx_word' id='word_1_29' title='bbox 1025 723 1074 769; x_wconf 91' lang='lat' dir='ltr'>in</span> <span class='ocrx_word' id='word_1_30' title='bbox 1115 722 1362 780; x_wconf 85' lang='lat' dir='ltr'>tenebris2,</span> <span class='ocrx_word' id='word_1_31' title='bbox 1407 723 1648 770; x_wconf 88' lang='lat' dir='ltr'>credimus</span> <span class='ocrx_word' id='word_1_32' title='bbox 1689 738 1795 770; x_wconf 90' lang='lat' dir='ltr'>esse</span> <span class='ocrx_word' id='word_1_33' title='bbox 1841 724 2059 771; x_wconf 90' lang='lat' dir='ltr'>martires</span> <span class='ocrx_word' id='word_1_34' title='bbox 2105 723 2362 785; x_wconf 89' lang='lat' dir='ltr'>gloriosos,</span> 
     </span>
     <span class='ocr_line' id='line_1_7' title="bbox 614 803 2363 867; baseline 0 -16"><span class='ocrx_word' id='word_1_35' title='bbox 614 819 760 866; x_wconf 91' lang='lat' dir='ltr'>quare</span> <span class='ocrx_word' id='word_1_36' title='bbox 786 819 903 866; x_wconf 87' lang='lat' dir='ltr'>ergo</span> <span class='ocrx_word' id='word_1_37' title='bbox 930 818 1031 850; x_wconf 90' lang='lat' dir='ltr'>non</span> <span class='ocrx_word' id='word_1_38' title='bbox 1055 818 1229 865; x_wconf 89' lang='lat' dir='ltr'>passos</span> <span class='ocrx_word' id='word_1_39' title='bbox 1254 805 1316 850; x_wconf 87' lang='lat' dir='ltr'>ab</span> <span class='ocrx_word' id='word_1_40' title='bbox 1340 803 1535 851; x_wconf 91' lang='lat' dir='ltr'>incursu</span> <span class='ocrx_word' id='word_1_41' title='bbox 1559 812 1605 850; x_wconf 94' lang='lat' dir='ltr'>et</span> <span class='ocrx_word' id='word_1_42' title='bbox 1631 804 1891 851; x_wconf 88' lang='lat' dir='ltr'>daemonio</span> <span class='ocrx_word' id='word_1_43' title='bbox 1915 804 2200 862; x_wconf 90' lang='lat' dir='ltr'>meridiano,</span> <span class='ocrx_word' id='word_1_44' title='bbox 2226 805 2363 867; x_wconf 91' lang='lat' dir='ltr'>quod</span> 
     </span>
     <span class='ocr_line' id='line_1_8' title="bbox 613 885 2363 948; baseline 0 -15"><span class='ocrx_word' id='word_1_45' title='bbox 613 894 683 933; x_wconf 91' lang='lat' dir='ltr'>est</span> <span class='ocrx_word' id='word_1_46' title='bbox 709 885 958 947; x_wconf 79' lang='lat' dir='ltr'>quartum³</span> <span class='ocrx_word' id='word_1_47' title='bbox 981 893 1029 931; x_wconf 91' lang='lat' dir='ltr'>et</span> <span class='ocrx_word' id='word_1_48' title='bbox 1052 886 1319 932; x_wconf 83' lang='lat' dir='ltr'>maximum</span> <span class='ocrx_word' id='word_1_49' title='bbox 1352 885 1517 932; x_wconf 91' lang='lat' dir='ltr'>matris</span> <span class='ocrx_word' id='word_1_50' title='bbox 1546 893 1739 932; x_wconf 90' lang='lat' dir='ltr'>nostrae</span> <span class='ocrx_word' id='word_1_51' title='bbox 1772 885 2041 947; x_wconf 90' lang='lat' dir='ltr'>periculum</span> <span class='ocrx_word' id='word_1_52' title='bbox 2073 886 2363 948; x_wconf 87' lang='lat' dir='ltr'>permissum</span> 
     </span>
     <span class='ocr_line' id='line_1_9' title="bbox 613 966 2364 1028; baseline -0.001 -15"><span class='ocrx_word' id='word_1_53' title='bbox 613 983 640 1013; x_wconf 93' lang='lat' dir='ltr'>a</span> <span class='ocrx_word' id='word_1_54' title='bbox 665 966 774 1013; x_wconf 92' lang='lat' dir='ltr'>Deo</span> <span class='ocrx_word' id='word_1_55' title='bbox 810 967 858 1012; x_wconf 89' lang='lat' dir='ltr'>in</span> <span class='ocrx_word' id='word_1_56' title='bbox 893 966 1284 1014; x_wconf 89' lang='lat' dir='ltr'>manifestissimo</span> <span class='ocrx_word' id='word_1_57' title='bbox 1321 966 1611 1013; x_wconf 70' lang='lat' dir='ltr'>antichristo</span> <span class='ocrx_word' id='word_1_58' title='bbox 1684 966 1831 1013; x_wconf 89' lang='lat' dir='ltr'>Tales</span> <span class='ocrx_word' id='word_1_59' title='bbox 1867 967 2064 1028; x_wconf 91' lang='lat' dir='ltr'>inquam</span> <span class='ocrx_word' id='word_1_60' title='bbox 2100 966 2364 1014; x_wconf 82' lang='lat' dir='ltr'><strong>antichristi</strong></span> 
     </span>
     <span class='ocr_line' id='line_1_10' title="bbox 581 1047 2362 1113; baseline -0.001 -19"><span class='ocrx_word' id='word_1_61' title='bbox 581 1088 582 1093; x_wconf 73' lang='grc'>,</span> <span class='ocrx_word' id='word_1_62' title='bbox 612 1048 829 1110; x_wconf 90' lang='lat' dir='ltr'>discipuli</span> <span class='ocrx_word' id='word_1_63' title='bbox 867 1047 1048 1094; x_wconf 91' lang='lat' dir='ltr'>habent</span> <span class='ocrx_word' id='word_1_64' title='bbox 1084 1048 1241 1095; x_wconf 90' lang='lat' dir='ltr'>claves</span> <span class='ocrx_word' id='word_1_65' title='bbox 1282 1047 1453 1094; x_wconf 91' lang='lat' dir='ltr'>inferni</span> <span class='ocrx_word' id='word_1_66' title='bbox 1489 1055 1536 1094; x_wconf 90' lang='lat' dir='ltr'>et</span> <span class='ocrx_word' id='word_1_67' title='bbox 1571 1063 1674 1094; x_wconf 89' lang='lat' dir='ltr'>non</span> <span class='ocrx_word' id='word_1_68' title='bbox 1709 1047 1844 1104; x_wconf 89' lang='lat' dir='ltr'>coeli,</span> <span class='ocrx_word' id='word_1_69' title='bbox 1882 1063 1994 1094; x_wconf 92' lang='lat' dir='ltr'>cum</span> <span class='ocrx_word' id='word_1_70' title='bbox 2029 1048 2188 1113; x_wconf 83' lang='lat' dir='ltr'>claves</span> <span class='ocrx_word' id='word_1_71' title='bbox 2222 1048 2362 1110; x_wconf 87' lang='lat' dir='ltr'>regni</span> 
     </span>
     <span class='ocr_line' id='line_1_11' title="bbox 580 1119 2361 1195; baseline -0.001 -19"><span class='ocrx_word' id='word_1_72' title='bbox 580 1119 857 1195; x_wconf 45' lang='lat' dir='ltr'>coelorum</span> <span class='ocrx_word' id='word_1_73' title='bbox 899 1138 1009 1177; x_wconf 91' lang='lat' dir='ltr'>sunt</span> <span class='ocrx_word' id='word_1_74' title='bbox 1050 1137 1310 1190; x_wconf 83' lang='lat' dir='ltr'>potestates</span> <span class='ocrx_word' id='word_1_75' title='bbox 1351 1129 1530 1190; x_wconf 86' lang='lat' dir='ltr'>ligandi</span> <span class='ocrx_word' id='word_1_76' title='bbox 1574 1137 1620 1176; x_wconf 90' lang='lat' dir='ltr'>et</span> <span class='ocrx_word' id='word_1_77' title='bbox 1663 1129 1878 1176; x_wconf 90' lang='lat' dir='ltr'>solvendi</span> <span class='ocrx_word' id='word_1_78' title='bbox 1915 1129 1966 1176; x_wconf 90' lang='lat' dir='ltr'>in</span> <span class='ocrx_word' id='word_1_79' title='bbox 2007 1129 2274 1177; x_wconf 84' lang='lat' dir='ltr'>humilitate</span> <span class='ocrx_word' id='word_1_80' title='bbox 2311 1136 2361 1175; x_wconf 92' lang='lat' dir='ltr'>et</span> 
     </span>
     <span class='ocr_line' id='line_1_12' title="bbox 611 1210 2364 1273; baseline -0.001 -16"><span class='ocrx_word' id='word_1_81' title='bbox 611 1211 780 1257; x_wconf 89' lang='lat' dir='ltr'>ceteris</span> <span class='ocrx_word' id='word_1_82' title='bbox 818 1211 1067 1257; x_wconf 90' lang='lat' dir='ltr'>virtutibus</span> <span class='ocrx_word' id='word_1_83' title='bbox 1110 1210 1334 1258; x_wconf 83' lang='lat' dir='ltr'><strong>fundatae</strong></span> <span class='ocrx_word' id='word_1_84' title='bbox 1377 1218 1423 1258; x_wconf 90' lang='lat' dir='ltr'>et</span> <span class='ocrx_word' id='word_1_85' title='bbox 1471 1211 1660 1257; x_wconf 86' lang='lat' dir='ltr'>limatae</span> <span class='ocrx_word' id='word_1_86' title='bbox 1708 1225 1794 1272; x_wconf 91' lang='lat' dir='ltr'>per</span> <span class='ocrx_word' id='word_1_87' title='bbox 1835 1210 1983 1258; x_wconf 90' lang='lat' dir='ltr'>fidem</span> <span class='ocrx_word' id='word_1_88' title='bbox 2030 1210 2291 1273; x_wconf 84' lang='lat' dir='ltr'>scripturae</span> <span class='ocrx_word' id='word_1_89' title='bbox 2335 1224 2364 1256; x_wconf 90' lang='lat' dir='ltr'>a</span> 
     </span>
     <span class='ocr_line' id='line_1_13' title="bbox 611 1292 1129 1354; baseline 0 -15"><span class='ocrx_word' id='word_1_90' title='bbox 611 1294 829 1354; x_wconf 86' lang='lat' dir='ltr'>rubigine</span> <span class='ocrx_word' id='word_1_91' title='bbox 855 1292 1129 1341; x_wconf 86' lang='lat' dir='ltr'>antichristi.</span> 
     </span>
    </p>
   </div>
   <div class='ocr_carea' id='block_1_5' title="bbox 1298 1515 1684 1564">
    <p class='ocr_par' dir='ltr' id='par_1_5' title="bbox 1298 1515 1684 1564">
     <span class='ocr_line' id='line_1_14' title="bbox 1298 1515 1684 1564; baseline 0 0"><span class='ocrx_word' id='word_1_92' title='bbox 1298 1515 1339 1564; x_wconf 90' lang='lat' dir='ltr'>C</span> <span class='ocrx_word' id='word_1_93' title='bbox 1351 1517 1394 1563; x_wconf 91' lang='lat' dir='ltr'><strong>A</strong></span> <span class='ocrx_word' id='word_1_94' title='bbox 1405 1516 1455 1563; x_wconf 92' lang='lat' dir='ltr'>P.</span> <span class='ocrx_word' id='word_1_95' title='bbox 1497 1516 1684 1564; x_wconf 90' lang='lat' dir='ltr'>XXIV.</span> 
     </span>
    </p>
   </div>
   <div class='ocr_carea' id='block_1_6' title="bbox 1126 1633 1853 1696">
    <p class='ocr_par' dir='ltr' id='par_1_6' title="bbox 1126 1633 1853 1696">
     <span class='ocr_line' id='line_1_15' title="bbox 1126 1633 1853 1696; baseline 0.001 -17"><span class='ocrx_word' id='word_1_96' title='bbox 1126 1633 1200 1679; x_wconf 83' lang='lat' dir='ltr'>De</span> <span class='ocrx_word' id='word_1_97' title='bbox 1223 1635 1373 1696; x_wconf 76' lang='lat' dir='ltr'>signis</span> <span class='ocrx_word' id='word_1_98' title='bbox 1398 1649 1531 1681; x_wconf 82' lang='lat' dir='ltr'>verae</span> <span class='ocrx_word' id='word_1_99' title='bbox 1554 1634 1853 1680; x_wconf 61' lang='lat' dir='ltr'>conlrz&#39;lz&#39;onzlv.</span> 
     </span>
    </p>
   </div>
   <div class='ocr_carea' id='block_1_7' title="bbox 582 619 588 1818">
    <p class='ocr_par' dir='ltr' id='par_1_7' title="bbox 582 619 588 1818">
     <span class='ocr_line' id='line_1_16' title="bbox 582 619 588 1818; baseline 0 0"><span class='ocrx_word' id='word_1_100' title='bbox 582 619 588 1818; x_wconf 95' lang='lat' dir='ltr'> </span> 
     </span>
    </p>
   </div>
   <div class='ocr_carea' id='block_1_8' title="bbox 342 1742 2394 2380">
    <p class='ocr_par' dir='ltr' id='par_1_8' title="bbox 342 1742 2394 2380">
     <span class='ocr_line' id='line_1_17' title="bbox 681 1742 2361 1804; baseline 0.001 -16"><span class='ocrx_word' id='word_1_101' title='bbox 681 1742 880 1790; x_wconf 80' lang='lat' dir='ltr'>Alz&#39;tlzz&#39;a.</span> <span class='ocrx_word' id='word_1_102' title='bbox 953 1742 1045 1789; x_wconf 92' lang='lat' dir='ltr'>Dic</span> <span class='ocrx_word' id='word_1_103' title='bbox 1079 1758 1216 1804; x_wconf 87' lang='lat' dir='ltr'>rogo,</span> <span class='ocrx_word' id='word_1_104' title='bbox 1244 1742 1385 1789; x_wconf 86' lang='lat' dir='ltr'>frater</span> <span class='ocrx_word' id='word_1_105' title='bbox 1418 1743 1483 1788; x_wconf 91' lang='lat' dir='ltr'>mi</span> <span class='ocrx_word' id='word_1_106' title='bbox 1509 1742 1781 1800; x_wconf 86' lang='lat' dir='ltr'>Phronesis,</span> <span class='ocrx_word' id='word_1_107' title='bbox 1807 1742 1859 1788; x_wconf 79' lang='lat' dir='ltr'>a⁴</span> <span class='ocrx_word' id='word_1_108' title='bbox 1884 1757 1982 1803; x_wconf 92' lang='lat' dir='ltr'>quo</span> <span class='ocrx_word' id='word_1_109' title='bbox 2018 1742 2155 1804; x_wconf 87' lang='lat' dir='ltr'>signo</span> <span class='ocrx_word' id='word_1_110' title='bbox 2189 1757 2361 1804; x_wconf 87' lang='lat' dir='ltr'>capere</span> 
     </span>
     <span class='ocr_line' id='line_1_18' title="bbox 614 1823 2394 1885; baseline -0.001 -14"><span class='ocrx_word' id='word_1_111' title='bbox 614 1839 872 1885; x_wconf 87' lang='lat' dir='ltr'>possumus</span> <span class='ocrx_word' id='word_1_112' title='bbox 918 1824 1104 1871; x_wconf 89' lang='lat' dir='ltr'>veram5</span> <span class='ocrx_word' id='word_1_113' title='bbox 1153 1824 1491 1870; x_wconf 87' lang='lat' dir='ltr'>contritionem</span> <span class='ocrx_word' id='word_1_114' title='bbox 1539 1824 1612 1870; x_wconf 91' lang='lat' dir='ltr'>vel</span> <span class='ocrx_word' id='word_1_115' title='bbox 1661 1823 1847 1885; x_wconf 91' lang='lat' dir='ltr'>peccati</span> <span class='ocrx_word' id='word_1_116' title='bbox 1896 1823 2201 1880; x_wconf 86' lang='lat' dir='ltr'>deletionem,</span> <span class='ocrx_word' id='word_1_117' title='bbox 2249 1823 2394 1885; x_wconf 41' lang='lat' dir='ltr'>quia,</span> 
     </span>
     <span class='ocr_line' id='line_1_19' title="bbox 613 1904 2359 1969; baseline 0 -18"><span class='ocrx_word' id='word_1_118' title='bbox 613 1913 765 1961; x_wconf 88' lang='lat' dir='ltr'>acute,</span> <span class='ocrx_word' id='word_1_119' title='bbox 802 1905 912 1952; x_wconf 90' lang='lat' dir='ltr'>licet</span> <span class='ocrx_word' id='word_1_120' title='bbox 948 1907 1166 1962; x_wconf 85' lang='lat' dir='ltr'>obscure,</span> <span class='ocrx_word' id='word_1_121' title='bbox 1199 1904 1464 1969; x_wconf 88' lang='lat' dir='ltr'>antichristi</span> <span class='ocrx_word' id='word_1_122' title='bbox 1500 1905 1754 1951; x_wconf 89' lang='lat' dir='ltr'>versutiam</span> <span class='ocrx_word' id='word_1_123' title='bbox 1796 1904 2032 1951; x_wconf 84' lang='lat' dir='ltr'>detexisti.</span> <span class='ocrx_word' id='word_1_124' title='bbox 2115 1904 2179 1951; x_wconf 91' lang='lat' dir='ltr'>Et</span> <span class='ocrx_word' id='word_1_125' title='bbox 2218 1919 2359 1950; x_wconf 91' lang='lat' dir='ltr'>num-</span> 
     </span>
     <span class='ocr_line' id='line_1_20' title="bbox 614 1981 2360 2047; baseline -0.001 -15"><span class='ocrx_word' id='word_1_126' title='bbox 614 1986 731 2047; x_wconf 91' lang='lat' dir='ltr'>quid</span> <span class='ocrx_word' id='word_1_127' title='bbox 766 1987 870 2033; x_wconf 90' lang='lat' dir='ltr'>illae</span> <span class='ocrx_word' id='word_1_128' title='bbox 904 1995 1063 2034; x_wconf 91' lang='lat' dir='ltr'>sectae</span> <span class='ocrx_word' id='word_1_129' title='bbox 1089 1985 1355 2033; x_wconf 86' lang='lat' dir='ltr'>Caesareae</span> <span class='ocrx_word' id='word_1_130' title='bbox 1392 1995 1438 2032; x_wconf 92' lang='lat' dir='ltr'>et</span> <span class='ocrx_word' id='word_1_131' title='bbox 1474 1986 1704 2043; x_wconf 89' lang='lat' dir='ltr'>novellae,</span> <span class='ocrx_word' id='word_1_132' title='bbox 1731 2000 1854 2047; x_wconf 91' lang='lat' dir='ltr'>quae</span> <span class='ocrx_word' id='word_1_133' title='bbox 1891 1981 2160 2033; x_wconf 80' lang='lat' dir='ltr'>dimittunt⁶</span> <span class='ocrx_word' id='word_1_134' title='bbox 2184 1984 2360 2040; x_wconf 85' lang='lat' dir='ltr'>Christi</span> 
     </span>
     <span class='ocr_line' id='line_1_21' title="bbox 614 2052 2361 2128; baseline 0 -16"><span class='ocrx_word' id='word_1_135' title='bbox 614 2067 801 2128; x_wconf 86' lang='lat' dir='ltr'>regulas</span> <span class='ocrx_word' id='word_1_136' title='bbox 836 2075 883 2114; x_wconf 91' lang='lat' dir='ltr'>et</span> <span class='ocrx_word' id='word_1_137' title='bbox 919 2067 1172 2114; x_wconf 88' lang='lat' dir='ltr'>attendunt</span> <span class='ocrx_word' id='word_1_138' title='bbox 1209 2068 1531 2128; x_wconf 87' lang='lat' dir='ltr'>appretiantes</span> <span class='ocrx_word' id='word_1_139' title='bbox 1566 2082 1717 2114; x_wconf 89' lang='lat' dir='ltr'>novas</span> <span class='ocrx_word' id='word_1_140' title='bbox 1750 2052 1941 2128; x_wconf 86' lang='lat' dir='ltr'>regulas</span> <span class='ocrx_word' id='word_1_141' title='bbox 1977 2067 2275 2124; x_wconf 88' lang='lat' dir='ltr'>adinventas,</span> <span class='ocrx_word' id='word_1_142' title='bbox 2310 2066 2361 2119; x_wconf 89' lang='lat' dir='ltr'>in</span> 
     </span>
     <span class='ocr_line' id='line_1_22' title="bbox 615 2147 2361 2210; baseline -0.001 -16"><span class='ocrx_word' id='word_1_143' title='bbox 615 2148 709 2194; x_wconf 90' lang='lat' dir='ltr'>hoc</span> <span class='ocrx_word' id='word_1_144' title='bbox 749 2156 954 2209; x_wconf 87' lang='lat' dir='ltr'>peccant</span> <span class='ocrx_word' id='word_1_145' title='bbox 995 2155 1076 2194; x_wconf 90' lang='lat' dir='ltr'>aut</span> <span class='ocrx_word' id='word_1_146' title='bbox 1113 2163 1220 2195; x_wconf 90' lang='lat' dir='ltr'>vere</span> <span class='ocrx_word' id='word_1_147' title='bbox 1259 2150 1521 2210; x_wconf 90' lang='lat' dir='ltr'>poenitent,</span> <span class='ocrx_word' id='word_1_148' title='bbox 1561 2149 1677 2196; x_wconf 92' lang='lat' dir='ltr'>dum</span> <span class='ocrx_word' id='word_1_149' title='bbox 1715 2149 1984 2196; x_wconf 88' lang='lat' dir='ltr'>acutissime</span> <span class='ocrx_word' id='word_1_150' title='bbox 2021 2154 2070 2196; x_wconf 84' lang='lat' dir='ltr'>et</span> <span class='ocrx_word' id='word_1_151' title='bbox 2104 2147 2361 2196; x_wconf 90' lang='lat' dir='ltr'>fortissime</span> 
     </span>
     <span class='ocr_line' id='line_1_23' title="bbox 616 2219 2206 2276; baseline 0 -1"><span class='ocrx_word' id='word_1_152' title='bbox 616 2229 752 2276; x_wconf 83' lang='lat' dir='ltr'>istas⁷</span> <span class='ocrx_word' id='word_1_153' title='bbox 777 2229 996 2276; x_wconf 87' lang='lat' dir='ltr'>servant?</span> <span class='ocrx_word' id='word_1_154' title='bbox 2199 2219 2206 2225; x_wconf 69' lang='grc'><strong>’</strong></span> 
     </span>
     <span class='ocr_line' id='line_1_24' title="bbox 342 2310 2362 2380; baseline 0 -24"><span class='ocrx_word' id='word_1_155' title='bbox 342 2321 386 2380; x_wconf 83' lang='lat' dir='ltr'>ridi</span> <span class='ocrx_word' id='word_1_156' title='bbox 395 2321 434 2347; x_wconf 84' lang='lat' dir='ltr'>ad</span> <span class='ocrx_word' id='word_1_157' title='bbox 447 2328 550 2348; x_wconf 84' lang='lat' dir='ltr'>veram</span> <span class='ocrx_word' id='word_1_158' title='bbox 684 2310 954 2357; x_wconf 79' lang='lat' dir='ltr'>Phronesz&#39;s.</span> <span class='ocrx_word' id='word_1_159' title='bbox 1026 2310 1155 2357; x_wconf 90' lang='lat' dir='ltr'>Tam</span> <span class='ocrx_word' id='word_1_160' title='bbox 1173 2310 1338 2358; x_wconf 90' lang='lat' dir='ltr'>fideles</span> <span class='ocrx_word' id='word_1_161' title='bbox 1363 2311 1514 2358; x_wconf 91' lang='lat' dir='ltr'>nostri</span> <span class='ocrx_word' id='word_1_162' title='bbox 1532 2325 1678 2373; x_wconf 90' lang='lat' dir='ltr'>quam</span> <span class='ocrx_word' id='word_1_163' title='bbox 1705 2310 1972 2368; x_wconf 90' lang='lat' dir='ltr'>adversarii,</span> <span class='ocrx_word' id='word_1_164' title='bbox 1994 2310 2214 2372; x_wconf 90' lang='lat' dir='ltr'>discipuli</span> <span class='ocrx_word' id='word_1_165' title='bbox 2239 2311 2362 2358; x_wconf 88' lang='lat' dir='ltr'>anti-</span> 
     </span>
    </p>
   </div>
   <div class='ocr_carea' id='block_1_9' title="bbox 302 2388 2362 2536">
    <p class='ocr_par' dir='ltr' id='par_1_9' title="bbox 302 2388 2362 2536">
     <span class='ocr_line' id='line_1_25' title="bbox 303 2388 2362 2454; baseline 0.001 -17"><span class='ocrx_word' id='word_1_166' title='bbox 303 2388 559 2449; x_wconf 52' lang='lat' dir='ltr'>{jssssgffiiggffieem</span> <span class='ocrx_word' id='word_1_167' title='bbox 618 2392 793 2449; x_wconf 88' lang='lat' dir='ltr'>christi,</span> <span class='ocrx_word' id='word_1_168' title='bbox 838 2391 1165 2439; x_wconf 81' lang='lat' dir='ltr'>concorditer8</span> <span class='ocrx_word' id='word_1_169' title='bbox 1208 2392 1508 2450; x_wconf 88' lang='lat' dir='ltr'>confitentur,</span> <span class='ocrx_word' id='word_1_170' title='bbox 1551 2393 1686 2454; x_wconf 94' lang='lat' dir='ltr'>quod</span> <span class='ocrx_word' id='word_1_171' title='bbox 1726 2392 1789 2439; x_wconf 90' lang='lat' dir='ltr'>ad</span> <span class='ocrx_word' id='word_1_172' title='bbox 1835 2393 2022 2453; x_wconf 87' lang='lat' dir='ltr'>peccati</span> <span class='ocrx_word' id='word_1_173' title='bbox 2069 2392 2362 2439; x_wconf 89' lang='lat' dir='ltr'>deletionem</span> 
     </span>
     <span class='ocr_line' id='line_1_26' title="bbox 302 2472 2361 2536; baseline 0.002 -21"><span class='ocrx_word' id='word_1_174' title='bbox 302 2490 480 2522; x_wconf 81' lang='lat' dir='ltr'>requiratur.</span> <span class='ocrx_word' id='word_1_175' title='bbox 618 2473 865 2535; x_wconf 89' lang='lat' dir='ltr'>requiritur</span> <span class='ocrx_word' id='word_1_176' title='bbox 906 2472 1082 2520; x_wconf 88' lang='lat' dir='ltr'>habere</span> <span class='ocrx_word' id='word_1_177' title='bbox 1124 2489 1287 2520; x_wconf 88' lang='lat' dir='ltr'>veram</span> <span class='ocrx_word' id='word_1_178' title='bbox 1334 2474 1492 2521; x_wconf 91' lang='lat' dir='ltr'>cordis</span> <span class='ocrx_word' id='word_1_179' title='bbox 1539 2474 1891 2521; x_wconf 89' lang='lat' dir='ltr'>contritionem.</span> <span class='ocrx_word' id='word_1_180' title='bbox 1962 2472 2108 2521; x_wconf 91' lang='lat' dir='ltr'>Unde</span> <span class='ocrx_word' id='word_1_181' title='bbox 2155 2473 2361 2536; x_wconf 80' lang='lat' dir='ltr'>disposi-</span> 
     </span>
    </p>
   </div>
   <div class='ocr_carea' id='block_1_10' title="bbox 569 2555 2365 3188">
    <p class='ocr_par' dir='ltr' id='par_1_10' title="bbox 569 2555 2365 3188">
     <span class='ocr_line' id='line_1_27' title="bbox 569 2555 2360 2617; baseline 0 -16"><span class='ocrx_word' id='word_1_182' title='bbox 569 2580 579 2589; x_wconf 86' lang='lat'><em>·</em></span> <span class='ocrx_word' id='word_1_183' title='bbox 617 2557 799 2601; x_wconf 91' lang='lat' dir='ltr'>tionem</span> <span class='ocrx_word' id='word_1_184' title='bbox 822 2555 1028 2616; x_wconf 88' lang='lat' dir='ltr'>primam</span> <span class='ocrx_word' id='word_1_185' title='bbox 1054 2555 1247 2612; x_wconf 90' lang='lat' dir='ltr'>doloris,</span> <span class='ocrx_word' id='word_1_186' title='bbox 1274 2571 1397 2617; x_wconf 93' lang='lat' dir='ltr'>quae</span> <span class='ocrx_word' id='word_1_187' title='bbox 1423 2571 1524 2602; x_wconf 93' lang='lat' dir='ltr'>non</span> <span class='ocrx_word' id='word_1_188' title='bbox 1549 2555 1719 2603; x_wconf 90' lang='lat' dir='ltr'>sufficit</span> <span class='ocrx_word' id='word_1_189' title='bbox 1751 2556 1813 2603; x_wconf 89' lang='lat' dir='ltr'>ad</span> <span class='ocrx_word' id='word_1_190' title='bbox 1845 2555 2136 2602; x_wconf 88' lang='lat' dir='ltr'>deletionem</span> <span class='ocrx_word' id='word_1_191' title='bbox 2159 2555 2360 2617; x_wconf 86' lang='lat' dir='ltr'>peccati,</span> 
     </span>
     <span class='ocr_line' id='line_1_28' title="bbox 617 2622 2364 2698; baseline -0.001 -15"><span class='ocrx_word' id='word_1_192' title='bbox 617 2643 789 2683; x_wconf 91' lang='lat' dir='ltr'>vocant</span> <span class='ocrx_word' id='word_1_193' title='bbox 830 2622 1122 2693; x_wconf 75' lang='lat' dir='ltr'>dtlrz‘tz‘onem,</span> <span class='ocrx_word' id='word_1_194' title='bbox 1164 2644 1211 2683; x_wconf 93' lang='lat' dir='ltr'>et</span> <span class='ocrx_word' id='word_1_195' title='bbox 1254 2645 1538 2698; x_wconf 88' lang='lat' dir='ltr'>sequentem</span> <span class='ocrx_word' id='word_1_196' title='bbox 1577 2637 1796 2684; x_wconf 91' lang='lat' dir='ltr'>dolorem</span> <span class='ocrx_word' id='word_1_197' title='bbox 1838 2636 2154 2684; x_wconf 88' lang='lat' dir='ltr'>sufficientem</span> <span class='ocrx_word' id='word_1_198' title='bbox 2189 2644 2364 2684; x_wconf 90' lang='lat' dir='ltr'>vocant</span> 
     </span>
     <span class='ocr_line' id='line_1_29' title="bbox 604 2717 2365 2782; baseline 0.001 -18"><span class='ocrx_word' id='word_1_199' title='bbox 604 2720 935 2766; x_wconf 72' lang='lat' dir='ltr'>contritionem.</span> <span class='ocrx_word' id='word_1_200' title='bbox 1017 2717 1113 2766; x_wconf 89' lang='lat' dir='ltr'>Sed</span> <span class='ocrx_word' id='word_1_201' title='bbox 1146 2734 1237 2766; x_wconf 93' lang='lat' dir='ltr'>nec</span> <span class='ocrx_word' id='word_1_202' title='bbox 1270 2720 1392 2766; x_wconf 91' lang='lat' dir='ltr'>inter</span> <span class='ocrx_word' id='word_1_203' title='bbox 1424 2721 1538 2767; x_wconf 90' lang='lat' dir='ltr'>istas</span> <span class='ocrx_word' id='word_1_204' title='bbox 1569 2720 1723 2767; x_wconf 91' lang='lat' dir='ltr'>sciunt</span> <span class='ocrx_word' id='word_1_205' title='bbox 1758 2720 2049 2782; x_wconf 85' lang='lat' dir='ltr'>distinguere</span> <span class='ocrx_word' id='word_1_206' title='bbox 2081 2720 2156 2767; x_wconf 90' lang='lat' dir='ltr'>vel</span> <span class='ocrx_word' id='word_1_207' title='bbox 2187 2719 2365 2767; x_wconf 90' lang='lat' dir='ltr'>contri-</span> 
     </span>
     <span class='ocr_line' id='line_1_30' title="bbox 615 2800 2363 2863; baseline 0.001 -17"><span class='ocrx_word' id='word_1_208' title='bbox 615 2801 798 2846; x_wconf 91' lang='lat' dir='ltr'>tionem</span> <span class='ocrx_word' id='word_1_209' title='bbox 836 2800 1174 2861; x_wconf 75' lang='lat' dir='ltr'>cognoscere9.</span> <span class='ocrx_word' id='word_1_210' title='bbox 1245 2800 1320 2847; x_wconf 92' lang='lat' dir='ltr'>De</span> <span class='ocrx_word' id='word_1_211' title='bbox 1359 2801 1646 2848; x_wconf 90' lang='lat' dir='ltr'>contritione</span> <span class='ocrx_word' id='word_1_212' title='bbox 1683 2809 1844 2848; x_wconf 88' lang='lat' dir='ltr'>autem</span> <span class='ocrx_word' id='word_1_213' title='bbox 1874 2800 1971 2847; x_wconf 85' lang='lat' dir='ltr'>dixi</span> <span class='ocrx_word' id='word_1_214' title='bbox 1995 2801 2046 2847; x_wconf 91' lang='lat' dir='ltr'>in</span> <span class='ocrx_word' id='word_1_215' title='bbox 2070 2801 2205 2848; x_wconf 89' lang='lat' dir='ltr'>tertia</span> <span class='ocrx_word' id='word_1_216' title='bbox 2228 2809 2363 2863; x_wconf 88' lang='lat' dir='ltr'>parte</span> 
     </span>
     <span class='ocr_line' id='line_1_31' title="bbox 616 2881 2363 2944; baseline 0.001 -17"><span class='ocrx_word' id='word_1_217' title='bbox 616 2896 895 2928; x_wconf 86' lang='lat' dir='ltr'>sermonum</span> <span class='ocrx_word' id='word_1_218' title='bbox 921 2881 1118 2940; x_wconf 68' lang='lat' dir='ltr'>LXIV„</span> <span class='ocrx_word' id='word_1_219' title='bbox 1143 2882 1276 2943; x_wconf 91' lang='lat' dir='ltr'>quod</span> <span class='ocrx_word' id='word_1_220' title='bbox 1301 2890 1372 2929; x_wconf 89' lang='lat' dir='ltr'>est</span> <span class='ocrx_word' id='word_1_221' title='bbox 1406 2882 1544 2929; x_wconf 90' lang='lat' dir='ltr'>dolor</span> <span class='ocrx_word' id='word_1_222' title='bbox 1569 2881 1810 2929; x_wconf 88' lang='lat' dir='ltr'>sufficiens</span> <span class='ocrx_word' id='word_1_223' title='bbox 1841 2882 1904 2928; x_wconf 91' lang='lat' dir='ltr'>ad</span> <span class='ocrx_word' id='word_1_224' title='bbox 1937 2881 2227 2929; x_wconf 89' lang='lat' dir='ltr'>deletionem</span> <span class='ocrx_word' id='word_1_225' title='bbox 2251 2897 2363 2944; x_wconf 90' lang='lat' dir='ltr'>pec-</span> 
     </span>
     <span class='ocr_line' id='line_1_32' title="bbox 616 2963 2364 3025; baseline 0 -15"><span class='ocrx_word' id='word_1_226' title='bbox 616 2964 722 3020; x_wconf 89' lang='lat' dir='ltr'>cati,</span> <span class='ocrx_word' id='word_1_227' title='bbox 748 2978 895 3024; x_wconf 91' lang='lat' dir='ltr'>quem</span> <span class='ocrx_word' id='word_1_228' title='bbox 919 2970 1113 3025; x_wconf 90' lang='lat' dir='ltr'>oportet</span> <span class='ocrx_word' id='word_1_229' title='bbox 1137 2978 1243 3011; x_wconf 89' lang='lat' dir='ltr'>esse</span> <span class='ocrx_word' id='word_1_230' title='bbox 1269 2964 1504 3025; x_wconf 90' lang='lat' dir='ltr'>majorem</span> <span class='ocrx_word' id='word_1_231' title='bbox 1530 2963 1590 3010; x_wconf 89' lang='lat' dir='ltr'>de</span> <span class='ocrx_word' id='word_1_232' title='bbox 1621 2964 1878 3010; x_wconf 90' lang='lat' dir='ltr'>amissione</span> <span class='ocrx_word' id='word_1_233' title='bbox 1911 2963 2107 3025; x_wconf 87' lang='lat' dir='ltr'>gratiae,</span> <span class='ocrx_word' id='word_1_234' title='bbox 2133 2977 2280 3024; x_wconf 88' lang='lat' dir='ltr'>quam</span> <span class='ocrx_word' id='word_1_235' title='bbox 2304 2963 2364 3010; x_wconf 91' lang='lat' dir='ltr'>de</span> 
     </span>
     <span class='ocr_line' id='line_1_33' title="bbox 614 3043 2364 3106; baseline 0.001 -16"><span class='ocrx_word' id='word_1_236' title='bbox 614 3043 919 3091; x_wconf 78' lang='lat' dir='ltr'>amissione10</span> <span class='ocrx_word' id='word_1_237' title='bbox 961 3044 1290 3106; x_wconf 88' lang='lat' dir='ltr'>cujuscunque</span> <span class='ocrx_word' id='word_1_238' title='bbox 1332 3044 1580 3091; x_wconf 89' lang='lat' dir='ltr'>commodi</span> <span class='ocrx_word' id='word_1_239' title='bbox 1614 3044 1907 3106; x_wconf 87' lang='lat' dir='ltr'>temporalis.</span> <span class='ocrx_word' id='word_1_240' title='bbox 1991 3044 2054 3091; x_wconf 91' lang='lat' dir='ltr'>Et</span> <span class='ocrx_word' id='word_1_241' title='bbox 2094 3052 2260 3106; x_wconf 55' lang='lat' dir='ltr'>quam*</span> <span class='ocrx_word' id='word_1_242' title='bbox 2282 3045 2364 3092; x_wconf 91' lang='lat' dir='ltr'>diu</span> 
     </span>
     <span class='ocr_line' id='line_1_34' title="bbox 614 3125 2363 3188; baseline 0.001 -16"><span class='ocrx_word' id='word_1_243' title='bbox 614 3126 718 3172; x_wconf 90' lang='lat' dir='ltr'>talis</span> <span class='ocrx_word' id='word_1_244' title='bbox 750 3125 929 3187; x_wconf 88' lang='lat' dir='ltr'>gradus</span> <span class='ocrx_word' id='word_1_245' title='bbox 956 3125 1016 3172; x_wconf 92' lang='lat' dir='ltr'>de</span> <span class='ocrx_word' id='word_1_246' title='bbox 1050 3125 1218 3172; x_wconf 91' lang='lat' dir='ltr'>dolore</span> <span class='ocrx_word' id='word_1_247' title='bbox 1251 3126 1438 3186; x_wconf 90' lang='lat' dir='ltr'>peccati</span> <span class='ocrx_word' id='word_1_248' title='bbox 1462 3126 1684 3188; x_wconf 90' lang='lat' dir='ltr'>peccanti</span> <span class='ocrx_word' id='word_1_249' title='bbox 1709 3125 1925 3183; x_wconf 91' lang='lat' dir='ltr'>defuerit,</span> <span class='ocrx_word' id='word_1_250' title='bbox 1950 3140 2050 3172; x_wconf 90' lang='lat' dir='ltr'>non</span> <span class='ocrx_word' id='word_1_251' title='bbox 2077 3126 2363 3174; x_wconf 91' lang='lat' dir='ltr'>contritione</span> 
     </span>
    </p>
   </div>
   <div class='ocr_carea' id='block_1_11' title="bbox 585 3245 2366 3514">
    <p class='ocr_par' dir='ltr' id='par_1_11' title="bbox 612 3245 2362 3354">
     <span class='ocr_line' id='line_1_35' title="bbox 671 3245 2362 3301; baseline 0.002 -17"><span class='ocrx_word' id='word_1_252' title='bbox 671 3247 683 3269; x_wconf 83' lang='lat'><strong>¹</strong></span> <span class='ocrx_word' id='word_1_253' title='bbox 711 3245 754 3284; x_wconf 93' lang='lat' dir='ltr'>in</span> <span class='ocrx_word' id='word_1_254' title='bbox 772 3245 858 3297; x_wconf 84' lang='lat' dir='ltr'>die]</span> <span class='ocrx_word' id='word_1_255' title='bbox 881 3258 963 3285; x_wconf 90' lang='lat' dir='ltr'>om.</span> <span class='ocrx_word' id='word_1_256' title='bbox 984 3245 1138 3286; x_wconf 91' lang='lat' dir='ltr'>A.B.C.</span> <span class='ocrx_word' id='word_1_257' title='bbox 1160 3246 1222 3285; x_wconf 90' lang='lat' dir='ltr'>ed.</span> <span class='ocrx_word' id='word_1_258' title='bbox 1243 3259 1303 3298; x_wconf 92' lang='lat' dir='ltr'>pr.</span> <span class='ocrx_word' id='word_1_259' title='bbox 1469 3245 1485 3268; x_wconf 76' lang='lat'>²</span> <span class='ocrx_word' id='word_1_260' title='bbox 1511 3246 1564 3286; x_wconf 88' lang='lat' dir='ltr'>cf.</span> <span class='ocrx_word' id='word_1_261' title='bbox 1586 3247 1651 3286; x_wconf 90' lang='lat' dir='ltr'>Ps.</span> <span class='ocrx_word' id='word_1_262' title='bbox 1671 3248 1747 3287; x_wconf 88' lang='lat' dir='ltr'>xci.</span> <span class='ocrx_word' id='word_1_263' title='bbox 1769 3247 1870 3299; x_wconf 88' lang='lat' dir='ltr'>(xc.)</span> <span class='ocrx_word' id='word_1_264' title='bbox 1893 3258 1930 3298; x_wconf 86' lang='lat'>5,</span> <span class='ocrx_word' id='word_1_265' title='bbox 1950 3246 1989 3286; x_wconf 88' lang='lat'>6.</span> <span class='ocrx_word' id='word_1_266' title='bbox 2110 3247 2126 3270; x_wconf 82' lang='lat'><strong>³</strong></span> <span class='ocrx_word' id='word_1_267' title='bbox 2153 3249 2362 3301; x_wconf 88' lang='lat' dir='ltr'>quartum]</span> 
     </span>
     <span class='ocr_line' id='line_1_36' title="bbox 612 3300 2362 3354; baseline 0.003 -17"><span class='ocrx_word' id='word_1_268' title='bbox 612 3301 832 3351; x_wconf 89' lang='lat' dir='ltr'>probatum</span> <span class='ocrx_word' id='word_1_269' title='bbox 853 3305 906 3346; x_wconf 90' lang='lat' dir='ltr'>et,</span> <span class='ocrx_word' id='word_1_270' title='bbox 928 3300 1084 3340; x_wconf 91' lang='lat' dir='ltr'>A.B.C.</span> <span class='ocrx_word' id='word_1_271' title='bbox 1103 3313 1183 3339; x_wconf 91' lang='lat' dir='ltr'>om.</span> <span class='ocrx_word' id='word_1_272' title='bbox 1205 3301 1267 3339; x_wconf 91' lang='lat' dir='ltr'>ed.</span> <span class='ocrx_word' id='word_1_273' title='bbox 1288 3313 1349 3352; x_wconf 87' lang='lat' dir='ltr'>pr.</span> <span class='ocrx_word' id='word_1_274' title='bbox 1581 3300 1597 3323; x_wconf 68' lang='lat'>4</span> <span class='ocrx_word' id='word_1_275' title='bbox 1623 3301 1667 3353; x_wconf 85' lang='lat' dir='ltr'>a]</span> <span class='ocrx_word' id='word_1_276' title='bbox 1689 3302 1752 3347; x_wconf 91' lang='lat' dir='ltr'>de,</span> <span class='ocrx_word' id='word_1_277' title='bbox 1774 3302 1846 3346; x_wconf 92' lang='lat' dir='ltr'>C.;</span> <span class='ocrx_word' id='word_1_278' title='bbox 1877 3302 1932 3346; x_wconf 92' lang='lat' dir='ltr'>in,</span> <span class='ocrx_word' id='word_1_279' title='bbox 1952 3301 1999 3341; x_wconf 91' lang='lat' dir='ltr'>B.</span> <span class='ocrx_word' id='word_1_280' title='bbox 2020 3301 2176 3354; x_wconf 85' lang='lat' dir='ltr'>primae</span> <span class='ocrx_word' id='word_1_281' title='bbox 2193 3314 2362 3348; x_wconf 86' lang='lat' dir='ltr'>manus;</span> 
     </span>
    </p>

    <p class='ocr_par' dir='ltr' id='par_1_12' title="bbox 585 3354 2366 3514">
     <span class='ocr_line' id='line_1_37' title="bbox 585 3354 2366 3406; baseline 0.003 -15"><span class='ocrx_word' id='word_1_282' title='bbox 585 3379 587 3386; x_wconf 37' lang='grc' dir='ltr'><strong><em>ι</em></strong></span> <span class='ocrx_word' id='word_1_283' title='bbox 615 3367 676 3398; x_wconf 87' lang='lat' dir='ltr'>ex,</span> <span class='ocrx_word' id='word_1_284' title='bbox 698 3354 760 3392; x_wconf 91' lang='lat' dir='ltr'>ed.</span> <span class='ocrx_word' id='word_1_285' title='bbox 781 3367 842 3405; x_wconf 86' lang='lat' dir='ltr'>pr.</span> <span class='ocrx_word' id='word_1_286' title='bbox 1007 3354 1022 3377; x_wconf 90' lang='lat'>⁵</span> <span class='ocrx_word' id='word_1_287' title='bbox 1050 3354 1207 3406; x_wconf 89' lang='lat' dir='ltr'>veram]</span> <span class='ocrx_word' id='word_1_288' title='bbox 1228 3367 1366 3394; x_wconf 89' lang='lat' dir='ltr'>veram</span> <span class='ocrx_word' id='word_1_289' title='bbox 1386 3354 1532 3401; x_wconf 85' lang='lat' dir='ltr'>cordis,</span> <span class='ocrx_word' id='word_1_290' title='bbox 1555 3355 1609 3394; x_wconf 94' lang='lat' dir='ltr'>D.</span> <span class='ocrx_word' id='word_1_291' title='bbox 1631 3356 1832 3395; x_wconf 87' lang='lat' dir='ltr'>secundae</span> <span class='ocrx_word' id='word_1_292' title='bbox 1851 3369 2008 3396; x_wconf 88' lang='lat' dir='ltr'>manus.</span> <span class='ocrx_word' id='word_1_293' title='bbox 2185 3355 2202 3378; x_wconf 77' lang='lat'>⁶</span> <span class='ocrx_word' id='word_1_294' title='bbox 2228 3355 2366 3396; x_wconf 89' lang='lat' dir='ltr'>dimit-</span> 
     </span>
     <span class='ocr_line' id='line_1_38' title="bbox 585 3388 2360 3463; baseline 0.003 -18"><span class='ocrx_word' id='word_1_295' title='bbox 585 3388 588 3461; x_wconf 62' lang='lat' dir='ltr'>l</span> <span class='ocrx_word' id='word_1_296' title='bbox 617 3408 726 3457; x_wconf 87' lang='lat' dir='ltr'>tunt]</span> <span class='ocrx_word' id='word_1_297' title='bbox 750 3408 962 3447; x_wconf 86' lang='lat' dir='ltr'>dimittunt</span> <span class='ocrx_word' id='word_1_298' title='bbox 983 3413 1091 3453; x_wconf 88' lang='lat' dir='ltr'>tunc,</span> <span class='ocrx_word' id='word_1_299' title='bbox 1114 3408 1168 3447; x_wconf 89' lang='lat' dir='ltr'>D.</span> <span class='ocrx_word' id='word_1_300' title='bbox 1331 3408 1346 3431; x_wconf 94' lang='lat'>⁷</span> <span class='ocrx_word' id='word_1_301' title='bbox 1374 3409 1492 3461; x_wconf 84' lang='lat' dir='ltr'>istas]</span> <span class='ocrx_word' id='word_1_302' title='bbox 1514 3410 1604 3455; x_wconf 88' lang='lat' dir='ltr'>ista,</span> <span class='ocrx_word' id='word_1_303' title='bbox 1626 3409 1681 3449; x_wconf 91' lang='lat' dir='ltr'>D.</span> <span class='ocrx_word' id='word_1_304' title='bbox 1703 3410 1765 3450; x_wconf 92' lang='lat' dir='ltr'>ed.</span> <span class='ocrx_word' id='word_1_305' title='bbox 1787 3423 1847 3462; x_wconf 86' lang='lat' dir='ltr'>pr.</span> <span class='ocrx_word' id='word_1_306' title='bbox 2043 3410 2059 3433; x_wconf 78' lang='lat'><strong>⁸</strong></span> <span class='ocrx_word' id='word_1_307' title='bbox 2085 3409 2360 3463; x_wconf 87' lang='lat' dir='ltr'>concorditer]</span> 
     </span>
     <span class='ocr_line' id='line_1_39' title="bbox 617 3461 2360 3514; baseline 0.003 -16"><span class='ocrx_word' id='word_1_308' title='bbox 617 3461 889 3507; x_wconf 79' lang='lat' dir='ltr'>conformiter,</span> <span class='ocrx_word' id='word_1_309' title='bbox 911 3462 956 3500; x_wconf 90' lang='lat' dir='ltr'>B.</span> <span class='ocrx_word' id='word_1_310' title='bbox 977 3463 1131 3514; x_wconf 76' lang='lat' dir='ltr'>primae</span> <span class='ocrx_word' id='word_1_311' title='bbox 1150 3475 1307 3508; x_wconf 88' lang='lat' dir='ltr'>manus,</span> <span class='ocrx_word' id='word_1_312' title='bbox 1327 3463 1389 3502; x_wconf 89' lang='lat' dir='ltr'>ed.</span> <span class='ocrx_word' id='word_1_313' title='bbox 1411 3477 1471 3514; x_wconf 92' lang='lat' dir='ltr'>pr.</span> <span class='ocrx_word' id='word_1_314' title='bbox 1593 3462 1609 3486; x_wconf 84' lang='lat'>⁹</span> <span class='ocrx_word' id='word_1_315' title='bbox 1636 3464 1716 3503; x_wconf 90' lang='lat' dir='ltr'>Sed</span> <span class='ocrx_word' id='word_1_316' title='bbox 1736 3477 1811 3504; x_wconf 90' lang='lat' dir='ltr'>nec</span> <span class='ocrx_word' id='word_1_317' title='bbox 1829 3464 1934 3503; x_wconf 86' lang='lat' dir='ltr'>inter</span> <span class='ocrx_word' id='word_1_318' title='bbox 1953 3463 2050 3503; x_wconf 85' lang='lat' dir='ltr'>istas</span> <span class='ocrx_word' id='word_1_319' title='bbox 2070 3465 2200 3504; x_wconf 88' lang='lat' dir='ltr'>sciunt</span> <span class='ocrx_word' id='word_1_320' title='bbox 2220 3463 2360 3504; x_wconf 87' lang='lat' dir='ltr'>distin-</span> 
     </span>
    </p>
   </div>
   <div class='ocr_carea' id='block_1_12' title="bbox 586 3510 2360 3620">
    <p class='ocr_par' dir='ltr' id='par_1_13' title="bbox 586 3510 2360 3620">
     <span class='ocr_line' id='line_1_40' title="bbox 586 3510 2360 3606; baseline 0.003 -54"><span class='ocrx_word' id='word_1_321' title='bbox 586 3510 588 3552; x_wconf 75' lang='grc' dir='ltr'>ἰ</span> <span class='ocrx_word' id='word_1_322' title='bbox 616 3528 738 3605; x_wconf 46' lang='lat' dir='ltr'>quere</span> <span class='ocrx_word' id='word_1_323' title='bbox 759 3515 822 3606; x_wconf 56' lang='lat' dir='ltr'>veil</span> <span class='ocrx_word' id='word_1_324' title='bbox 843 3517 1130 3555; x_wconf 84' lang='lat' dir='ltr'>contritionem</span> <span class='ocrx_word' id='word_1_325' title='bbox 1151 3517 1417 3569; x_wconf 89' lang='lat' dir='ltr'>cognoscere]</span> <span class='ocrx_word' id='word_1_326' title='bbox 1440 3530 1520 3556; x_wconf 90' lang='lat' dir='ltr'>om.</span> <span class='ocrx_word' id='word_1_327' title='bbox 1543 3517 1696 3558; x_wconf 90' lang='lat' dir='ltr'>A.B.C.</span> <span class='ocrx_word' id='word_1_328' title='bbox 1826 3519 1856 3541; x_wconf 77' lang='lat'>1⁰</span> <span class='ocrx_word' id='word_1_329' title='bbox 1884 3517 2120 3570; x_wconf 87' lang='lat' dir='ltr'>amissione]</span> <span class='ocrx_word' id='word_1_330' title='bbox 2140 3518 2360 3559; x_wconf 85' lang='lat' dir='ltr'>amissione</span> 
     </span>
     <span class='ocr_line' id='line_1_41' title="bbox 616 3581 909 3620; baseline 0.007 -15"><span class='ocrx_word' id='word_1_331' title='bbox 616 3581 631 3605; x_wconf 78' lang='lat' dir='ltr'>c</span> <span class='ocrx_word' id='word_1_332' title='bbox 646 3582 669 3605; x_wconf 95' lang='lat' dir='ltr'>o</span> <span class='ocrx_word' id='word_1_333' title='bbox 689 3582 746 3613; x_wconf 86' lang='lat' dir='ltr'>or,</span> <span class='ocrx_word' id='word_1_334' title='bbox 767 3581 788 3607; x_wconf 91' lang='lat' dir='ltr'>e</span> <span class='ocrx_word' id='word_1_335' title='bbox 821 3599 827 3606; x_wconf 93' lang='lat'>.</span> <span class='ocrx_word' id='word_1_336' title='bbox 850 3583 909 3620; x_wconf 90' lang='lat' dir='ltr'>pr.</span> 
     </span>
    </p>
   </div>
  </div>
 </body>
</html>
