2496 4108
1041 418 1467 482 JOANNIS
1529 421 1878 470 WICLIF
2182 439 2337 468 mnrv.

1314 779 1471 828 CAP.
1508 781 1624 828 VII.

862 906 961 966 Quo
984 909 1108 956 modo
1124 911 1264 971 pamls·
1287 915 1571 957 consecratus
1595 918 1757 971 corpus
1780 912 1844 957 sit
1863 909 2069 958 Domini.

657 1038 856 1086 Alz'tlzz'a.
929 1038 1092 1088 Placet
1115 1039 1300 1099 iterum,
1326 1041 1460 1103 quod
1484 1049 1584 1088 tarn
1610 1041 1855 1090 evidenter
1879 1048 1927 1088 et
1958 1049 2098 1089 acute
2129 1040 2336 1103 exponis

588 1126 634 1166 te
675 1121 834 1181 ipsum
849 1136 862 1179 3
917 1129 964 1168 et
1006 1122 1279 1176 considero,
1322 1122 1457 1185 quod
1496 1123 1737 1170 infinitum
1778 1123 1935 1185 magis
1979 1122 2220 1170 autentica
2264 1129 2337 1170 est

589 1202 760 1249 veritas
787 1203 1061 1264 scripturae,
1088 1218 1235 1265 quam
1259 1219 1470 1266 persona
1501 1204 1663 1266 aliqua
1689 1205 1791 1266 jam
1824 1211 2066 1265 superstes
2089 1202 2164 1251 vel
2198 1215 2335 1251 com-

590 1283 798 1330 munitas
839 1284 1105 1346 alleganda.
1178 1284 1299 1332 Ideo
1339 1285 1379 1333 si
1420 1292 1584 1333 essent
1620 1293 1817 1333 centum
1858 1300 2030 1347 papae,
2071 1292 2119 1332 et
2159 1297 2335 1332 omnes

589 1364 755 1412 fratres
787 1373 948 1412 essent
979 1366 1101 1412 versi
1134 1365 1183 1413 in
1216 1366 1497 1424 cardinales,
1523 1381 1626 1413 non
1659 1366 1856 1413 deberet
1889 1365 2045 1414 credi1
2069 1365 2336 1414 sententiae

591 1461 704 1493 suae
740 1446 789 1492 in
814 1448 1013 1494 materia
1037 1446 1163 1504 fidei,
1190 1447 1282 1494 nisi
1307 1446 1367 1494 de
1392 1455 1575 1509 quanto
1604 1462 1655 1495 se
1681 1446 1986 1495 fundaverint
2009 1447 2060 1494 in
2083 1447 2331 1509 scriptura.

589 1527 747 1574 Video
772 1529 958 1586 iterum,
984 1528 1117 1590 quod
1142 1543 1243 1575 non
1275 1529 1480 1576 damnas
1512 1544 1691 1591 papam
1722 1529 1797 1576 vel
1828 1542 2090 1590 personam
2125 1528 2337 1591 aliquam

592 1610 681 1656 sub
717 1611 809 1657 isto
846 1625 1019 1667 errore,
1047 1610 1160 1671 quia
1193 1611 1351 1657 nescis
1387 1611 1587 1672 qualiter
1622 1610 1946 1668 decesserunt,
1973 1609 2060 1658 sed
2095 1609 2229 1672 quod
2262 1617 2339 1658 est

591 1691 829 1737 infinitum
853 1692 938 1738 tibi
963 1692 1072 1753 plus
1097 1691 1337 1749 credibile,
1364 1691 1498 1754 quod
1525 1691 1750 1739 doctores
1783 1693 1873 1739 sub
1899 1693 1990 1740 isto
2015 1690 2337 1754 cataclysmo²

591 1772 665 1819 vel
688 1781 904 1819 errarunt
927 1773 977 1819 in
1003 1773 1097 1820 fide
1122 1773 1196 1820 vel
1220 1773 1488 1820 vecorditer
1513 1780 1778 1831 tacuerunt,
1805 1788 1953 1836 quam
1982 1773 2117 1835 quod
2140 1771 2337 1836 aliquod

592 1855 791 1901 verbum
818 1854 1051 1915 evangelii
1075 1854 1250 1915 poterit
1274 1869 1380 1901 esse
1404 1853 1592 1901 falsum.
1651 1854 1714 1901 Et
1740 1854 1807 1902 sic
1827 1862 1897 1902 est
1921 1854 2031 1902 tibi⁸
2055 1854 2198 1902 nimis
2221 1854 2338 1902 levis

593 1935 831 1982 evidentia
846 1935 968 1993 3-si
1000 1935 1170 1997 aliquis
1195 1935 1312 1998 citra
1338 1943 1584 1982 auctorem
1617 1935 1878 1997 scripturae
1904 1936 1972 1983 sic
2005 1935 2190 1992 dixerit,
2217 1949 2354 1997 ergo·

590 2031 769 2064 verum.
842 2015 963 2063 Ideo
1004 2031 1129 2062 vana
1175 2024 1248 2063 est
1294 2015 1561 2063 sollicitudo
1608 2015 1864 2063 hominurn
1910 2017 1962 2063 in
2007 2018 2098 2064 ista
2137 2017 2338 2064 materia

590 2098 783 2145 credere
821 2097 1098 2144 credulitate
1141 2097 1235 2144 fide
1275 2097 1422 2158 digna
1461 2097 1512 2142 in
1552 2096 1627 2144 his
1669 2112 1792 2159 quae
1835 2098 2128 2146 excesserint
2163 2111 2336 2146 sensus

590 2193 719 2236 suos,
763 2193 874 2226 cum
916 2179 993 2225 vix
1037 2179 1286 2240 contingat
1328 2179 1391 2226 ad
1429 2186 1768 2240 argumentum
1809 2179 2026 2240 topicum
2039 2174 2192 2238 3—si4
2227 2178 2334 2227 talis

591 2267 1019 2321 quantumcunque
1040 2268 1232 2307 sanctus
1252 2268 1300 2307 et
1318 2260 1531 2322 prudens
1551 2260 1620 2307 sic
1639 2260 1808 2307 asserit
1831 2267 2019 2322 praeter
2043 2259 2336 2308 evidentiam

590 2356 834 2398 sensuum,
861 2356 978 2402 ergo
1015 2356 1194 2388 verum.
1266 2340 1364 2388 Sed
1398 2356 1551 2388 unum
1579 2340 1750 2387 vellem
1785 2340 1987 2388 libenter
2021 2354 2336 2402 cognoscere,

589 2423 801 2482 quomodo
814 2424 960 2483 panis
983 2422 1059 2470 ille
1088 2428 1154 2469 est
1182 2430 1344 2483 corpus
1368 2421 1575 2479 Domini,
1600 2436 1702 2468 cum
1732 2437 1822 2469 non
1852 2422 1915 2469 sil
1943 2421 2154 2469 identice⁶
2187 2422 2336 2484 zpsum

589 2511 763 2571 corpus.

658 2585 928 2632 Phronesz‘s.
987 2584 1148 2632 Video
1169 2583 1302 2646 quod
1325 2584 1375 2631 in
1402 2585 1564 2632 multis
1588 2599 1754 2632 verum
1778 2584 2008 2646 concipiS,
2029 2592 2078 2632 et
2101 2591 2335 2647 quantum

591 2666 652 2713 ad
676 2666 880 2713 modum
905 2680 1004 2727 quo
1028 2666 1168 2727 panis
1192 2666 1269 2712 ille
1293 2674 1363 2713 est
1389 2681 1566 2727 corpus
1590 2665 1805 2724 Domini,
1831 2666 2027 2714 firmiter
2053 2665 2149 2714 hoc
2173 2666 2332 2723 crede,

591 2763 702 2795 curn
722 2747 952 2804 Christus,
973 2748 1056 2810 qui
1079 2747 1268 2794 mentiri
1292 2762 1394 2794 non
1417 2748 1606 2809 poterit,
1633 2748 1698 2794 ita
1721 2747 1847 2795 dicit.
1917 2747 1980 2794 Et
2002 2748 2175 2795 novisti
2199 2748 2335 2809 quod

590 2829 775 2891 triplex
800 2838 872 2877 est
908 2829 1219 2891 praedicatio,
1253 2829 1433 2876 scilicet
1468 2828 1683 2876 formalis
1715 2829 1981 2877 essentialis
2015 2836 2063 2876 et
2096 2829 2335 2877 habitudi-

592 2912 729 2959 nalis.
802 2911 1002 2960 Relictis
1051 2912 1101 2958 in
1147 2912 1240 2959 ista
1284 2912 1483 2959 materia
1530 2912 1715 2959 duabus
1760 2912 2227 2973 praedicationibus⁶
2271 2911 2335 2959 ad

591 2994 777 3041 tertiam
818 3001 1010 3056 oportet
1048 2992 1307 3040 attendere.
1393 2992 1524 3039 Nam
1562 2993 1831 3040 secundum
1871 2993 2058 3040 tertiam
2096 2991 2194 3040 dixi
2234 2993 2333 3050 tibi,

592 3075 845 3137 quomodo
871 3074 1090 3123 Christus
1116 3074 1234 3121 dixit
1259 3074 1318 3120 de
1345 3072 1575 3134 Baptista,
1599 3073 1734 3135 quod
1765 3074 1824 3121 sit
1849 3072 2032 3132 Helias,
2057 3073 2230 3122 Matth.
2253 3075 2333 3132 xi„

593 3157 843 3218 apostolus
862 3156 1002 3203 dicit⁷
1026 3156 1086 3203 de
1113 3154 1305 3202 Christo
1330 3171 1352 3200 2
1383 3154 1495 3202 Cor.
1516 3170 1578 3212 x.‚
1599 3154 1926 3202 moralisando
1949 3162 2087 3217 gesta
2109 3155 2231 3217 legis
2253 3170 2333 3203 ve-

590 3239 716 3295 teris,
740 3242 750 3262 ‘
767 3246 915 3300 petra,
935 3237 1103 3300 inquit,
1124 3244 1224 3284 erat
1243 3235 1491 3284 Christus.’
1552 3235 1613 3283 Et
1633 3235 1812 3283 Genes.
1831 3235 1910 3283 xli.
1931 3236 2050 3283 fides
2074 3236 2333 3298 scripturae

645 3396 657 3419 ¹
687 3396 816 3448 credi]
839 3395 1020 3441 concedi,
1041 3395 1103 3435 ed.
1123 3408 1184 3447 pr.
1415 3393 1430 3416 ²
1458 3393 1725 3445 cataclysmo]
1748 3394 2032 3441 kathaclismo,
2052 3393 2332 3440 cathaclismo,

589 3449 682 3488 libri
702 3463 826 3489 manu
846 3450 999 3502 scripti.
1138 3450 1152 3471 ³
1181 3447 1276 3499 tibi]
1297 3447 1367 3493 ibi,
1384 3448 1432 3488 C.
1545 3447 1560 3470 4
1587 3448 1641 3500 si]
1663 3448 1734 3487 sed
1754 3449 1800 3493 si,
1820 3449 1884 3488 ed.
1904 3462 1964 3501 pr.
2092 3447 2108 3470 ⁵
2135 3448 2330 3500 identice]

590 3503 831 3554 ydemptice,
852 3504 944 3543 libri
965 3503 1083 3543 MSS.
1264 3502 1280 3524 ὓ
1308 3502 1696 3555 praedicationibus]
1718 3502 1934 3555 prioribus,
1950 3501 2160 3543 A.B.D.C.
2170 3502 2332 3555 primae

590 3569 747 3603 manus,
766 3558 829 3597 ed.
850 3571 910 3609 pr.
1074 3557 1090 3580 ⁷
1117 3556 1236 3607 dicit]
1258 3556 1371 3601 dixit,
1393 3556 1497 3596 B.D.
