2436 4094
34 494 35 498 Ἰ
120 433 252 469 ctum.
687 419 1278 469 TRIALOGUS.

30 604 33 605 γ
115 552 415 617 ,quandoque
450 553 706 602 distantius
742 555 824 603 sit¹
858 555 1029 604 delata.
1100 555 1217 604 Post
1251 555 1379 604 hanc
1414 556 1603 605 tertiam
1639 549 1877 616 uirtutem,

120 643 292 697 quarta
324 635 472 684 virtus
504 638 748 698 gustatz'va
785 638 982 686 situatur
1016 639 1066 685 in
1102 638 1267 700 lingua
1302 653 1474 700 parum
1509 637 1796 701 depressius,
1832 646 1879 686 et

119 724 194 765 est
235 715 506 764 secundum
540 718 833 766 Aristotelem
869 719 1068 781 quidam
1106 728 1277 768 tactus.
1355 719 1525 767 Tactus
1568 736 1680 769 vero
1723 720 1877 784 perci-

120 797 285 861 piens²
303 797 462 846 solum
481 799 705 847 sensibile
726 801 815 847 sibi
834 800 1182 859 immediatum,
1203 801 1348 849 habet
1367 801 1617 864 multiplex
1638 802 1876 860 sensibile,

25 861 37 945 Ἰ
119 879 340 929 videlicet
374 880 570 943 objecta
605 882 719 928 satis
756 882 1050 944 multiplicia,
1098 883 1218 931 sicut
1241 892 1426 945 gustus,
1465 899 1674 946 quorum
1716 883 1876 931 differ-

117 961 274 1011 entias
309 969 357 1010 et
392 961 684 1025 quidditates
721 978 834 1010 cum
871 964 1175 1012 sensibilibus
1211 972 1259 1012 et
1290 966 1388 1014 suis
1422 966 1631 1027 organiS‚
1658 965 1877 1030 relinquo

118 1043 420 1107 philosophis
444 1044 790 1107 particulariter
815 1045 1190 1107 pertractandas.

841 1226 998 1276 CAP.
1038 1229 1152 1277 VII.

780 1329 857 1378 De
878 1332 1221 1379 sen-rationibus.

187 1423 416 1474 Pseustis.
487 1425 638 1474 Istam
678 1427 930 1475 materiam
971 1427 1090 1475 nec³
1125 1436 1300 1476 tractas
1339 1427 1677 1491 philosophice
1719 1442 1879 1490 neque

119 1506 309 1567 fundaS‚
345 1508 447 1556 imo
484 1505 778 1557 difficultas⁴.
850 1509 1024 1558 Utrum
1067 1511 1254 1558 autem⁵
1296 1511 1596 1558 sensationes
1638 1510 1758 1558 fiunt
1794 1525 1881 1572 per

121 1590 517 1638 extramissiones
558 1591 786 1638 virtutum
828 1593 890 1639 ab
933 1593 1144 1654 organis,
1195 1607 1307 1640 cum
1356 1592 1458 1640 aliis
1506 1592 1878 1650 difficultatibuS,

116 1672 472 1735 praetermittis,
500 1673 621 1721 sicut
653 1674 785 1735 prius
811 1674 1108 1736 pertransisti
1118 1675 1149 1732 ⁶,
1174 1674 1363 1721 utrum⁷
1385 1674 1501 1721 illud
1523 1675 1720 1722 brutum
1745 1674 1879 1736 quod

118 1753 272 1802 homo
297 1755 434 1817 gerit,
460 1762 695 1818 tanquam
719 1755 866 1803 altera
890 1756 995 1818 ejus
1022 1771 1135 1818 pars
1167 1753 1482 1818 qualitativa⁸,
1510 1757 1569 1803 sit
1601 1756 1878 1804 beatifican-

119 1835 240 1884 dum
263 1844 311 1884 et
335 1850 451 1890 cum
474 1836 675 1884 homine
700 1836 1015 1885 conformiter
1039 1838 1297 1899 figuratum
1322 1845 1370 1885 et
1393 1834 1757 1900 glorificatum⁹.

185 1917 458 1967 Phronesztv.
527 1918 704 1967 Fateor
737 1919 870 1982 quod
905 1919 1081 1967 multas
1115 1919 1417 1967 difficultates
1449 1920 1500 1966 in
1532 1919 1634 1967 istis
1666 1927 1878 1982 praeter-

117 2001 226 2050 misi
234 2000 284 2060 ¹⁰,
303 2008 408 2049 tum
426 2001 541 2064 quia
558 2000 696 2050 locus
713 2016 816 2049 non
834 2002 982 2064 exigit
1001 2009 1256 2049 tractatum
1275 2002 1341 2050 ita
1360 2001 1605 2060 diffusum,
1625 2017 1738 2049 cum
1762 2010 1878 2050 tunc

118 2083 320 2146 quilibet
359 2090 571 2147 punctus
613 2098 762 2146 quem
804 2084 1064 2146 tangimuS,
1106 2092 1362 2132 tractatum
1404 2091 1628 2131 nostrum
1676 2084 1880 2131 finaliter

116 2165 408 2225 terminaret,
433 2173 538 2213 tum
562 2166 707 2214 etiam
738 2167 852 2229 quia
876 2166 927 2213 in
963 2166 1052 2214 ista
1086 2167 1289 2214 materia
1324 2173 1373 2214 et
1408 2167 1595 2214 cunctis
1631 2166 1734 2215 aliis
1772 2181 1880 2214 sum

116 2247 353 2310 ignorans
377 2246 585 2310 amplius
609 2263 758 2310 quam
783 2262 1108 2310 cognoscens.
1180 2247 1433 2307 Quantum
1467 2256 1634 2296 tamen
1658 2249 1722 2296 ad
1755 2248 1879 2296 diffi-

117 2327 389 2378 cultatem¹¹
424 2343 573 2394 quam
612 2330 786 2392 tangis,
825 2338 971 2378 teneo
1014 2345 1128 2378 cum
1165 2330 1446 2393 Augustino,
1481 2329 1804 2377 Lz‘ncolnz'ensz'
1833 2338 1880 2378 et

62 2535 64 2537 ,
117 2492 180 2542 ab
215 2491 463 2555 organo¹³,
489 2501 536 2540 et
561 2508 650 2556 per
672 2493 802 2541 intus
826 2491 1233 2556 susceptionem³⁴
1266 2493 1445 2555 speciei
1470 2493 1520 2539 in
1546 2508 1735 2555 organo
1769 2508 1879 2541 sen-

117 2574 271 2636 tiendi
281 2573 333 2622 ¹⁶.
395 2573 722 2623 Secundum¹⁶
739 2589 854 2623 vero
873 2575 1078 2622 istorum
1097 2582 1171 2622 est
1189 2574 1423 2636 patulum,
1450 2589 1562 2622 cum
1589 2575 1712 2622 sicut
1736 2589 1879 2636 orga-

117 2671 238 2704 num
261 2655 446 2715 virtutis
462 2656 638 2704 visivae
658 2656 824 2718 recipit
842 2656 1008 2704 lumen
1026 2655 1101 2703 vel
1127 2656 1340 2718 speciem
1348 2655 1386 2681 ¹⁷
1404 2655 1582 2703 coloris
1602 2656 1663 2702 ab
1683 2655 1878 2718 objecto

18 2756 30 2786 ,·
117 2737 345 2796 sensibili,
383 2738 452 2787 sic
488 2752 675 2801 organa
709 2737 912 2785 aliorum
950 2752 1180 2785 sensuum
1217 2737 1404 2798 species
1440 2737 1502 2784 ab
1538 2737 1744 2799 objectis
1781 2738 1880 2784 suis

115 2820 367 2885 recipiunt.
438 2818 503 2867 Et
526 2820 576 2867 in
601 2820 759 2882 primo
785 2826 856 2866 est
882 2833 1014 2866 error
1039 2818 1278 2876 notabilis,
1304 2833 1415 2865 cum
1446 2817 1645 2879 quidam
1678 2817 1880 2880 grossi¹⁸
1929 2827 1935 2833 ¹

117 2902 414 2971 concipiunt,
439 2900 574 2965 quod
611 2902 822 2948 a⁴sensu
859 2901 957 2948 exit
981 2901 1127 2948 virtus
1165 2915 1276 2948 cum
1313 2914 1519 2962 corpore
1556 2898 1663 2947 de¹⁹
1688 2914 1879 2962 organo

172 3003 187 3028 ¹
216 3003 288 3058 sit]
309 3002 369 3050 fit,
389 3002 453 3044 ed.
473 3016 535 3056 pr.
647 3002 663 3025 ²
691 3001 938 3055 percipiens]
962 3002 1210 3054 pertingens,
1231 3000 1335 3041 Α.Β.
1473 3000 1487 3023 ³
1514 2999 1608 3053 nec]
1631 3013 1712 3040 om.
1733 3000 1797 3040 ed.
1818 3014 1880 3054 pr.

115 3056 133 3083 ⁰
159 3057 378 3100 difficultas
410 3059 455 3110 (a
484 3058 611 3098 verbo
644 3057 803 3098 mediae
834 3056 1050 3096 latinitatis
1086 3054 1367 3106 difficultare)]
1407 3054 1677 3101 difficultates,
1716 3056 1779 3095 ed.
1818 3069 1879 3108 pr.

115 3111 133 3137 ⁸
158 3112 319 3166 autem]
341 3124 424 3152 om.
445 3112 508 3153 ed.
529 3125 590 3165 pr.
757 3111 773 3148 9
801 3110 1077 3164 pertransisti]
1098 3110 1418 3163 praetermisisti,
1438 3110 1500 3149 ed.
1521 3123 1582 3162 pr.
1694 3109 1710 3132 ⁷
1739 3116 1878 3149 utrum

117 3165 240 3221 illud]
259 3166 419 3207 videtur
437 3167 562 3207 etiam
582 3165 693 3220 quod
711 3165 826 3211 illud,
843 3166 945 3205 Α.Β.
1058 3166 1073 3188 ⁸
1102 3178 1196 3218 pars
1212 3163 1469 3217 qualitativa]
1486 3176 1581 3216 pars
1598 3164 1880 3216 quidditativa,

117 3220 170 3263 ed
188 3234 274 3276 pr.;
303 3234 386 3261 om.
407 3221 562 3261 A.B.C.
739 3220 755 3244 ⁹
783 3226 824 3260 et
845 3219 1139 3272 glorificatum]
1162 3232 1244 3259 om.
1268 3219 1322 3257 D.
1343 3219 1404 3259 ed.
1425 3231 1487 3270 pr.
1671 3218 1702 3241 ¹⁰
1729 3219 1772 3258 in
1791 3218 1880 3258 istis

116 3275 389 3330 praetermisi]
405 3275 550 3316 inistis
564 3274 871 3328 praetermissis,
886 3275 1008 3321 A.B.;
1040 3274 1167 3326 gratis
1186 3273 1451 3326 praetermisi,
1470 3273 1516 3312 C.
1533 3272 1691 3324 primae
1708 3285 1878 3319 manus;

115 3330 244 3409 guttis
262 3330 490 3383 pertransii,
510 3330 574 3370 ed.
594 3343 656 3383 pr.
809 3329 838 3352 ¹²
866 3328 1170 3380 difficultatem]
1193 3326 1474 3367 difficultatem
1493 3326 1700 3372 materiae,
1721 3327 1877 3368 A.B.C.

112 3395 116 3399 ·
175 3383 240 3439 fit]
258 3384 324 3431 sit,
345 3383 409 3425 ed.
429 3397 480 3438 pr
500 3414 510 3424 .
544 3396 549 3399 ·
733 3382 763 3407 ¹³
790 3383 952 3424 virtutis
971 3384 1024 3423 ab
1045 3382 1220 3435 organo]
1243 3381 1393 3421 visivae
1411 3381 1572 3420 virtutis
1592 3380 1794 3421 interioris
1823 3381 1878 3421 ab

117 3434 289 3493 organo,
309 3439 374 3479 ed.
393 3452 480 3493 pr.;
519 3437 896 3491 visivae—organo,
914 3451 996 3477 om.
1019 3437 1122 3476 Α.Β.
1266 3436 1295 3459 ¹¹
1323 3435 1646 3488 susceptionem]
1669 3447 1877 3488 resuscep-

116 3493 284 3539 tionem‚
304 3492 368 3534 ed.
386 3501 450 3546 pr.
577 3493 605 3516 ¹⁵
633 3491 853 3544 sentiendi]
874 3491 1090 3537 sensibilis,
1110 3490 1203 3530 add.
1219 3490 1283 3530 ed.
1304 3502 1364 3542 pr.
1490 3489 1521 3513 ¹⁶
1549 3489 1802 3542 Secundum]
1824 3490 1879 3530 ad

117 3547 354 3595 secundum,
375 3546 480 3588 Α.Β.
664 3546 693 3570 ¹⁷
722 3547 786 3587 vel
807 3546 1005 3600 speciem]
1027 3545 1182 3598 species
1202 3557 1301 3590 esse,
1323 3545 1375 3585 A.
1488 3544 1517 3567 ¹⁸
1546 3543 1698 3597 grossi]
1720 3557 1875 3598 grosse,

116 3601 179 3643 ed.
200 3614 260 3654 pr.
428 3602 459 3625 ¹⁹
486 3600 558 3654 de]
579 3607 632 3648 et,
654 3601 807 3641 A.B.C.

184 3685 483 3721 TRIALOGUS.
987 3684 1023 3716 H
1536 3700 1560 3718 s

2023 431 2093 487 97

39 2436 41 2439 -
119 2410 307 2470 ceteriS,
342 2410 477 2475 quod
511 2409 608 2458 fit1²
643 2411 857 2459 sensatio
889 2412 1079 2459 mixtim
1111 2427 1199 2474 per
1231 2411 1658 2460 extramissionem
1695 2411 1879 2459 virtutis
1939 2428 1958 2447 0
1983 2429 2000 2448 e
2049 2429 2063 2448 s
