2436 4094
333 441 432 509 158

994 439 1422 504 JOANNIS
1489 441 1836 492 WICLIF
2146 461 2308 492 uam.

1300 752 1444 802 CAP
1480 754 1568 802 IX.

1046 876 1122 926 De
1144 882 1302 940 septem
1317 879 1513 940 peccatis
1535 878 1821 940 capitalibus.

623 998 828 1048 Alz'tbz'a.
898 999 1045 1063 Rogo
1093 1009 1153 1058 te,
1201 1001 1268 1048 mi
1313 1000 1457 1049 frater
1502 1000 1779 1058 PhronesiS‚
1827 998 2100 1048 continere¹
2147 1007 2195 1048 te
2244 998 2306 1048 de

556 1089 715 1129 cetero
741 1082 803 1128 ab
827 1082 917 1131 ista
939 1083 1138 1130 materia
1151 1099 1163 1142 ;
1205 1091 1250 1130 et
1275 1084 1314 1131 si
1338 1082 1542 1130 volueris
1565 1098 1652 1145 per
1675 1082 1896 1130 ordinem
1915 1081 1976 1130 ad
1995 1081 2301 1131 tractandum

555 1163 616 1211 de
640 1171 826 1225 septem
858 1165 1069 1227 peccatis
1102 1165 1383 1227 capitalibus
1408 1164 1744 1226 procedamuS,
1770 1172 1818 1212 et
1841 1179 1902 1212 ex
1926 1178 2024 1226 qua
2055 1163 2218 1212 radice
2253 1163 2306 1211 in

554 1252 688 1293 tanto
715 1260 919 1294 numero
946 1254 994 1294 et
1018 1246 1189 1294 ordine
1215 1253 1326 1294 sunt
1349 1245 1595 1308 ponenda.

620 1325 891 1374 Phroneszlv.
977 1326 1234 1375 Tractatus
1280 1327 1415 1375 istius
1463 1326 1645 1375 articuli
1692 1324 2022 1374 confundebat
2068 1325 2303 1388 plurimos

554 1409 810 1471 sapientes,
837 1416 885 1456 et
909 1408 1132 1456 vivacitas
1157 1408 1355 1456 rationis
1379 1408 1488 1471 plus
1521 1407 1697 1456 sciolos
1731 1408 2072 1455 consternebat
2082 1406 2113 1464 ²,
2139 1414 2193 1454 ut
2218 1407 2306 1454 do-

556 1489 717 1537 minus
757 1488 1147 1537 Ardmachanus³
1189 1489 1317 1547 dicit,
1362 1504 1414 1538 se
1455 1504 1546 1551 pro
1589 1489 1831 1537 solutione
1873 1487 1997 1536 illius
2040 1487 2307 1536 evidentiae

559 1570 726 1632 viginti
746 1572 884 1619 annis
911 1571 1149 1619 studuisse
1173 1571 1396 1628 vicissim,
1427 1571 1466 1619 si
1491 1570 1710 1619 Christus
1742 1569 2046 1632 prophetavit
2078 1569 2153 1617 vel
2177 1583 2308 1617 asse-

554 1652 645 1698 ruit
676 1651 772 1699 hoc
797 1667 904 1699 esse
929 1659 1196 1709 venturum,
1222 1651 1319 1699 hoc
1343 1658 1417 1699 est
1440 1650 1514 1699 vel
1538 1650 1626 1698 fuit
1650 1650 1725 1698 vel
1748 1651 1835 1697 erit
1849 1666 1862 1709 3
1901 1649 1989 1698 sed
2013 1648 2307 1698 antecedens

555 1740 626 1779 est
651 1733 988 1790 necessarium,
1015 1747 1131 1793 ergo
1158 1746 1478 1794 consequens.
1549 1730 1669 1778 Non
1693 1731 1824 1778 enirn
1851 1731 2068 1793 subjacet
2091 1730 2305 1779 hominis
2365 1781 2370 1786 ,

556 1813 780 1874 potestati
804 1813 878 1859 vel
901 1813 1127 1874 potestati
1161 1820 1417 1870 creaturae,
1445 1813 1564 1874 quin
1598 1811 1817 1860 Christus
1849 1811 1963 1859 talia
1992 1811 2144 1859 multa
2175 1826 2306 1859 asse-

555 1893 646 1940 ruit
659 1909 671 1952 ;
710 1908 800 1941 nec
820 1893 1034 1950 assertio,
1056 1892 1323 1950 credulitas,
1343 1893 1417 1940 vel
1442 1893 1612 1940 electio
1638 1901 1773 1940 actus
1805 1892 1995 1940 animae
2020 1891 2197 1941 Christi
2220 1906 2308 1957 per
2376 1916 2378 1918 >

554 1973 780 2021 accidens
821 1981 894 2021 est
935 1959 1215 2036 hujusmodi
1231 1989 1243 2032 ;
1297 1973 1410 2020 ideo
1453 1974 1575 2020 sicut
1616 1972 1892 2020 necessario
1936 1971 2154 2021 Christus
2190 1972 2306 2020 illud
2343 2009 2347 2012 .

555 2055 767 2112 asseruit,
806 2054 872 2101 ita
906 2055 1181 2102 necessario
1222 2054 1340 2102 illud
1380 2055 1582 2112 eueniet,
1619 2053 1812 2111 evenit4,
1849 2052 1923 2100 vel
1958 2054 2126 2105 evenit.
2198 2051 2307 2100 Nec

555 2135 643 2182 scit
666 2136 755 2182 iste
781 2134 951 2182 doctor
983 2135 1126 2182 istam
1149 2135 1386 2182 rationem
1418 2135 1467 2181 in
1492 2134 1588 2181 fine
1620 2134 1823 2181 evadere
1847 2134 1938 2182 nisi
1971 2133 2305 2190 concedendo,

554 2216 688 2278 quod
724 2216 941 2264 Christus
967 2231 1148 2264 errasse
1184 2217 1340 2278 potuit
1376 2224 1423 2263 et
1458 2216 1713 2263 ecclesiam
1749 2215 2025 2278 decepisse;
2075 2216 2163 2264 sed
2197 2216 2306 2278 quis

553 2297 816 2345 catholicus
852 2298 943 2345 ista
978 2297 1136 2344 dicet?
1205 2297 1331 2344 Item
1368 2297 1408 2344 si
1431 2297 1566 2344 Deus
1591 2296 1923 2344 determinavit
1957 2297 2054 2345 hoc
2087 2296 2192 2345 fore
2223 2296 2298 2344 vel

553 2394 655 2426 non
679 2378 822 2437 fore⁵‚
842 2379 909 2426 ita
932 2379 1033 2436 erit,
1055 2378 1371 2426 extendamus
1395 2386 1602 2440 tempus,
1623 2385 1670 2425 et
1695 2379 1762 2425 sic
1787 2385 1919 2440 patet
1937 2380 2298 2440 consequentia.

555 2459 651 2506 Sed
674 2474 966 2521 quocunque
991 2458 1151 2507 futuro
1185 2459 1375 2521 signato
1407 2467 1518 2506 ante
1543 2458 1713 2506 mundi
1747 2458 2143 2507 constitutionem
2166 2458 2304 2508 Deus

552 2540 883 2587 determinavit
911 2540 1008 2588 hoc
1041 2540 1144 2587 fore
1180 2540 1253 2587 vel
1278 2555 1379 2587 non
1404 2539 1548 2597 fore⁶,
1573 2554 1692 2601 ergo
1725 2539 1820 2587 hoc
1853 2540 1954 2598 erit,
1981 2548 2161 2602 quanta
2185 2556 2304 2603 ergo

554 2629 624 2669 est
660 2621 923 2668 necessitas
961 2623 1010 2669 in
1047 2620 1379 2678 antecedente,
1407 2628 1542 2668 tanta
1579 2620 1690 2668 erit⁷
1714 2610 1978 2668 necessitas
2013 2621 2064 2668 in
2086 2621 2306 2670 veritate⁸

553 2709 896 2763 consequente.
969 2700 1106 2759 Quis,
1126 2715 1262 2764 rogo,
1282 2701 1466 2763 potest⁹
1484 2701 1644 2748 facere
1665 2701 1739 2748 vel
1763 2697 2012 2763 impedire,
2032 2702 2150 2763 quin
2168 2701 2305 2749 Deus

499 2771 508 2775 Α
551 2782 885 2830 determinavit
919 2782 1014 2829 hoc
1051 2790 1161 2830 ante
1197 2782 1366 2829 mundi
1403 2782 1831 2830 constitutionem?
1891 2781 2145 2844 Numquid
2173 2797 2304 2831 crea-

550 2872 655 2912 tura
699 2871 860 2926 potest
906 2863 1140 2926 impedire
1187 2862 1282 2910 Dei
1330 2862 1860 2911 determinationemw?
1930 2862 1994 2910 Et
2038 2870 2093 2911 ut
2139 2864 2304 2926 sophi-

550 2952 651 2992 stae
688 2943 976 3000 concedunt‚
1015 2944 1262 2991 veritatem
1298 2951 1543 2991 aeternam
1578 2943 1923 3005 procedentem
1963 2959 2024 2991 ex
2059 2943 2154 2992 Dei
2190 2959 2302 3007 pro-

548 3026 709 3087 posito
735 3025 892 3072 facere
928 3024 1061 3087 quod
1099 3039 1200 3072 non
1233 3024 1331 3081 erit,
1358 3039 1415 3072 ac
1448 3024 1486 3072 si
1521 3025 1583 3071 ab
1616 3024 1706 3071 illis
1737 3023 2064 3086 procederet¹¹
2089 3025 2303 3072 divinum

549 3106 853 3169 propositum
892 3113 940 3153 et
974 3106 1147 3153 veritas
1188 3112 1396 3162 aeterna,
1433 3118 1581 3166 quam
1617 3103 1751 3152 Deus
1788 3105 1894 3166 ipse
1928 3120 2016 3167 per
2051 3119 2104 3153 se
2145 3104 2302 3153 solum

603 3248 616 3271 ¹
646 3245 876 3299 continere]
899 3246 1075 3291 contine,
1097 3245 1200 3285 A.B.
1220 3245 1377 3297 primae
1400 3258 1561 3291 manus,
1582 3246 1631 3286 C.
1828 3245 1846 3268 ²
1875 3245 2181 3298 consternebat]
2199 3259 2300 3290 con-

550 3302 770 3346 sternabat,
785 3301 839 3341 D.
961 3300 976 3323 ³
1005 3299 1339 3351 Ardmachanus]
1356 3299 1631 3345 Armokanus‚
1646 3298 1694 3339 B.
1707 3299 1770 3339 ed.
1785 3312 1847 3351 pr.
1861 3299 1887 3339 i.
1897 3312 1932 3339 e.
1949 3300 2176 3340 Richardus
2190 3300 2298 3339 Fitz-

551 3354 699 3406 Ralph,
719 3354 1049 3406 archiepiscopus
1069 3353 1303 3406 provinciae
1322 3355 1578 3393 Armacanae
1597 3354 1640 3392 in
1662 3354 1876 3393 Hibernia.
2095 3352 2111 3376 ⁴
2139 3354 2296 3406 evenit]

551 3421 632 3447 om.
655 3409 700 3446 B.
721 3408 877 3460 primae
891 3421 1050 3453 manus,
1070 3407 1133 3447 ed.
1153 3420 1215 3459 pr.
1400 3407 1416 3430 ⁵
1443 3406 1508 3446 vel
1527 3420 1611 3446 non
1630 3407 1737 3459 fore]
1759 3420 1840 3447 orn.
1861 3406 1924 3447 ed.
1945 3419 2006 3458 pr.
2190 3408 2206 3430 ⁶
2233 3407 2298 3447 vel

551 3474 633 3499 non
652 3461 758 3512 fore]
780 3475 862 3500 om.
884 3462 938 3500 D.
959 3462 1022 3501 ed.
1043 3474 1104 3514 pr.
1268 3460 1284 3483 ⁷
1311 3460 1406 3512 erit]
1429 3467 1502 3506 est,
1524 3461 1579 3499 D.
1600 3460 1664 3501 ed.
1684 3474 1746 3513 pr.
1941 3461 1957 3483 ⁸
1984 3459 2175 3511 veritate]
2196 3461 2299 3500 ven‘-

551 3515 657 3558 tatis,
679 3515 777 3554 B.C.
798 3515 861 3554 ed.
882 3528 943 3566 pr.
1109 3515 1124 3538 ⁹
1152 3514 1308 3566 potest]
1329 3515 1493 3565 poterit,
1514 3516 1577 3554 ed.
1597 3528 1658 3566 pr.
1836 3514 1868 3537 ¹⁰
1895 3513 2294 3565 determinationem]

553 3568 891 3614 terminationem,
914 3569 965 3607 A.
1079 3568 1107 3592 ¹¹
1136 3568 1392 3620 procederet]
1414 3569 1620 3620 penderet,
1642 3569 1704 3612 C..
1722 3567 1768 3606 B.
1789 3567 1943 3621 primae
1962 3580 2120 3612 manus,
2140 3567 2202 3607 ed.
2223 3580 2284 3620 pr.
