2424 4120
0 398 1 411 2
70 342 229 459 {ma
292 382 1104 437 SUPPLEMENTUM
1152 389 1261 438 TR
1279 389 1441 439 JAJ.
1465 390 1643 442 OGJ.

59 516 72 538 '³
93 523 263 577 fratres
286 526 347 577 de
371 527 534 590 regnis
559 526 781 590 spoliant,
807 527 870 576 ad
894 526 1280 579 aedificationem
1308 531 1569 580 domorum
1593 532 1852 582 humilium

91 608 387 675 pauperibus
421 607 516 658 sint
549 607 812 671 dispersae.
882 609 946 657 Et
981 610 1050 658 sic
1089 614 1479 663 monstruositate
1519 615 1850 664 aedificiorum

59 743 61 747 Α
91 688 292 741 fiatmm
314 704 467 754 regna
489 689 813 753 multipliciter
836 690 1161 754 deturpantur.

67 771 71 786 ³
159 769 415 831 Quantum
459 771 524 820 ad
567 772 810 820 secundam
855 781 1043 834 partem
1090 774 1318 835 argutiae,
1365 783 1496 838 patet
1543 772 1697 840 quod
1726 778 1849 826 vitae

88 853 319 904 sanctitas
357 851 559 902 fundata
594 853 646 901 in
686 853 794 916 lege
828 852 1031 901 Domini
1074 853 1330 903 efficaciter
1369 862 1477 904 orat
1513 873 1603 921 pro
1647 859 1848 922 popu10‚

59 947 63 975 ὲ
88 933 173 984 ubi
195 933 446 1002 infundata
468 934 657 983 novitas
689 942 834 983 nocet
857 935 936 985 illi.
1005 934 1069 983 Et
1093 936 1161 984 sic
1186 936 1379 986 modica
1411 946 1458 986 et
1490 939 1638 988 libera
1658 942 1850 1003 praedi-

74 1016 207 1065 ἰωἰο
229 1015 537 1065 sacerdotum
561 1016 775 1065 fidelium
800 1016 956 1080 magis
989 1017 1245 1079 prodesset
1277 1019 1510 1069 ecclesiae
1536 1036 1684 1084 quam
1710 1030 1851 1085 quot-

68 1136 75 1151 7.
88 1109 282 1160 cunque
305 1097 692 1161 praedicationes
716 1098 881 1146 talium
905 1098 1117 1156 fratrum,
1144 1099 1194 1146 in
1218 1100 1394 1162 quibus
1423 1102 1623 1150 verbum
1646 1103 1742 1152 Dei
1777 1111 1851 1152 est

86 1178 422 1238 fldulteratum,
462 1180 584 1229 sicut
623 1180 675 1228 in
709 1179 980 1243 praesentia
1019 1180 1135 1228 illud
1173 1180 1322 1230 modo
1361 1197 1622 1245 possumus
1663 1185 1849 1233 intueri.

54 1258 176 1311 2125
205 1269 370 1310 autem
401 1261 584 1320 fratres,
610 1270 847 1325 quantum
880 1262 1134 1321 sufficiunt,
1159 1263 1428 1325 impediunt
1451 1266 1651 1313 verbum
1684 1267 1852 1316 istud¹.

55 1398 57 1402 Α
86 1340 154 1392 Et
176 1351 412 1406 quantum
436 1343 499 1392 ad
521 1344 704 1402 mimas,
724 1351 870 1407 patet,
891 1343 1027 1407 quod
1051 1359 1221 1392 eorum
1240 1345 1453 1394 haeresis
1479 1347 1541 1395 de
1565 1347 1852 1396 eucharistia

47 1429 62 1490 J
87 1433 123 1474 Β
150 1423 374 1474 fratribus
406 1425 705 1488 singulariter
739 1425 1013 1474 introducta
1048 1426 1195 1474 irritat
1231 1427 1458 1475 nimirum
1493 1427 1767 1477 Dominum
1802 1438 1850 1479 et

11 1561 14 1564 Δ
88 1504 295 1570 impedit
319 1506 383 1555 ad
401 1507 686 1571 juvandum.

154 1586 220 1637 Et
243 1588 313 1642 sic
336 1588 386 1636 in
417 1589 568 1638 tribus
601 1589 871 1653 specialiter
894 1589 970 1638 isti
1002 1589 1361 1653 pseudofratres
1377 1589 1561 1655 juvant
1593 1592 1848 1642 dominum
1904 1617 1962 1669 nos

44 1688 46 1691 ’
87 1669 256 1719 ιιιιιιιι2
294 1670 637 1730 antichristum,
663 1672 822 1734 primo
859 1672 910 1719 in
949 1671 1044 1719 hoc
1080 1672 1215 1734 quod
1251 1673 1416 1736 spoliis
1453 1674 1552 1722 suis
1587 1674 1847 1724 latentibus
1903 1685 1942 1737 {g

86 1750 421 1816 depauperant
441 1768 594 1816 regna
625 1761 672 1802 et
708 1754 936 1802 dominos
967 1754 1207 1802 seculares
1220 1770 1234 1814 3
1277 1755 1468 1802 secundo
1500 1755 1550 1802 in
1573 1755 1682 1814 hoc,
1711 1757 1846 1819 quod
1903 1785 1921 1806 0

37 1816 51 1873 s
87 1832 476 1883 'confessionibus
508 1835 622 1893 suis,
656 1835 1011 1884 adulationibus
1044 1843 1189 1898 atque
1221 1835 1489 1884 mendaciis
1521 1836 1725 1885 illudunt
1756 1853 1847 1900 po-

86 1913 220 1981 pu10‚
244 1922 293 1964 et
314 1916 654 1965 necessitatem
679 1916 976 1965 defensionis
1001 1916 1262 1965 antichristi
1294 1917 1345 1965 in
1377 1918 1562 1981 populo
1595 1921 1848 1981 praeconi-

29 2013 57 2066 ᾗ
88 1995 249 2057 snnt⁸;
285 2004 333 2046 et
354 1999 488 2046 tertio
509 1998 561 2047 in
583 1997 695 2058 hoe,
721 1998 856 2062 quod
880 1998 978 2047 suis
1009 1998 1275 2047 mendaciis
1308 1999 1498 2062 fingunt
1531 2000 1775 2060 miracula,
1802 2008 1850 2049 et

85 2085 379 2143 potestatem
418 2080 570 2144 patris
610 2080 684 2129 sui
725 2080 1062 2144 blasphemam
1098 2081 1149 2128 in
1190 2081 1576 2130 absolutionibus
1618 2098 1647 2131 a
1687 2098 1851 2146 poena

86 2166 137 2209 et
175 2175 208 2209 a
246 2160 418 2225 culpa*
457 2169 505 2210 et
546 2163 763 2211 censuris
804 2163 1021 2211 terrificis
1068 2163 1119 2210 in
1167 2163 1467 2212 adversarios
1514 2164 1847 2214 sublimandis.

43 2237 61 2284 ’.
88 2238 222 2302 Quia
253 2242 387 2291 enim
417 2242 592 2292 desunt
623 2243 739 2292 illis⁶
762 2259 912 2307 opera
944 2245 1202 2303 sensibilia,
1227 2246 1373 2293 etiam
1404 2247 1538 2294 bona
1570 2246 1632 2295 de
1655 2263 1848 2310 genere,

82 2322 436 2387 finguntquod
457 2325 510 2372 in
533 2339 622 2374 sua
645 2326 1011 2374 consecratione
1035 2323 1243 2375 faciunt⁶
1266 2327 1603 2376 insensibiliter
1621 2330 1851 2378 miracula

85 2417 118 2454 ι
156 2405 329 2454 mundi
369 2406 575 2454 exordio
620 2405 849 2464 inaudita,
893 2415 941 2455 et
983 2406 1201 2455 Christus
1249 2409 1562 2457 necessitatur
1603 2425 1715 2458 cum
1762 2411 1850 2459 illis

3 2476 5 2478 ’
36 2524 38 2526 ψ
85 2500 390 2546 concurrere,
427 2487 548 2536 sicut
588 2488 869 2551 regulariter
910 2503 1023 2536 cum
1068 2488 1158 2537 illis
1201 2489 1386 2552 pepigit
1421 2489 1484 2538 ad
1518 2490 1630 2539 talia
1670 2491 1850 2540 infruc-

1 2606 6 2612 .
32 2600 35 2614 -,
86 2575 230 2619 mosa
251 2569 484 2618 miracula
506 2569 798 2619 faciendum.
855 2569 919 2618 Et
941 2585 1106 2618 revera
1129 2586 1233 2619 non
1257 2571 1365 2633 plus
1388 2579 1593 2635 prosunt
1615 2573 1847 2621 ecclesiae

28 2669 34 2679 ³
73 2650 200 2705 talia
232 2651 463 2701 miracula
498 2667 647 2716 quam
682 2652 962 2716 hujusmodi
998 2652 1368 2716 pseudofratres.
1439 2653 1504 2702 Et
1539 2654 1607 2702 sic
1641 2669 1848 2717 regnum

3 2745 26 2753 ··
85 2730 336 2782 coelorum
359 2749 447 2797 per
469 2733 615 2783 istos⁷
636 2733 996 2797 pseudofratres
1020 2749 1123 2782 non
1146 2734 1438 2783 multitudini
1463 2734 1847 2784 Christianorum

24 2821 34 2879 s
86 2816 360 2881 acquiritur,
396 2817 487 2866 sed
521 2832 583 2866 ex
618 2832 863 2866 consensu
897 2816 1148 2880 multiplici
1182 2816 1337 2865 fraudi
1368 2832 1539 2866 eorum
1563 2817 1847 2867 Christianis

3 2924 35 2954 7:-
83 2897 308 2948 ffluditur.
375 2895 525 2948 Unde
567 2899 619 2947 in
657 2899 827 2948 ultimo
869 2913 965 2946 suo
1001 2898 1210 2947 concilio
1250 2907 1403 2948 terrae
1440 2907 1618 2959 motuS,
1653 2901 1705 2948 in
1746 2915 1846 2963 quo

23 2970 32 3007 ἶ
83 2979 352 3043 illudebant
393 2966 613 3045 episcopi
655 2979 902 3029 Christum
936 2979 1209 3028 Dominum
1250 2988 1470 3029 nostrum
1504 2981 1579 3029 vel
1613 2982 1846 3030 membris

1988 403 2097 459 445

1909 787 1968 816 Dei
1969 788 2032 816 nde
2014 796 2094 816 eme
2095 789 2161 816 ndi·

1907 823 1990 850 canti
1981 830 2161 884 iutnprtsslces

1907 864 1982 896 prae
1964 856 2032 883 eicd
2034 857 2096 883 aiot

1907 890 1964 917 ιιιί5
1949 890 2068 918 sasho
2050 890 2131 917 oimn

1907 924 1996 951 busa
1978 924 2159 959 adjumento

1907 965 1985 986 esse.

1903 2832 2069 2866 explicans.

1903 2866 2141 2894 mendicantium

1901 2899 2011 2928 fraude
2023 2901 2120 2928 multi-

1902 2933 1974 2968 plici
1987 2934 2112 2962 Christi-

1901 2975 1978 2996 anos
1985 2968 2076 2997 illudi.

34 3057 42 3112 ζ’
84 3061 188 3139 Quis
209 3062 548 3127 triumphantis
579 3059 851 3121 ecclesiae8,
877 3070 1108 3125 tanquam
1139 3062 1435 3111 haereticum
1467 3062 1846 3112 condemnando
1904 3067 1909 3074 '

20 3141 39 3188 st
76 3158 254 3209 tregem
288 3143 510 3195 nostrum
545 3153 595 3194 et
628 3145 734 3210 ejus
757 3159 996 3209 procereS,
1030 3152 1078 3193 et
1113 3160 1200 3208 per
1234 3159 1540 3208 consequens
1572 3145 1845 3194 communi-

146 3321 163 3347 ¹
191 3320 424 3375 impediunt
441 3321 613 3363 verbum
631 3321 760 3374 istud]
781 3321 892 3362 istud
909 3321 1080 3363 verbum
1100 3321 1342 3374 impediunt,
1362 3321 1495 3362 a.b.C.
1672 3319 1690 3345 ²
1715 3320 1845 3362 domi-

35 3410 38 3415 .
87 3388 190 3418 num
209 3375 349 3430 suum]
370 3389 489 3417 suum
506 3376 734 3425 dominum,
753 3390 791 3417 a.
793 3377 835 3417 b.
838 3377 888 3418 C.
1069 3377 1084 3399 ³
1111 3375 1418 3428 praeconisant]
1439 3379 1774 3428 praeterversant‚
1795 3377 1846 3418 C.

88 3428 107 3455 ⁴
130 3443 158 3472 a
175 3429 318 3484 culpa]
337 3443 376 3477 a,
395 3443 478 3471 om.
498 3444 535 3471 a.
537 3431 579 3470 b.
582 3431 632 3472 C.
852 3430 998 3483 ⁶i11is]
1018 3443 1100 3471 om.
1122 3430 1175 3470 A.
1370 3430 1387 3454 ⁶
1414 3429 1588 3483 faciunt]
1610 3430 1774 3476 faciant,
1793 3431 1845 3472 C.

131 3484 344 3549 pei-istos]
365 3497 439 3579 ff
456 3484 558 3526 istos
575 3497 660 3538 per,
681 3485 731 3527 C.
1019 3486 1034 3508 ⁸
1062 3484 1232 3525 verbum
1252 3490 1262 3506 ‘
1275 3483 1457 3526 illudere’
1476 3484 1611 3539 primo
1631 3497 1726 3526 cum
1744 3485 1846 3527 Ace.

45 3595 51 3597 „
89 3497 238 3581 demde
256 3551 350 3581 cum
439 3543 468 3579 t.
489 3545 782 3581 constructum.
812 3559 814 3561 >
