2436 4094
358 451 380 510 Γ1
396 450 464 503 30

271 2374 403 2403 Habitus
416 2383 511 2402 mora—

267 2408 302 2434 lis
316 2408 512 2444 distinguitur

267 2450 283 2468 a
290 2443 522 2471 consuetudine.

1040 435 1466 499 JOANNIS
1537 435 1884 485 WICLIF
2187 452 2349 480 Luam.

593 577 640 617 et
664 568 968 616 habitudines
1001 569 1210 627 virtuosi,
1239 571 1307 617 sic
1333 570 1465 632 quod
1490 570 1687 618 diversis
1712 569 1990 617 hominibus
2014 568 2109 616 sint
2135 566 2345 630 disparia

593 651 753 697 media
789 650 1078 712 adaptanda.
1153 651 1250 699 Sed
1285 651 1422 699 cum1
1465 653 1707 715 quaelibet
1748 652 1893 699 virtus
1932 650 2128 698 moralis
2167 648 2345 698 habeat

592 747 729 779 suam
761 732 1080 794 prudentiam,
1115 734 1360 781 connectit
1387 734 1668 791 Aristoteles,
1696 733 1830 796 quod
1862 741 1934 780 est
1966 732 2157 780 habitus
2189 729 2345 779 deter-

590 814 799 860 minatus
824 814 1023 861 ratione.
1096 813 1214 861 Non
1239 816 1370 862 enim
1401 830 1592 877 semper
1618 823 1690 862 est
1715 814 1960 876 agendum
1998 828 2090 861 nec
2115 813 2343 860 continue

589 893 854 952 otiandum,
881 902 928 942 et
954 895 1022 942 sic
1046 911 1145 957 quo
1171 896 1233 943 ad
1257 897 1560 944 velocitatem
1586 905 1665 943 aut
1689 896 1962 944 tarditatem
1985 895 2203 952 actionis,
2229 908 2342 942 cum

588 975 746 1023 modis
773 976 875 1023 aliis
899 976 1109 1034 infinitis,
1136 993 1260 1039 quos
1283 986 1474 1039 oportet
1508 978 1777 1025 secundum
1801 977 2038 1024 rationem
2061 975 2343 1038 prudentiae

587 1057 805 1119 regulari.
877 1057 998 1105 Ideo
1024 1059 1156 1106 addit
1180 1059 1461 1117 Aristoteles,
1488 1059 1622 1122 quod
1653 1060 1799 1106 virtus
1834 1058 2030 1106 moralis
2065 1058 2124 1105 sit
2151 1057 2342 1106 habitus

586 1140 769 1186 ratione
813 1140 1171 1198 determinatus,
1215 1157 1305 1189 nec
1353 1149 1546 1203 oportet
1593 1156 1698 1199 nos,
1748 1141 1870 1188 sicut
1916 1139 2115 1201 quando
2163 1138 2343 1186 fuimus

585 1222 734 1282 pueri,
760 1223 1026 1279 mussitare,
1053 1222 1305 1283 quomodo
1342 1223 1532 1270 habitus
1567 1223 1672 1271 talis
1709 1237 1901 1284 semper
1935 1221 2132 1269 inclinat
2168 1235 2342 1268 secun·

586 1302 702 1349 dum
740 1303 812 1350 sui
848 1303 1067 1350 ultimum
1078 1304 1106 1361 2,
1148 1312 1194 1351 et
1231 1304 1297 1351 ita
1332 1303 1456 1351 foret
1493 1319 1638 1366 saepe
1680 1303 1894 1360 nocivus,
1938 1317 2050 1350 cum
2091 1302 2344 1349 inclinaret

585 1385 854 1446 subjectum
903 1385 965 1432 ad
1013 1394 1147 1433 actus
1188 1386 1401 1433 vitiosos.
1490 1385 1673 1432 Iterum
1716 1384 1987 1432 secundum
2027 1383 2342 1431 variationem

585 1467 968 1513 circumstantiae
1005 1467 1154 1515 videri
1190 1474 1356 1529 posset
1392 1468 1553 1513 minus
1594 1466 1986 1528 intelligentibus,
2023 1465 2160 1527 quod
2193 1465 2342 1512 virtus

584 1547 774 1609 posset3
797 1563 903 1595 esse
927 1549 1108 1606 vitium,
1134 1557 1185 1596 ut
1210 1548 1400 1595 habitus
1434 1548 1734 1595 inclinativus
1759 1547 2004 1609 magnifici
2030 1546 2092 1593 ad
2125 1544 2342 1594 dandum

583 1629 909 1690 indigentibus
929 1632 1172 1677 excessive
1198 1630 1459 1687 inclinaret,
1486 1630 1594 1691 plus
1618 1630 1726 1691 ipso
1752 1628 1961 1675 directo'¹
1981 1627 2043 1675 ad
2061 1627 2342 1689 pauperiem

584 1711 787 1758 scienter
811 1711 884 1758 vel
915 1713 1206 1774 ignoranter,
1234 1727 1381 1773 quam
1406 1711 1528 1758 foret
1552 1711 1602 1757 in
1628 1711 1696 1758 sic
1727 1709 1964 1772 disposito
1997 1716 2343 1771 opportunum,

581 1801 627 1839 et
652 1793 718 1839 sic
739 1792 980 1839 deveniret
998 1809 1058 1840 ex
1083 1809 1199 1840 casu
1224 1793 1304 1840 tali
1324 1794 1594 1840 extrinseco
1620 1792 1810 1838 habitus
1829 1791 2042 1838 vitiosus.
2116 1789 2342 1838 Similiter

581 1873 794 1934 oportet5
819 1873 1073 1920 diffinitum
1097 1875 1264 1921 variari
1290 1874 1774 1935 proportionabiliter,
1794 1880 1847 1919 ut
1871 1871 2092 1920 diffinitio
2117 1871 2339 1928 variatur,

581 1953 665 2000 sed
701 1963 890 2015 oportet
925 1954 1181 2002 hominem
1213 1956 1381 2002 variari
1417 1956 1467 2001 in
1508 1955 1691 2002 actibus
1734 1954 2016 2001 extrinsecis
2053 1952 2251 2010 vitiosis,
2288 1961 2341 1999 ut

580 2035 796 2082 medium
843 2036 1167 2083 extrinsecum
1214 2037 1431 2083 variatur.
1524 2036 1658 2096 Ergo
1707 2051 1820 2082 cum
1867 2050 1970 2082 non
2017 2041 2177 2096 potest
2233 2049 2340 2081 esse

579 2116 778 2164 latitudo
802 2117 852 2163 in
876 2117 1043 2164 virtute
1076 2125 1123 2164 et
1155 2117 1284 2175 vitio,
1312 2125 1543 2179 superest,
1568 2116 1703 2178 quod
1727 2117 1776 2163 in
1809 2115 1975 2163 habitu
2007 2115 2155 2163 animi
2181 2129 2340 2162 corre-

581 2199 875 2260 spondenter
899 2198 961 2245 ad
994 2199 1209 2246 medium
1245 2200 1582 2256 extrinsecum,
1609 2199 1799 2246 habitus
1833 2214 1862 2246 a
1885 2199 2055 2246 virtute
2089 2197 2141 2244 in
2173 2198 2339 2245 vitium

580 2281 795 2328 varietur.

648 2364 708 2411 In
732 2366 822 2412 ista
845 2364 1043 2412 materia
1072 2361 1337 2409 tenendum
1361 2368 1447 2419 est,
1474 2361 1609 2423 quod
1632 2361 1776 2408 virtus
1807 2359 2015 2418 moralis,
2041 2359 2102 2407 de
2135 2375 2232 2422 qua
2264 2368 2339 2413 est

581 2461 755 2504 sermo,
784 2445 1051 2494 secundum
1076 2445 1322 2491 veritatem
1347 2450 1419 2490 est
1442 2442 1633 2489 habitus
1658 2457 1687 2489 a
1710 2441 1820 2489 Deo
1847 2441 2000 2499 datus,
2021 2441 2070 2488 in
2094 2441 2339 2490 intellectu

579 2527 789 2575 hominis
813 2529 1079 2584 radicatus3
1119 2533 1166 2572 et
1191 2524 1498 2585 distinguitur
1517 2538 1546 2570 a
1571 2522 1938 2580 consuetudine,
1965 2518 2112 2585 quam
2137 2523 2337 2584 quidam

579 2608 743 2656 dicunt
777 2608 1064 2655 Aristotelem
1103 2621 1276 2654 vocare
1313 2606 1535 2652 virtutem
1573 2605 1822 2653 moralem.
1905 2603 1969 2651 Et
2005 2604 2074 2651 sic
2117 2602 2337 2651 concedo

579 2705 677 2752 quo
703 2690 764 2737 ad
777 2691 987 2751 primum
1013 2695 1365 2751 argumentum,
1391 2687 1526 2748 quod
1552 2686 1856 2734 consuetudo
1887 2685 1994 2734 talis
2019 2700 2164 2747 saepe
2189 2692 2337 2732 nocet

578 2773 628 2819 in
664 2772 819 2819 casuss.
895 2771 992 2818 Sed
1027 2772 1118 2818 ista
1155 2767 1458 2816 consuetudo
1494 2767 1636 2815 distat
1670 2768 1929 2829 plurimum
1965 2782 1995 2814 a
2028 2767 2212 2823 virtute,
2245 2781 2339 2814 nec

578 2861 650 2901 est
684 2852 1065 2915 imaginandum,
1092 2850 1227 2914 quod
1264 2848 1566 2896 consuetudo
1605 2850 1661 2896 sit
1695 2865 1795 2896 una
1829 2863 1905 2896 res
1941 2847 2172 2905 absoluta,
2210 2861 2335 2909 quae

577 2944 743 2998 posset
777 2951 865 2997 per
901 2950 953 2982 se
978 2935 1192 2990 existere,
1221 2933 1340 2980 sicut
1377 2945 1522 2991 grave
1560 2938 1640 2977 aut
1675 2930 1793 2988 leve,
1818 2938 1866 2977 et
1895 2930 2032 2977 inniti
2068 2929 2335 2998 secundum

576 3018 796 3064 ultimum
822 3033 936 3065 suae
968 3016 1227 3078 potentiae,
1254 3015 1339 3061 sed
1363 3023 1436 3062 est
1467 3029 1566 3060 una
1590 3012 1649 3060 de
1684 3012 1913 3074 potentiis
1939 3011 2333 3069 accidentalibus,

578 3099 751 3160 quibus
776 3098 1068 3147 adventicie⁷
1084 3098 1235 3144 homo
1257 3096 1539 3158 disponitur,
1558 3102 1610 3141 ut
1629 3093 1784 3141 taliter
1808 3100 1890 3140 aut
1913 3093 2068 3141 taliter
2092 3102 2334 3156 operetur.

576 3180 655 3226 Ad
690 3181 930 3227 secundam
963 3178 1238 3227 instantiam
1276 3177 1445 3223 dicitur
1480 3176 1636 3223 forma
1670 3174 1923 3232 consimili,
1958 3174 2093 3236 quod
2127 3189 2332 3222 consue-

546 3259 549 3355 Ι
576 3262 707 3318 tud0,
735 3277 858 3323 quae
891 3276 993 3308 non
1025 3258 1279 3322 prudentia
1311 3254 1591 3319 regulatur⁸‚
1617 3261 1761 3302 nocet
1785 3254 2064 3302 hominibus
2079 3269 2092 3313 ;
2143 3255 2230 3302 sed
2253 3256 2332 3303 illa

546 3356 548 3372 .

630 3377 643 3399 ¹
673 3375 786 3426 cum]
817 3380 967 3419 tamen,
998 3373 1053 3412 D.
1339 3370 1356 3393 ²
1383 3371 1445 3410 sui
1474 3368 1685 3420 ultimum]
1722 3368 1911 3408 ultimum
1941 3381 2030 3408 esse
2061 3368 2135 3414 sui,
2169 3369 2232 3408 ed.
2266 3382 2329 3421 pr.

575 3429 589 3450 ³
618 3429 776 3480 posset]
798 3434 947 3480 potest,
969 3428 1016 3467 C.
1038 3427 1101 3466 ed.
1123 3440 1184 3488 pr.
1295 3425 1310 3448 4
1337 3424 1513 3476 directo]
1542 3422 1714 3474 dejecto,
1736 3422 1890 3462 A.B.C.
1911 3422 1974 3462 ed.
1995 3435 2056 3475 pr.
2164 3423 2180 3446 ⁵
2209 3436 2330 3474 opor-

576 3483 653 3534 tet]
675 3496 758 3521 non
778 3488 954 3534 oportet,
975 3482 1038 3522 ed.
1061 3495 1121 3533 pr.
1288 3480 1303 3502 ⁶
1331 3479 1374 3518 in
1389 3478 1504 3530 casu]
1525 3476 1762 3521 intellectui,
1783 3476 1886 3516 A.B.
2037 3475 2053 3498 ⁷
2081 3475 2329 3528 adventicie]

576 3537 797 3581 adventice‚
818 3537 880 3575 ed.
901 3550 961 3588 pr.
1283 3534 1299 3557 ⁸
1328 3533 1543 3586 prudentia
1563 3530 1790 3582 regulatur]
1811 3536 1875 3570 est
1895 3529 2111 3582 prudentia
2131 3530 2329 3583 regulata,

543 3602 547 3642 J
576 3590 727 3629 A.B.C.
749 3590 810 3629 ed.
833 3604 892 3642 pr.
