2496 4108
160 441 312 477 cansa
766 419 1338 471 TRIALOGUS.

155 556 378 605 veritates
425 556 544 604 aliae
590 555 899 618 temporales,
968 555 1032 603 Et
1078 557 1208 604 lertio
1255 556 1380 603 modo
1426 555 1660 603 famosius
1708 569 1809 618 quo
1858 553 1921 602 ad

153 637 326 700 vulgus
363 638 521 700 signat
557 645 876 700 aggregatum
912 653 973 685 ex
1011 638 1262 686 codicibus
1287 638 1407 700 legis
1440 637 1535 684 Dei
1559 646 1608 685 et
1637 652 1698 685 ex
1724 637 1921 684 veritate

155 733 305 781 quam
327 718 464 767 Deus
499 719 616 782 ipsis
653 719 858 782 imponit
872 736 884 778 3
937 719 1023 767 sed
1060 719 1155 767 hoc
1191 719 1378 767 nudum
1411 721 1643 782 scriptum
1673 719 1921 767 materiale

157 814 262 849 non
283 799 431 850 didici
452 815 628 849 vocare
663 801 949 863 scripturam
982 816 1184 859 sacram,
1211 802 1324 863 quia
1356 801 1419 847 illi
1445 801 1640 848 codices
1674 815 1777 848 non
1811 807 1923 847 sunt

157 882 295 941 sacri,
319 882 412 932 nisi
447 882 539 931 illis
574 882 688 931 assit
725 883 965 931 sententia
1002 898 1153 931 sacra.
1223 882 1287 930 Et
1322 882 1462 930 tunc1
1488 883 1703 945 intelligo
1742 882 1923 945 simpli-

158 963 288 1022 citer,
313 972 634 1027 aggregatum
658 979 719 1011 ex
743 964 833 1012 illis
859 964 1109 1012 codicibus
1134 972 1180 1012 et
1205 979 1343 1012 sacra
1367 965 1605 1012 sententia
1639 979 1747 1012 esse
1773 964 1923 1026 scrip-

157 1052 316 1095 turam
339 1060 539 1094 sacram.
614 1045 677 1093 Et
701 1046 815 1108 quia
838 1047 928 1094 ista
951 1046 1089 1094 tertia
1114 1046 1402 1109 significatio
1428 1054 1500 1093 est
1533 1046 1783 1103 famosior,
1810 1045 1922 1093 ideo

157 1126 416 1190 loquamur
441 1127 710 1190 specialiter
735 1127 795 1175 de
820 1128 912 1186 illa,
937 1135 1119 1190 quanta
1143 1128 1201 1176 sit
1225 1128 1330 1190 ejus
1361 1128 1619 1175 auctoritas
1651 1134 1698 1175 et
1723 1127 1923 1174 firmitas

159 1209 382 1258 veritatis
454 1208 562 1257 Nec
586 1218 659 1257 est
688 1210 751 1258 ad
775 1210 1083 1272 propositum
1106 1209 1239 1272 loqui
1265 1209 1325 1256 de
1359 1208 1645 1256 excellentia
1677 1208 1922 1266 codicum,

161 1305 274 1340 cum
291 1290 358 1339 illi
381 1291 431 1338 in
455 1299 624 1339 natura
643 1306 730 1339 sua
747 1291 878 1339 libris
901 1290 1218 1339 mendacibus
1244 1290 1566 1338 communiter
1585 1297 1696 1337 sunt
1714 1290 1922 1353 pejores,

162 1387 254 1421 nec
290 1381 400 1422 sunt
433 1374 597 1436 potius
622 1373 856 1436 scriptura
893 1388 1031 1421 sacra
1066 1387 1215 1435 quam
1251 1372 1492 1435 quaelibet
1525 1371 1617 1419 alia
1650 1370 1921 1434 scriptura2,

161 1469 276 1504 cum
298 1455 440 1503 beata
462 1454 678 1503 Trinitas
703 1455 965 1517 scripturae
991 1455 1183 1503 cuilibet
1208 1456 1267 1502 sit
1290 1454 1484 1516 illapsa3
1529 1461 1575 1501 et
1599 1461 1714 1501 tunc
1738 1453 1924 1500 videtur

160 1536 295 1595 mihi,
321 1536 472 1584 sieut³
495 1536 746 1586 conclusio
780 1544 863 1585 tua
894 1537 1034 1585 tertia
1065 1536 1336 1594 sententiat,
1362 1534 1498 1598 quod
1531 1535 1926 1605 scriptura‘sacra

159 1619 222 1668 sit
244 1618 486 1667 infinitum
511 1619 667 1682 magis
693 1619 934 1667 autentica
958 1626 1004 1667 et
1029 1617 1285 1675 credenda,
1312 1631 1460 1680 quam
1485 1630 1807 1678 quaecunque
1834 1615 1926 1663 alia

161 1699 470 1764 assignanda,
497 1701 611 1764 quia
643 1709 696 1749 ut
731 1708 901 1749 auctor
924 1700 1176 1762 proximus
1213 1698 1277 1746 ad
1312 1706 1577 1755 auctorem,
1604 1698 1671 1745 sic
1708 1697 1827 1744 liber
1862 1696 1924 1745 ad

159 1781 335 1830 librum
349 1798 362 1842 3
399 1782 486 1831 sed
509 1782 690 1831 ex-fide
711 1781 949 1839 Christus,
976 1790 1143 1829 auctor
1166 1780 1421 1842 proximus
1453 1779 1716 1841 scripturae
1742 1794 1923 1837 sacrae,

160 1946 410 2008 scriptura,
435 1960 559 2008 quae
585 1953 657 1994 est
680 1945 759 1993 lex
784 1960 884 2003 sua,
910 1943 1385 2007 proportionabiliter
1410 1957 1462 1990 se
1486 1942 1633 1989 habet
1658 1941 1720 1989 ad
1754 1957 1925 2009 quam-

161 2041 355 2090 cunque
391 2027 535 2075 aliam
576 2026 934 2089 assignandam.
1006 2024 1153 2073 Unde
1189 2025 1392 2087 scripta4
1427 2024 1631 2072 aliorum
1671 2017 1926 2071 doctorum

161 2123 468 2172 magnorum,
493 2117 925 2173 quantumcunque
957 2124 1083 2166 vera,
1117 2108 1339 2156 dicuntur
1377 2106 1658 2169 apocrypha
1691 2122 1783 2154 nec
1817 2113 1927 2154 sunt

122 2195 124 2198 ’
162 2190 419 2251 credenda,
463 2191 554 2241 nisi
603 2191 663 2239 de
705 2199 888 2255 quanto
930 2191 981 2238 in
1029 2190 1264 2252 scriptura
1304 2188 1508 2236 Domini
1557 2196 1668 2236 sunt
1710 2187 1925 2236 fundata.

163 2272 557 2323 Fundamentum
582 2281 743 2321 autem
768 2273 902 2322 istius
927 2273 1154 2320 materiae
1178 2279 1251 2319 est
1275 2271 1395 2319 fides
1428 2270 1675 2328 ecclesiae,
1702 2286 1799 2334 qua
1824 2287 1927 2319 cre-

163 2354 341 2414 dimus,
377 2355 514 2419 quod
548 2354 768 2404 Christus
792 2354 929 2402 Deus
965 2362 1011 2402 et
1047 2354 1198 2402 homo
1235 2353 1323 2401 fuit
1361 2353 1654 2410 incarnatus,
1692 2361 1740 2400 et
1774 2350 1926 2401 modo

163 2452 264 2501 quo
301 2445 463 2486 narrat
504 2437 810 2500 evangelium
857 2452 970 2484 cum
1018 2436 1299 2484 hominibus
1341 2441 1668 2492 conversatus,
1705 2442 1752 2482 et
1794 2433 1928 2496 quod

163 2521 350 2570 scribas
381 2535 498 2569 suos
529 2520 875 2582 evangelistas⁵
901 2519 962 2567 ad
995 2519 1297 2567 exarandum
1321 2517 1481 2579 legem
1507 2515 1684 2564 Christi
1709 2525 1756 2564 et
1780 2516 1928 2563 fidem

163 2601 453 2652 catholicam
488 2601 742 2650 ordinavit.
813 2601 959 2649 Unde
997 2602 1072 2648 isti
1108 2600 1417 2663 particulares
1458 2598 1654 2647 codices
1691 2613 1805 2646 cum
1842 2613 1952 2671 sua!

165 2699 305 2734 sacra
328 2684 566 2732 sententia
599 2690 709 2732 sunt
743 2683 972 2746 implicite
1005 2682 1127 2730 fides
1154 2682 1429 2743 scripturae,
1456 2679 1579 2727 sicut
1603 2689 1675 2727 est
1699 2679 1926 2742 implicite

164 2765 286 2814 fides
310 2765 558 2823 ecclesiae,
579 2765 713 2828 quod
730 2765 821 2812 ista
841 2772 1024 2813 sacrata
1042 2763 1200 2812 hostia
1225 2763 1283 2810 sit
1306 2763 1496 2809 realiter
1521 2775 1698 2824 corpus
1718 2760 1924 2815 Christi}

164 2847 280 2911 quia
303 2846 555 2910 supposita
578 2846 774 2894 veritate
800 2846 1051 2908 suppositi,
1078 2844 1212 2908 quod
1237 2859 1386 2906 saepe
1412 2843 1584 2899 evenit,
1610 2850 1726 2890 ωηο
1752 2850 1826 2890 est
1849 2843 1941 2901 ita„

165 2936 214 2977 et
255 2929 508 2991 supposita
543 2927 747 2977 falsitate
789 2928 964 2975 narrati
1005 2935 1119 2975 tunc
1155 2934 1316 2988 potest
1352 2939 1456 2973 esse
1495 2923 1663 2982 illusi0,
1697 2924 1842 2972 sicut⁶
1879 2924 1928 2970 in

165 3010 270 3059 aliis
306 3011 456 3074 signis
493 3011 799 3059 sensibilibus
835 3010 1027 3072 saepius
1063 3015 1224 3071 potest
1260 3022 1384 3056 esse.
1457 3006 1520 3052 Et
1553 3020 1614 3054 ex
1646 3006 1745 3054 istis
1781 3013 1927 3070 patet,

75 3086 78 3088 ’
164 3092 304 3157 quod
351 3093 586 3156 scriptura
628 3108 766 3141 sacra
807 3093 867 3140 sit
908 3092 1157 3139 verissima
1201 3090 1470 3140 secundum
1513 3089 1778 3152 quamlibet
1824 3088 1928 3150 ejus

165 3181 367 3238 partem,
404 3174 519 3237 quia
555 3174 594 3222 si
632 3175 690 3222 sit
726 3174 962 3236 scriptura
999 3187 1149 3230 sacra,
1175 3180 1290 3219 tunc
1326 3171 1474 3218 habet
1510 3186 1599 3232 pro
1637 3184 1785 3217 sensu
1817 3183 1929 3216 sen-

165 3256 366 3304 tentiam
390 3254 508 3319 Jesu
533 3255 725 3313 Christi,
751 3263 800 3303 et
824 3255 898 3303 ille
925 3269 1027 3302 non
1061 3262 1219 3316 potest
1251 3268 1358 3302 esse
1393 3252 1540 3300 falsus
1576 3267 1667 3300 nec
1693 3250 1930 3314 aliquem⁷

221 3413 236 3438 ¹
265 3414 382 3464 tunc]
401 3412 539 3458 etiam,
561 3412 609 3453 C.
632 3411 834 3452 secundae
854 3424 1012 3450 manus.
1216 3409 1231 3431 ²
1260 3409 1477 3462 scriptura]
1498 3422 1580 3448 om.
1603 3408 1761 3449 A.B.C.
1782 3407 1845 3449 ed.
1867 3420 1928 3460 pr.

165 3466 180 3490 ³
210 3466 335 3520 sicut]
355 3467 468 3520 quod
487 3467 605 3512 sicut,
626 3466 674 3506 Β.
695 3480 734 3519 pi
746 3466 852 3506 imae
870 3478 1029 3510 manus,
1050 3464 1114 3504 ed.
1135 3477 1196 3517 pr.
1407 3462 1422 3485 ⁴
1451 3462 1623 3515 scripta]
1645 3462 1859 3516 scriptura,
1880 3462 1928 3502 Β.

168 3520 327 3575 primae
344 3534 503 3567 manus,
523 3521 587 3562 ed.
607 3534 669 3574 prs
835 3520 850 3543 ⁵
878 3518 1170 3571 evangelistas]
1191 3517 1463 3570 evangelicos,
1484 3517 1640 3558 A.B.C.
1759 3517 1774 3542 ⁶
1803 3516 1927 3569 sicut]

169 3575 274 3616 sicut
294 3580 348 3623 et,
370 3575 527 3618 ΑΒΕ.
544 3589 554 3623 ;
584 3581 638 3622 et,
659 3575 725 3616 ed.
746 3588 807 3628 pr.
970 3573 986 3596 ⁷
1014 3573 1211 3626 aliquem]
1233 3571 1399 3624 aliquid,
1420 3571 1484 3612 ed.
1501 3585 1562 3624 pr.

1981 1652 2002 1678 Ὁ

111 1933 117 1935 ‚
159 1871 234 1912 est
264 1864 504 1912 infinitum
535 1863 858 1928 praestantior
882 1878 1030 1925 quam
1062 1862 1215 1910 homo
1252 1861 1385 1918 alius,
1412 1875 1530 1922 ergo
1565 1861 1685 1907 liber
1710 1875 1825 1907 suus
1850 1860 1925 1907 vel
1992 1916 1994 1919 y
