2436 4094
327 430 429 500 136

270 2546 398 2576 Caritas.

1010 433 1431 498 JOANNIS
1502 434 1849 483 WICLIF
2151 454 2311 483 unm.

561 570 775 632 quodam
807 577 916 616 actu
948 569 1111 616 medio
1145 569 1267 616 inter
1303 567 1673 616 dubitationem¹
1697 577 1744 616 et
1777 569 2118 619 credulitatem.
2187 569 2310 618 Ideo

560 652 723 699 dicunt
765 650 908 712 logici
950 649 1010 697 de
1054 649 1319 712 sperandis,
1357 664 1459 697 non
1496 649 1629 712 quod
1664 651 1770 712 ipsa
1806 651 1976 709 sciunt,
2013 659 2195 714 negant
2230 658 2312 699 aut

560 733 792 789 dubitant,
828 731 913 779 sed
949 739 1242 793 supponunt.
1313 731 1376 778 Et
1410 731 1514 779 talis
1556 746 1667 793 spes
1704 731 1818 779 dicit
1853 731 2100 794 quandam
2134 732 2312 780 adhae-

558 814 747 860 sionem
788 811 1121 860 delectabilem
1164 811 1320 860 circa²
1360 812 1521 860 fidem.
1600 811 1756 860 Tertio
1796 814 1846 860 in
1883 813 1992 872 hoc,
2030 813 2164 876 quod
2199 828 2313 876 spes

558 909 658 941 non
684 902 755 941 est
780 894 871 940 nisi
897 892 957 941 de
981 893 1091 940 bono
1115 893 1295 956 patriae
1320 894 1535 955 possibili
1561 894 1628 941 sic
1654 895 1879 957 speranti,
1905 895 2025 944 fides
2054 903 2215 944 autem
2237 903 2312 944 est

555 985 655 1022 tam
692 974 752 1022 de
786 975 922 1022 bono
959 989 1108 1037 quam
1143 974 1204 1022 de
1240 975 1369 1022 malo
1408 975 1620 1023 credenti
1655 977 1939 1038 pertinente,
1975 984 2022 1024 et
2057 977 2120 1025 de
2151 976 2312 1026 multis

557 1073 679 1121 quae
722 1057 1080 1119 impertinentia
1122 1065 1233 1105 sunt
1275 1057 1502 1104 credenti.
1573 1056 1636 1105 Et
1677 1066 1808 1120 patet
1849 1058 1983 1121 quod
2017 1059 2167 1107 multa
2201 1066 2312 1107 sunt

557 1139 882 1202 proponenda
929 1138 1162 1196 fidelibus,
1212 1154 1336 1201 quae
1385 1138 1693 1187 distinctione
1741 1148 1928 1188 semota
1982 1155 2076 1188 nec
2129 1139 2310 1188 debent

560 1222 790 1279 dubitare,
817 1219 1086 1268 concedere
1124 1235 1215 1268 nec
1248 1235 1441 1283 negare,
1466 1228 1519 1268 ut
1542 1221 1794 1283 proposito
1812 1221 2043 1284 praelato,
2066 1229 2228 1270 utrum
2251 1222 2311 1270 sit

556 1304 835 1360 haereticuS,
863 1303 1006 1351 debet
1042 1317 1234 1364 sperare
1270 1317 1328 1350 ac
1364 1316 1638 1364 supponere
1673 1303 1778 1365 ejus
1813 1304 2107 1366 oppositum.
2176 1302 2240 1351 Et
2265 1303 2310 1352 si

556 1384 753 1443 dubitat,
779 1392 851 1433 est
876 1385 1079 1432 omnino
1114 1383 1379 1446 culpabiliS,
1414 1398 1527 1431 cum
1560 1383 1802 1432 evidentia
1837 1399 1961 1447 quae
1996 1391 2160 1433 movet
2193 1399 2307 1433 eum

556 1466 618 1514 ad
642 1473 828 1528 partem
853 1465 1198 1522 affirmativam,
1220 1464 1362 1512 debet
1386 1464 1671 1512 omnimode
1690 1465 1942 1512 semoveri.
2015 1464 2065 1512 Si
2084 1464 2308 1514 concedit

556 1563 616 1595 ex
642 1562 800 1606 causa,
827 1546 923 1595 est3
946 1547 1102 1608 magis
1128 1546 1394 1608 culpabilis.
1465 1545 1528 1594 Et
1552 1545 1692 1593 tertio
1719 1545 1759 1593 si
1783 1546 1968 1608 negat⁴,
1993 1561 2106 1594 cum
2137 1561 2306 1595 neces-

557 1630 682 1678 sario
708 1629 867 1676 omnis
892 1629 1156 1691 praescitus
1181 1627 1264 1675 sit⁵
1287 1627 1567 1685 haereticuS,
1595 1635 1642 1675 et
1665 1627 1740 1675 ille
1765 1642 1912 1690 quem
1937 1627 2179 1690 alloquor⁶
2203 1642 2306 1676 non

556 1712 699 1759 debet
731 1712 935 1759 omnino
968 1726 1146 1773 negare
1183 1710 1459 1772 simpliciter
1494 1710 1628 1772 quod
1661 1710 1720 1758 sit
1751 1710 2032 1773 praescituS‚
2057 1710 2168 1758 ideo
2202 1725 2305 1759 non

556 1793 699 1840 debet
722 1808 901 1854 negare
927 1792 1199 1855 simpliciter
1223 1791 1356 1854 quod
1382 1792 1440 1839 sit
1470 1790 1749 1840 haereticus.
1821 1791 1985 1840 Nemo
2009 1792 2140 1840 enim
2163 1791 2306 1840 debet

556 1875 658 1921 sine
692 1874 988 1936 obligatione
1021 1889 1200 1936 negare
1232 1888 1413 1931 verum,
1447 1873 1582 1936 quod
1615 1888 1644 1920 a
1670 1873 1802 1936 justo
1835 1872 1973 1921 Deo⁷
2007 1873 2307 1922 aeternaliter

555 1955 813 2012 ordinatur,
845 1969 956 2002 cum
991 1954 1143 2002 beati⁸
1178 1954 1437 2002 examinati
1473 1970 1502 2001 a
1524 1953 1634 2002 Deo
1672 1953 1990 2002 concedendo
2025 1954 2307 2017 oppositum

554 2037 732 2099 negati,
760 2035 822 2083 ad
851 2036 1065 2098 magistri
1096 2035 1266 2098 optimi
1298 2034 1658 2097 beneplacitum
1694 2035 2046 2097 responderent
2060 2051 2072 2095 ;
2122 2036 2306 2084 exami-

555 2119 654 2166 nati
673 2117 858 2166 autem⁹
879 2118 937 2165 de
956 2118 1128 2165 talibus
1147 2117 1350 2164 limitant
1369 2117 1432 2164 ad
1456 2116 1693 2164 haeresim
1718 2115 1778 2163 de
1802 2117 2042 2178 praesenti
2061 2117 2303 2180 injustitia,

555 2216 650 2264 qua
675 2208 785 2247 sunt
810 2199 1078 2249 secundum
1103 2198 1322 2246 notitiam
1349 2213 1463 2245 suae
1489 2198 1813 2246 conscientiae
1833 2198 1977 2246 hodie
1996 2199 2171 2247 irretiti.
2241 2198 2306 2247 Et

555 2283 621 2330 sic
657 2281 795 2332 multi
835 2289 1016 2342 negant
1055 2295 1106 2328 se
1144 2295 1250 2328 esse
1292 2279 1574 2337 haereticos,
1611 2280 1692 2343 qui
1730 2279 1999 2328 secundum
2034 2280 2300 2338 veritatem,

556 2373 704 2425 quam
728 2363 905 2410 debent
924 2376 1238 2424 cognoscere,
1260 2362 1436 2410 debent
1456 2362 1724 2410 concedere
1749 2361 1907 2411 illud1⁰
1930 2361 2055 2419 De0,
2080 2370 2129 2409 et
2152 2363 2300 2410 corri-

555 2445 718 2507 gendo
744 2460 794 2492 se
819 2445 953 2506 ipsos
977 2444 1037 2491 de
1061 2444 1246 2491 haeresi
1270 2443 1343 2490 vel
1367 2450 1524 2491 tacere
1550 2442 1624 2490 vel
1648 2443 1806 2491 dicere
1831 2443 2094 2491 veritatem.

627 2525 819 2574 Caritas
845 2533 1006 2573 autem
1030 2533 1103 2572 est
1120 2525 1266 2573 virtus
1289 2525 1501 2572 maxime
1527 2526 1797 2573 necessaria
1814 2524 2000 2582 viatori,
2021 2538 2133 2572 cum
2157 2538 2307 2572 nemo

553 2616 715 2672 potest
738 2608 897 2656 venire
935 2607 996 2654 ad
1032 2607 1236 2671 patriam
1278 2606 1380 2655 sine
1416 2605 1507 2664 illa,
1533 2621 1593 2653 eo
1630 2606 1764 2668 quod
1799 2613 1871 2656 est
1896 2606 2040 2655 vestis
2065 2605 2304 2668 nuptialis,

553 2697 749 2752 propter
784 2689 921 2754 cujus
956 2687 1217 2735 carentiam
1252 2686 1555 2749 evangelium
1590 2687 1704 2735 dicit
1738 2687 1952 2749 positum
1987 2687 2039 2734 in
2073 2685 2307 2735 militante

553 2770 756 2818 ecclesia
791 2768 1146 2816 excludendum
1181 2767 1231 2814 in
1266 2768 1396 2815 finali
1424 2767 1605 2830 judicio
1630 2776 1677 2816 et
1709 2766 2099 2818 damnandum11.
2172 2766 2306 2816 Con-

554 2852 672 2901 sistit
697 2859 859 2900 autem
895 2852 1065 2900 caritas
1101 2850 1150 2897 in
1186 2864 1366 2907 amore,
1392 2863 1490 2911 quo
1516 2848 1652 2898 Deus
1686 2849 1844 2898 debite
1881 2849 2090 2913 diligitur
2122 2856 2170 2896 et
2203 2855 2306 2897 tota

554 2949 640 2982 sua
675 2933 866 2991 fabrica,
904 2940 951 2980 et
987 2933 1055 2982 sic
1095 2939 1186 2981 stat
1221 2931 1271 2978 in
1307 2931 1573 2979 delectabili
1609 2932 1914 2979 observantia
1948 2930 2302 2982 mandatorum.

553 3014 714 3062 Primo
740 3014 874 3076 quod
892 3013 1026 3061 Deus
1045 3012 1266 3075 diligatur
1281 3028 1342 3060 ex
1362 3020 1464 3063 toto
1485 3013 1644 3070 corde,
1665 3013 1715 3060 in
1723 3012 1760 3041 ¹²
1778 3020 1880 3061 tota
1898 3013 2073 3070 anima,
2092 3021 2140 3060 et
2157 3013 2302 3061 etiam

552 3104 653 3143 tota
677 3104 867 3154 mente3
917 3110 978 3142 ex
1002 3102 1104 3142 toto
1127 3095 1270 3150 corde,
1296 3101 1349 3140 ut
1373 3095 1806 3158 correspondenter
1831 3094 1893 3142 ad
1917 3094 2080 3143 Deum
2102 3095 2303 3142 Patrem

552 3179 702 3226 homo
730 3178 894 3240 diligat
919 3177 1094 3235 debite,
1115 3183 1349 3239 quantum
1375 3174 1559 3232 sufficit,
1587 3190 1730 3237 super
1753 3176 1919 3223 omnia
1942 3175 2104 3224 Deum
2130 3191 2270 3224 suum
2283 3191 2298 3235 ς

607 3311 619 3332 ¹
649 3306 965 3358 dubitationem]
979 3305 1242 3350 dubietatem,
1257 3304 1410 3344 A.B.C.
1428 3305 1491 3344 ed.
1505 3317 1565 3357 pr.
1676 3303 1692 3326 ²
1720 3303 1846 3356 circa]
1862 3304 1975 3350 citra,
1987 3303 2141 3346 A.B.C.
2157 3305 2221 3345 ed.
2236 3318 2297 3358 pr.

553 3363 567 3385 ³
595 3362 673 3413 est]
697 3376 747 3402 eo
767 3368 841 3407 est,
862 3361 965 3400 A.B.
987 3360 1188 3400 secundae
1206 3371 1365 3398 manus.
1615 3357 1630 3380 ⁴
1657 3357 1800 3410 negat]
1822 3363 1956 3410 neget,
1976 3357 2132 3399 A.B.C.
2151 3358 2297 3412 ed.'pr.

523 3428 525 3432 ’
552 3417 566 3439 ⁵
595 3416 665 3467 sit]
687 3422 760 3461 est,
783 3416 837 3454 D.
858 3415 921 3454 ed.
942 3428 1003 3467 pr,
1167 3413 1183 3436 ⁶
1210 3411 1417 3465 alloquor]
1438 3412 1670 3464 alloquitur,
1691 3412 1746 3451 D.
1855 3411 1871 3435 ⁷
1901 3412 2014 3464 Deo]
2037 3412 2130 3456 Dei,
2151 3412 2214 3453 ed.
2234 3426 2296 3465 pr.

554 3472 567 3493 ⁸
598 3470 725 3521 beati]
746 3471 862 3514 bene,
882 3469 1035 3509 A.B.C.
1173 3468 1188 3490 ⁹
1216 3467 1372 3519 autem]
1395 3473 1544 3513 tamen,
1566 3466 1721 3507 B.C.D.
1741 3466 1803 3506 ed.
1824 3479 1884 3518 pr.
2018 3466 2049 3489 ¹⁰
2076 3467 2297 3508 concedere

523 3540 525 3584 3
555 3523 675 3615 ilgud]
698 3524 943 3615 conicaedere
963 3522 1083 3567 istud,
1105 3522 1166 3562 ed.
1182 3535 1241 3577 pr.
1408 3522 1437 3546 ¹¹
1467 3520 1517 3564 cf.
1539 3521 1688 3561 Matth.
1709 3520 1801 3560 xxii.
1827 3531 1871 3559 ιι
1895 3533 1953 3575 sq.
2091 3519 2122 3544 ¹²
2149 3519 2211 3574 in]
2233 3533 2294 3567 ex,

524 3585 525 3590 ’
555 3591 576 3616 e
607 3591 720 3629 .pr.;
752 3588 977 3628 c.p.132.
