2462 4114
406 435 510 492 372
1084 422 1508 486 JOANNIS
1580 423 1930 474 WICLIF
2226 438 2381 473 univ.

327 567 517 628 fug-’cimus
612 568 614 572 ’
641 558 878 605 caritatis?
932 555 1131 614 Quintus
1154 557 1325 604 abusus
1349 557 1548 606 fratrum
1567 567 1652 616 est,
1673 559 1806 622 quod
1824 560 2028 607 omnino
2053 557 2382 607 subvertentes

327 638 554 694 ἓξῇξξξςᾋξζ.
639 639 859 686 ordinem
893 639 1099 686 caritatis
1135 639 1243 701 plus
1279 648 1445 687 amant
1478 640 1689 688 honores
1722 649 1769 687 et
1792 641 1924 688 lucra
1956 640 2204 688 mundana
2231 653 2380 701 quam

325 739 426 794 amnt
439 710 542 794 ‹1'uf'a131o
560 788 565 793 .
637 721 771 781 ipsos
803 719 1042 777 homines,
1068 721 1277 770 zelantes
1305 736 1391 783 per
1414 721 1534 768 haec
1568 721 1728 769 media
1762 722 1824 769 ad
1856 722 2069 770 honores
2103 720 2381 769 mundanos

637 808 682 847 et
713 800 1094 862 implicationes1
1120 817 1231 848 cum
1258 802 1435 860 seculo,
1463 811 1633 850 contra
1657 803 1816 865 legem
1842 802 2016 851 Christi
2038 819 2063 850 2
2086 801 2303 850 Timoth.
2319 802 2381 859 ii.‚

637 885 648 904 ‘
666 896 812 928 nemo
848 881 1056 929 militans
1091 882 1201 930 Deo
1243 884 1457 946 implicat
1499 899 1551 931 se
1587 884 1796 946 negotiis
1837 882 2160 932 secularibus!
2231 881 2382 941 Quod

635 961 675 1009 si
709 962 877 1009 fratres
910 962 1029 1011 haec
1062 963 1257 1022 faciunt,
1288 965 1527 1027 judicent²
1560 980 1672 1013 cum
1705 965 1891 1013 mundo
1925 965 1985 1012 de
2021 965 2120 1013 suis
2154 963 2382 1026 operibus

633 1058 745 1091 vero
783 1044 1003 1106 judicioss.
1095 1046 1145 1093 Si
1187 1047 1318 1093 enim
1359 1055 1556 1109 propter
1597 1047 1809 1095 honores
1850 1046 1924 1094 vel
1961 1047 2093 1094 lucra
2133 1044 2381 1093 mundana

633 1123 911 1173 adulantur4
935 1135 1189 1189 parcentes
1224 1129 1405 1176 veritati
1442 1129 1721 1186 catholicae,
1753 1143 1854 1175 non
1890 1128 2099 1176 dicendo
2133 1126 2250 1175 illis⁶
2277 1127 2381 1175 sine

633 1207 933 1255 simulatione
974 1209 1218 1256 veritatem
1258 1210 1586 1272 evangelicam
1627 1218 1727 1257 tam
1768 1210 1818 1256 in
1859 1210 2103 1272 prosperis
2144 1223 2292 1271 quam
2329 1210 2380 1256 in

634 1289 859 1346 adversis,
887 1290 994 1351 quis
1023 1289 1208 1337 dubitat
1232 1291 1350 1352 quin
1381 1291 1582 1338 latenter
1614 1298 1661 1338 et
1695 1290 1977 1338 abscondite
2010 1283 2308 1338 descendant
2329 1290 2380 1336 in

633 1370 792 1417 lacum
841 1371 1014 1418 inferni
1057 1379 1254 1433 propter
1301 1372 1643 1419 exaltationem
1690 1373 1739 1419 in
1788 1371 1984 1419 seculo?
2064 1371 2381 1434 Evangelium

633 1451 763 1497 enim
800 1451 943 1499 docet
978 1453 1095 1499 nos6
1118 1453 1236 1500 tales
1273 1453 1581 1515 magistratus
1605 1453 1679 1500 vel
1715 1453 2072 1515 praeposituras
2105 1467 2208 1500 non
2233 1467 2381 1516 appe-

634 1540 747 1589 tere,
775 1548 866 1580 nec
902 1532 1153 1581 hominem
1190 1549 1241 1582 se
1275 1535 1482 1596 negotiis
1519 1534 1812 1582 secularibus
1847 1534 2122 1596 implicare3
2171 1533 2305 1596 quod
2340 1534 2380 1581 si

632 1613 800 1661 fratres
845 1614 1029 1662 faciunt
1075 1617 1278 1662 omnino
1322 1616 1618 1678 oppositum,
1662 1631 1765 1663 non
1806 1615 2124 1678 percipientes
2169 1615 2379 1677 aliquem

635 1696 915 1743 tractatum⁷
940 1696 1164 1744 secularis
1190 1697 1386 1759 negotii,
1413 1712 1511 1759 quo
1536 1712 1648 1744 cum
1672 1696 1934 1745 velatione⁸
1959 1712 2073 1745 suae
2109 1696 2379 1760 apostasiae

633 1792 734 1824 non
782 1786 987 1838 possunt
1035 1778 1248 1826 colorate
1294 1779 1611 1826 intromittere
1654 1779 1772 1840 quin
1814 1778 2016 1846 subdole
2067 1794 2118 1826 se
2158 1778 2380 1840 ingerant

632 1859 787 1920 magis
812 1858 1007 1920 legistis,
1034 1859 1141 1920 quis
1179 1859 1363 1906 dubitat
1399 1861 1515 1921 quin
1551 1859 1772 1907 diabolus
1806 1859 1993 1908 laboret
2023 1861 2074 1907 in
2108 1859 2211 1918 illis,
2232 1860 2375 1907 'muna

319 1957 528 1985 Duodecimus
633 1939 750 1986 dum
792 1940 842 1985 in
887 1940 984 1987 suis
1025 1940 1265 1987 versutiis⁹
1309 1940 1558 1987 diabolicis
1599 1940 1920 1989 involvendo?
1991 1938 2171 1988 Sextus
2209 1940 2380 2004 abusus

317 1992 431 2018 abusus
448 1990 576 2019 uertitur

315 2025 508 2086 223²,ssssssss
632 2019 827 2067 fratrum
852 2019 944 2067 et¹⁰
975 2022 1214 2082 pessimus
1247 2028 1339 2068 stat
1372 2022 1421 2068 in
1454 2021 1758 2069 simulatione
1789 2021 2166 2080 confessionum,
2199 2023 2375 2084 quibus

315 2092 532 2121 ⁶⁰”se⁵⁵⁰‘¹³¹¹¹·
632 2115 718 2161 per
734 2101 946 2148 infinitos
963 2101 1257 2150 Maeandros
1272 2102 1554 2164 blaspheme
1564 2101 1599 2127 1¹
1613 2103 1837 2150 simulant
1851 2104 1986 2165 quod
1993 2102 2245 2152 confessos
2261 2118 2376 2151 suos

630 2190 837 2242 purgent
873 2190 918 2228 et
948 2183 1149 2229 omnino
1182 2182 1361 2231 faciant
1393 2184 1605 2231 mundos
1641 2198 1669 2230 a
1701 2184 1894 2232 macula
1917 2199 2017 2246 quo
2043 2183 2106 2231 ad
2129 2183 2292 2232 Deum
2316 2199 2377 2232 ex

628 2272 938 2324 praesumpta
974 2263 1237 2312 antichristi
1274 2265 1503 2326 potentia,
1541 2265 1648 2326 lege
1684 2273 1731 2312 et
1767 2265 2092 2313 satisfactione
2128 2265 2377 2314 Domini¹²

627 2345 974 2406 praetermissis
989 2361 1001 2404 ;
1053 2354 1099 2392 et
1136 2361 1247 2393 cum
1284 2346 1361 2392 illa
1396 2346 1582 2393 cautela
1621 2347 1830 2394 zelantes
1866 2362 1956 2409 pro
1992 2347 2126 2395 lucro
2158 2348 2374 2410 magistri

627 2426 699 2473 sui
733 2426 911 2473 diaboli
943 2426 1135 2499 trahunt
1159 2427 1302 2474 nimis
1327 2427 1499 2475 multas
1525 2429 1710 2475 animas
1743 2428 1806 2476 ad
1838 2428 2090 2476 infernum.
2163 2427 2213 2477 Si
2242 2429 2373 2477 enim

626 2509 926 2554 conversatio
958 2508 1197 2570 justorum
1234 2517 1432 2570 propter
1468 2508 1588 2570 legis
1625 2517 1671 2556 et
1706 2509 1829 2556 vitae
1864 2509 2200 2561 rectitudinem
2228 2510 2288 2558 sit
2322 2506 2373 2558 in

626 2588 785 2645 coelis,
812 2604 898 2650 per
930 2589 1093 2636 locum
1118 2604 1146 2635 a
1169 2589 1423 2636 sufficienti
1449 2590 1692 2637 contrario
1719 2599 1791 2638 est
1824 2590 2000 2638 horum
2031 2589 2230 2638 fratrum
2254 2606 2372 2639 con-

624 2670 829 2717 versatio
870 2670 920 2716 in
955 2670 1172 2729 inferno;
1224 2671 1336 2718 ideo
1375 2671 1769 2719 consonantius³⁸
1803 2670 1975 2720 dicitur
2009 2671 2143 2734 quod
2177 2672 2372 2721 trahunt

623 2750 685 2797 ad
710 2751 914 2798 Tartara
937 2765 1084 2812 quam
1118 2751 1252 2813 quod
1287 2753 1492 2799 mittunt.
1564 2752 1626 2800 Et
1651 2753 1784 2814 quod
1818 2754 2085 2815 pessimum
2119 2761 2192 2801 est
2227 2769 2373 2817 super

623 2832 789 2878 omnia
829 2831 918 2879 ista
959 2831 1230 2890 duodecim,
1275 2832 1512 2880 seducunt
1552 2833 1815 2895 capitaliter
1857 2833 2094 2896 populum
2136 2834 2187 2881 in
2226 2835 2370 2885 bonis

623 2912 960 2974 spiritualibus,
988 2913 1070 2974 qui
1095 2921 1276 2960 temere
1302 2914 1371 2960 eis
1397 2913 1605 2961 creditu.

678 3069 690 3091 ¹
721 3074 761 3107 et
781 3068 1095 3122 implicationes]
1120 3069 1172 3108 ad
1198 3069 1510 3121 implicationes,
1533 3070 1611 3115 A.;
1650 3070 1703 3109 ad
1727 3069 2104 3122 multiplicationes,
2126 3071 2199 3118 B.;
2235 3077 2276 3113 et
2294 3073 2367 3112 im-

621 3120 820 3173 plicantes
834 3135 888 3168 se,
903 3123 965 3162 ed.
979 3136 1039 3175 pr.
1123 3122 1139 3145 ²
1163 3122 1366 3175 judicent]
1383 3136 1466 3162 om.
1480 3124 1532 3162 A.
1545 3124 1700 3175 primae
1711 3137 1868 3171 manus,
1881 3124 1930 3164 B.
2001 3125 2017 3148 ³
2045 3125 2096 3165 cs.
2110 3125 2204 3178 Joh.
2215 3126 2284 3166 vii.
2300 3139 2370 3177 ²4·

622 3174 636 3196 4
663 3175 895 3226 adulantur]
915 3177 1133 3216 adulantur
1151 3177 1399 3222 hominibus,
1421 3178 1468 3217 C.
1489 3177 1553 3216 ed.
1573 3191 1634 3229 pr.
1943 3178 1960 3201 ⁵
1986 3178 2086 3231 illis]
2107 3192 2191 3220 om.
2211 3180 2366 3221 A.B.C.

622 3228 636 3251 ⁶
666 3229 761 3281 nos]
784 3243 864 3269 om.
889 3230 944 3269 D.
965 3231 1027 3270 ed.
1048 3244 1109 3282 pr.
1218 3230 1234 3253 ⁷
1264 3231 1503 3283 tractatum]
1525 3244 1606 3271 om.
1629 3232 1689 3276 B„
1711 3233 1758 3270 A.
1780 3232 1936 3283 primae
1953 3245 2114 3272 manus.
2242 3233 2258 3257 ⁸
2285 3246 2367 3286 quo

624 3295 716 3322 cum
731 3282 952 3336 velatione]
970 3297 1064 3324 cum
1081 3297 1269 3337 quocum
1286 3284 1507 3330 velatione,
1525 3285 1573 3325 C.
1591 3300 1600 3331 ;
1631 3298 1724 3325 cum
1739 3298 1820 3337 quo
1842 3299 1935 3325 cum
1954 3286 2131 3339 aliquem
2150 3286 2365 3335 velatione,

623 3337 676 3375 D.
700 3338 762 3377 ed.
786 3350 846 3389 pr.
1032 3338 1048 3360 ⁹
1076 3339 1280 3390 versutiis]
1303 3339 1526 3385 blanditiis,
1549 3340 1594 3379 B.
1780 3340 1811 3364 ¹⁰
1838 3339 1899 3391 et]
1922 3353 2003 3380 om.
2027 3341 2090 3381 ed.
2113 3353 2201 3393 pr.;
2231 3347 2292 3381 est
2311 3348 2365 3388 et,

623 3390 667 3429 B.
685 3391 884 3431 secundae
895 3404 1053 3431 manus.
1167 3394 1195 3417 ¹¹
1224 3392 1483 3444 blaspheme]
1501 3393 1792 3445 blasphemiae,
1809 3395 1854 3433 C.
1871 3394 1934 3433 ed.
1951 3407 2012 3446 pr.
2115 3394 2146 3419 ¹²
2173 3394 2364 3447 Domini]

623 3444 818 3488 Domino,
840 3446 993 3485 A.B.C.
1164 3447 1193 3470 ¹³
1221 3447 1530 3499 consonantius]
1553 3448 1819 3494 constantius,
1839 3447 1901 3486 ed.
1923 3461 1985 3500 pr.
2160 3447 2190 3473 ¹⁴
2215 3449 2364 3500 credit]

622 3498 801 3543 credunt,
826 3499 869 3538 B.
892 3500 954 3539 ed.
975 3513 1035 3551 pr.
