2496 4108
137 457 291 487 mm.
557 401 560 405 ’
733 436 950 485 TRJA
974 437 1022 485 L
1052 437 1094 485 0
1115 437 1163 487 G
1187 437 1308 488 US.

858 821 1018 872 CAP.
1057 822 1176 872 XII.

460 955 538 1004 De
560 955 1022 1019 baptzkmoflumim's,
1047 956 1308 1018 sanguinis,
1321 955 1558 1018 flaminis.

193 1087 396 1136 Alz'tln‘a.
465 1086 630 1136 Placet
659 1086 778 1135 mihi
808 1086 989 1145 frater¹,
1016 1087 1152 1150 quod
1185 1086 1345 1151 tetigi2
1368 1087 1621 1134 materiam
1654 1086 1800 1135 istam
1828 1086 1890 1134 de

125 1169 293 1234 signis,
317 1169 433 1232 quia
455 1169 642 1217 videtur
673 1168 791 1216 mihi
824 1169 959 1231 quod
983 1170 1033 1216 in
1057 1179 1192 1232 parte
1225 1169 1457 1217 subtiliter
1491 1168 1707 1216 declaras
1734 1176 1891 1215 mate-

125 1251 262 1308 riam,
304 1249 414 1298 licet
454 1257 625 1298 contra
664 1249 918 1312 religiosos
965 1258 1159 1298 nostros
1203 1250 1336 1298 dicas
1382 1250 1539 1307 tacite,
1585 1248 1721 1311 quod
1762 1248 1889 1296 foret

124 1331 396 1395 expeditius
417 1331 507 1380 illis
531 1331 672 1394 signa
696 1347 783 1379 sua
816 1331 1073 1379 adinventa
1092 1331 1342 1380 dimittere.
1418 1331 1525 1379 Sic3
1546 1331 1639 1389 die,
1665 1344 1807 1392 rog0,
1828 1329 1891 1377 ad

129 1413 256 1462 duos
279 1414 399 1481 alios
421 1411 644 1478 objectus
669 1428 794 1476 quos
819 1414 993 1476 tetigit

194 1494 464 1544 Phroneszlr.
535 1495 700 1544 Placet
734 1495 877 1542 mihi5
919 1496 980 1544 de
1016 1482 1165 1544 onere
1206 1496 1342 1558 quod
1376 1495 1605 1558 injungis.
1680 1493 1890 1557 Oportet

125 1586 293 1627 tamen
338 1586 386 1626 te
433 1585 602 1626 notare
650 1586 868 1626 recenter
917 1578 978 1626 de
1025 1578 1331 1626 distinctione
1380 1577 1637 1625 locutionis
1682 1575 1888 1637 duplicis

126 1675 276 1723 quam
306 1660 548 1723 praemisi.
617 1659 682 1708 Et
713 1667 829 1708 tunc
863 1659 973 1708 dico
1007 1659 1070 1707 ad
1102 1659 1314 1722 primum
1347 1659 1551 1706 istorum
1585 1658 1885 1720 objectuum,

128 1741 264 1805 quod
303 1741 491 1790 videtur
530 1740 648 1788 mihi
686 1740 952 1804 probabile,
992 1739 1126 1802 quod
1167 1739 1388 1788 Christus
1430 1739 1543 1787 satis
1579 1747 1746 1801 posset
1781 1739 1887 1786 sine

127 1825 312 1873 lotione
346 1819 652 1886 hujusmodi⁶
684 1822 896 1870 infantes
939 1821 1243 1884 spiritualiter
1276 1822 1518 1884 baptisare
1555 1828 1603 1868 et
1644 1837 1731 1883 per
1766 1836 1886 1868 con-

129 1920 341 1968 sequens
376 1905 574 1954 salvare.
643 1903 790 1952 Unde
827 1903 998 1951 dicitur
1039 1904 1375 1961 communiter,
1419 1902 1554 1965 quod
1594 1903 1774 1964 triplex
1814 1911 1887 1950 est

128 1987 379 2050 baptismus
412 1986 660 2044 ecclesiae,
694 1986 875 2034 scilicet
908 1986 1178 2048 baptismus
1213 1985 1427 2034 fluminis
1462 1986 1738 2048 baptismus
1772 2001 1885 2033 san-

126 2069 289 2132 guinis
328 2077 377 2117 et
415 2054 685 2132 baptismus
725 2067 950 2126 flaminis,
993 2075 1042 2115 et
1082 2068 1282 2129 quilibet
1322 2082 1495 2115 eorum
1538 2082 1651 2114 cum
1689 2067 1886 2129 paribus

127 2150 300 2201 sufficit
345 2149 408 2198 ad
453 2150 672 2198 salutem.
741 2148 1040 2210 Baptismus⁷
1070 2148 1293 2212 fluminis·
1341 2156 1414 2197 est
1453 2148 1725 2211 baptismus
1773 2163 1885 2196 cum

128 2233 256 2296 aqua
278 2232 524 2290 materiali,
551 2231 611 2280 de
636 2246 735 2295 quo
766 2231 1012 2294 baptismo
1047 2231 1261 2279 crebrius
1294 2238 1368 2278 est
1391 2230 1623 2278 locutum.
1693 2229 1885 2291 Baptis-

127 2331 231 2364 mus
262 2323 424 2364 autem
454 2315 703 2376 sanguinis·
735 2321 808 2362 est
839 2313 971 2371 lotio,
996 2328 1093 2376 qua
1125 2313 1314 2361 animae
1348 2313 1598 2360 martirum
1631 2319 1742 2360 sunt
1773 2327 1885 2375 pur-

127 2405 285 2461 gatae.
355 2395 502 2445 Unde
538 2394 777 2444 illicitum⁸
813 2395 998 2443 videtur
1032 2394 1151 2442 mihi
1185 2394 1435 2442 effundere
1473 2394 1761 2456 sanguinem
1795 2393 1885 2442 ho-

127 2479 274 2527 minis
320 2493 424 2526 non
469 2477 742 2525 martirisati
789 2492 879 2539 pro
929 2475 1142 2534 Christ0,
1190 2476 1302 2524 loco
1349 2476 1525 2524 laticis⁹
1571 2475 1885 2538 baptismalis.

127 2559 238 2610 Nec
269 2559 428 2608 audeo
460 2574 686 2617 asserere,
727 2558 860 2620 quod
894 2557 1103 2606 infantes
1137 2558 1288 2605 occisi
1323 2573 1415 2620 pro
1441 2557 1650 2614 Christ0,
1683 2557 1744 2604 de
1781 2557 1885 2618 qui-

126 2642 263 2692 bus¹⁰
286 2641 461 2690 Matth.
484 2641 545 2699 ii„
573 2641 655 2703 qui
690 2639 814 2687 infra
845 2647 1071 2687 octavum
1097 2639 1227 2686 diem
1260 2639 1530 2686 circumcisi
1555 2653 1658 2686 non
1682 2637 1885 2689 fuerant,

127 2725 226 2774 sint
267 2724 497 2773 damnati.
574 2722 638 2770 Et
674 2721 819 2770 credo
855 2720 988 2783 quod
1024 2719 1252 2768 dominus
1287 2719 1588 2767 Armacanus
1622 2718 1885 2780 reputative

127 2806 319 2856 locutus
343 2814 417 2855 est
439 2814 487 2854 et
505 2819 607 2853 non
627 2804 885 2861 diffinitive,
911 2803 1065 2850 taliter
1084 2802 1360 2851 asserendo,
1438 2802 1706 2863 Baptismus
1725 2808 1886 2848 autem

111 2888 336 2953 flaminis
358 2896 432 2936 est
455 2889 726 2951 baptismus
752 2886 955 2949 Spiritus
980 2885 1159 2943 Sancti,
1185 2886 1267 2948 qui
1300 2893 1373 2933 est
1405 2885 1684 2947 simpliciter
1717 2898 1885 2931 neces·
1934 2884 1939 2889 “

128 2970 282 3019 sarius
306 2969 501 3019 cuilibet
522 2969 724 3027 homini,
750 2969 790 3017 si
815 2967 1077 3017 salvetur11.
1136 2967 1258 3015 Ideo
1284 2966 1382 3015 duo
1406 2966 1633 3030 baptismi
1653 2966 1840 3028 priores
1850 2964 1887 2990 ¹²

128 3059 243 3101 sunt
275 3050 372 3101 ut¹⁸
407 3052 546 3115 signa
580 3051 931 3109 antecedentia,
965 3058 1013 3098 et
1049 3065 1110 3098 ex
1147 3049 1479 3112 suppositione
1514 3047 1789 3096 necessaria
1823 3045 1886 3095 ad

125 3133 274 3183 istum
305 3134 498 3182 tertium
530 3133 826 3196 baptismum
858 3132 1084 3182 flaminis,
1153 3132 1278 3180 Ideo
1313 3132 1498 3194 absque
1524 3130 1824 3179 dubitatione
1833 3127 1883 3187 ¹⁴,

183 3269 199 3295 ²
226 3267 372 3322 frater]
391 3267 518 3308 frater
535 3267 735 3312 ffronesis,
756 3267 801 3307 B.
824 3267 1026 3308 secundae
1046 3279 1204 3307 manus.
1426 3264 1442 3289 ²
1470 3263 1608 3317 tetigi]
1630 3262 1814 3316 tetigisti,
1835 3261 1884 3303 B.

129 3323 197 3365 ed.
216 3336 279 3376 pr.
441 3322 458 3346 ³
485 3321 554 3363 Sic
594 3321 688 3368 Sed,
709 3322 771 3362 ed.
793 3335 855 3374 pr.
1020 3320 1035 3344 ⁴
1064 3321 1202 3374 tetigi]
1224 3320 1374 3372 detegi,
1394 3319 1458 3360 ed.
1479 3333 1541 3372 pr.
1717 3317 1732 3341 ⁵
1760 3317 1883 3370 mihi]

129 3390 214 3419 om.
235 3377 291 3417 D.
511 3376 527 3400 ⁶
586 3375 808 3428 ujusmodi]
830 3375 962 3428 hujus,
983 3376 1046 3416 ed.
1068 3389 1128 3428 pr.
1339 3374 1355 3399 ⁷
1383 3371 1633 3426 baptismus]
1655 3371 1885 3425 baptismus

127 3444 243 3484 ergo.
265 3431 423 3472 A.B.C.
443 3431 508 3471 ed.
523 3443 586 3483 pr.
779 3430 795 3454 ⁸
822 3430 1029 3483 illicitum]
1051 3436 1091 3470 et
1111 3430 1283 3469 licitum.
1304 3429 1367 3470 ed.
1388 3441 1449 3482 pr.
1683 3426 1699 3449 ⁹
1728 3425 1883 3478 laticis]

126 3485 314 3533 lotionis,
335 3485 384 3526 B.
403 3485 560 3539 primae
579 3497 748 3528 manus;
778 3484 888 3525 latex
900 3485 1090 3536 :liquon
1110 3484 1273 3524 humor.
1541 3481 1572 3505 ¹⁰
1600 3480 1766 3533 quibus]
1788 3493 1883 3532 quo,

124 3539 192 3581 ed.
213 3553 276 3592 pr.
510 3539 540 3564 ¹¹
569 3538 766 3591 salvetur]
788 3539 979 3586 salvatur,
1001 3539 1054 3578 A.
1294 3537 1324 3562 ¹²
1351 3535 1546 3589 baptismi
1565 3534 1741 3588 priores]
1762 3534 1885 3587 primi

126 3594 339 3647 baptismi,
361 3594 459 3634 B.C.
571 3592 600 3618 ¹⁸
627 3593 692 3646 ut]
715 3606 796 3634 om.
818 3593 883 3634 ed.
903 3607 965 3647 pr.
1075 3591 1106 3616 ¹⁴
1134 3591 1411 3643 dubitatione]
1433 3591 1655 3635 dubietate,
1675 3589 1740 3630 ed.
1759 3602 1821 3642 pr.

1980 1927 2106 1961 Triplex

1978 1960 2149 2002 baptismus
2162 1972 2170 1992 ε
