2462 4114
54 451 55 454 =
134 443 292 480 ema.
403 394 406 396 ’
732 428 1308 480 TRJALOGUS.

2 574 6 575 ⁷
49 599 51 604 .
134 560 532 622 est‘poenitentia
555 571 820 625 aggregata
843 579 903 611 ex
929 564 1116 613 duabus
1147 566 1386 628 prioribus
1420 575 1467 614 et
1499 567 1888 630 promulgatione

135 645 323 689 secreta
366 642 549 704 private
596 643 723 692 facta
769 647 1051 708 presbytero
1066 663 1078 706 ;
1139 656 1188 695 et
1234 647 1297 695 ad
1343 649 1484 696 istam
1540 650 1889 710 poenitentiam

49 724 53 731 ’
134 721 305 771 nimis¹
346 724 638 773 attendimus
676 734 874 788 propter
909 728 1109 775 lucrum.
1180 728 1356 776 Utrum
1399 739 1559 777 autern
1596 731 1684 778 ista
1719 731 1889 793 poeni-

133 805 284 852 tentia
305 805 444 875 tertia
478 806 539 853 sit
573 806 634 854 de
671 809 954 856 necessitate
991 809 1167 867 salutis,
1192 811 1266 857 vel
1302 825 1398 873 qua
1433 813 1716 859 auctoritate
1741 813 1888 860 intro-

132 884 280 935 ducta
313 885 481 945 fuerat,
517 895 592 935 est
626 887 867 936 dissensio
903 890 1033 952 apud
1069 891 1261 939 multos.
1334 891 1431 939 Sed
1467 901 1659 954 oportet
1694 894 1890 941 credere

1 949 3 951 .
46 977 50 980 '
120 965 414 1032 Johanm'de
435 967 536 1016 Deo
553 968 610 1016 ‘in
635 970 726 1018 hac
756 960 907 1032 parte,
933 973 1016 1034 qui
1041 973 1090 1019 in
1115 973 1278 1034 glossa
1302 974 1546 1021 ordinaria
1570 965 1891 1022 Decretorum

43 1055 49 1058 ”
134 1047 253 1098 dicit
294 1057 411 1113 post
455 1050 633 1099 multas
680 1053 938 1114 opiniones
980 1069 1102 1115 quas
1144 1056 1385 1116 reprobat,
1428 1056 1562 1116 quod
1603 1055 1892 1102 Innocentius

54 1183 58 1191 ,
132 1132 299 1180 Ισίτὶιε
320 1130 448 1180 hanc
472 1131 667 1191 invenit,
687 1141 736 1181 et
754 1149 844 1196 pro
865 1135 968 1197 ejus
989 1135 1356 1183 confirmatione
1375 1136 1501 1183 hanc
1526 1137 1687 1198 legem
1713 1137 1887 1194 statuit,

134 1212 342 1262 ‘Omnis
374 1214 623 1276 utriusque
660 1215 836 1274 sexus‚’
876 1232 1000 1279 quae
1036 1218 1086 1263 in
1121 1218 1291 1279 quinto
1330 1217 1659 1265 Decretalium
1694 1233 1891 1280 expres-

133 1293 303 1344 satur².
373 1293 500 1342 Mihi
533 1304 696 1344 autem
731 1297 928 1356 videtur,
962 1306 1015 1346 ut
1051 1299 1302 1361 explanavi
1339 1299 1572 1357 diffusius,
1600 1301 1734 1362 quod
1770 1299 1894 1347 foret

133 1375 369 1424 ecclesiae
409 1377 583 1435 utilius,
623 1386 676 1425 ut
718 1379 779 1426 de
821 1381 978 1442 prima
1019 1381 1316 1443 poenitentia
1352 1388 1399 1428 et
1438 1381 1653 1428 secunda
1688 1381 1894 1428 ecclesia

55 1509 59 1513 ,
134 1457 493 1518 contentetur³;
549 1459 636 1507 sed
683 1460 792 1508 licet
839 1462 977 1509 tertia
1031 1462 1194 1509 multis
1249 1470 1426 1510 noceat
1473 1470 1521 1510 et
1567 1463 1720 1510 multa
1766 1463 1894 1510 mala

133 1537 323 1602 utrique
358 1541 482 1603 parti
516 1541 741 1603 ingerat⁴,
778 1551 1110 1591 verumtamen
1146 1544 1259 1591 facit
1294 1544 1525 1591 ecclesiae
1561 1544 1712 1590 multa
1747 1545 1892 1591 bona.

135 1619 259 1668 Ideo
283 1636 397 1670 eum
409 1628 564 1683 posset
583 1624 708 1671 bene
733 1624 849 1682 fieri,
875 1625 1060 1672 videtur
1083 1625 1200 1671 mihi
1225 1625 1359 1686 quod
1384 1627 1443 1672 sit
1473 1641 1533 1672 ex
1559 1626 1894 1686 suppositione

134 1704 410 1752 necessaria
432 1711 481 1752 et
505 1705 573 1753 sic
603 1713 676 1753 est
709 1707 988 1769 simpliciter
1012 1706 1325 1764 necessaria⁵,
1352 1708 1467 1768 quia
1500 1707 1738 1768 aliquibus
1771 1723 1895 1770 quos

133 1782 272 1833 Deus
307 1785 370 1834 ad
403 1785 499 1834 hoc
534 1788 846 1849 praeordinat
882 1788 1036 1836 taliter
1061 1788 1292 1845 confiteri,
1319 1803 1432 1835 cum
1467 1789 1605 1835 multi
1630 1804 1690 1836 ex
1726 1790 1895 1836 erube-

134 1866 320 1915 scentia
358 1866 498 1916 Deo⁰
538 1869 820 1916 confitendo
869 1878 1124 1931 peccatum
1172 1870 1506 1926 commissum,
1551 1878 1599 1916 et
1647 1885 1707 1918 ex
1757 1885 1894 1917 com-

133 1947 375 2011 pletione⁷
398 1950 724 2012 poenitentiae
759 1951 1017 2013 injunctae,
1045 1966 1157 1998 cum
1192 1951 1366 1998 timore
1402 1951 1518 1998 alias
1555 1952 1711 1999 taliter
1741 1952 1893 1998 confi-

131 2029 281 2089 tendi,
300 2046 330 2079 a
351 2039 556 2093 peccato
580 2032 752 2080 iterum
771 2032 1123 2080 committendo
1144 2033 1466 2080 communiter
1486 2047 1537 2079 se
1557 2041 1892 2094 praeservant;

134 2113 223 2162 sed
245 2127 347 2161 non
373 2114 535 2162 eredat
563 2115 748 2178 aliquis,
775 2115 892 2178 quin
925 2116 1029 2163 sine
1061 2115 1142 2167 tali
1176 2115 1483 2163 confessione
1519 2116 1769 2163 auriculari
1803 2124 1894 2164 stat

134 2193 387 2243 hominem
411 2207 520 2244 vere
545 2197 730 2246 conteri
753 2205 801 2244 et
827 2197 1010 2254 salvari,
1038 2211 1150 2244 cum
1175 2196 1344 2244 Petrus
1373 2197 1581 2259 injunxit
1613 2198 1892 2259 generalem

133 2277 498 2340 poenitentiam,
535 2286 589 2342 ut
623 2286 755 2341 patet
789 2278 899 2326 Act.
937 2278 1024 2336 ii.⁸,
1061 2286 1108 2326 et
1145 2278 1360 2338 suffecit;
1413 2279 1513 2325 imo
1550 2279 1682 2327 aliter
1717 2295 1891 2327 omnes

135 2358 316 2407 mortui
356 2374 387 2407 a
426 2367 647 2422 ternpore
697 2360 996 2408 ascensionis
1045 2359 1224 2408 Christi
1270 2376 1425 2422 usque
1474 2362 1537 2408 ad
1578 2359 1893 2408 Innocentium

134 2442 317 2488 tertium
359 2439 519 2489 forent
564 2442 793 2500 damnati,
837 2429 970 2504 quod
1008 2442 1144 2490 nefas
1187 2450 1258 2489 est
1297 2442 1508 2500 credere,
1551 2458 1664 2489 cum
1711 2457 1893 2504 suppo-

63 2545 65 2547 ·
136 2523 312 2580 nimus,
339 2522 472 2585 quod
496 2524 588 2571 sub
612 2524 701 2572 ista
734 2524 840 2586 lege
867 2525 1028 2586 papali
1064 2531 1111 2571 et
1146 2524 1250 2586 ejus
1285 2524 1524 2571 servantia
1560 2525 1720 2586 plures
1757 2525 1893 2571 dam-

137 2612 312 2652 nantur
330 2619 479 2667 quam
505 2605 720 2669 damnati
739 2605 926 2653 fuerant
945 2607 1050 2653 sine
1076 2606 1166 2653 illa.
1228 2605 1452 2652 Similiter
1472 2621 1618 2652 nemo
1639 2606 1893 2654 absolvens

136 2687 460 2736 communiter
501 2688 589 2735 scit
628 2687 942 2749 gravedinem
989 2689 1174 2750 peceati
1223 2686 1446 2744 confessi,
1490 2688 1612 2734 sicut
1655 2688 1807 2735 nescit
1855 2688 1894 2735 si

137 2768 376 2818 confitens
417 2768 478 2816 sit
524 2770 772 2826 contrituS‚
816 2777 863 2816 et
904 2770 1028 2816 bene
1072 2769 1159 2816 scit
1201 2768 1334 2831 quod
1383 2768 1516 2815 aliter
1564 2783 1665 2815 non
1713 2769 1896 2817 deletur

137 2858 424 2914 peccatum;
462 2850 715 2913 quomodo
740 2866 859 2912 ergo
884 2850 1167 2898 mentiendo
1192 2864 1335 2911 super
1360 2848 1605 2896 Christum
1630 2856 1730 2897 tam
1763 2849 1895 2898 fron-

137 2939 245 2986 tose
283 2932 566 2990 absolveret,
603 2940 652 2980 et
693 2932 1057 2995 poenitentiam,
1098 2932 1234 2994 cujus
1273 2931 1642 2993 proportionem
1685 2931 1747 2979 ad
1782 2947 1895 2994 pec-

68 3058 69 3062 ,
138 3023 303 3065 catum
322 3016 530 3078 ignorat,
550 3015 857 3078 injungeret?
919 3013 1144 3061 Similiter
1169 3013 1399 3061 nonlicet
1423 3027 1622 3060 onerare
1642 3013 1895 3061 ecclesiam

140 3112 254 3146 cum
293 3097 433 3146 novis
474 3097 812 3146 traditionibus
853 3104 900 3144 et
943 3096 1212 3158 specialiter
1259 3095 1510 3157 suspectis,
1554 3109 1666 3142 cum
1713 3095 1897 3156 priores

140 3178 418 3228 sufficiant’.
491 3177 590 3227 Sed
614 3178 746 3241 leges
781 3178 841 3226 de
874 3177 1261 3226 confessionibus
1294 3178 1344 3223 in
1377 3176 1609 3238 scriptura
1640 3191 1896 3238 expressae

198 3357 213 3382 ¹
242 3356 384 3410 nimis]
399 3357 543 3409 magis,
561 3355 716 3396 A.B.C.
733 3355 796 3396 ed.
813 3368 873 3408 pr.
963 3355 978 3378 ²
1006 3355 1056 3395 cs.
1072 3354 1364 3400 Decretalium,
1380 3354 1450 3394 lib.
1460 3354 1511 3393 V.
1525 3354 1586 3394 tit.
1603 3354 1762 3394 xxxviii.
1779 3367 1814 3395 c.
1836 3366 1897 3395 12.

143 3411 159 3436 ⁸
187 3410 466 3463 contentetur]
489 3416 804 3455 contentaretur,
826 3410 881 3449 D.
1046 3409 1060 3432 ⁴
1088 3409 1262 3462 ingerat]
1285 3409 1445 3460 ingerit,
1466 3408 1528 3448 ed.
1550 3422 1611 3461 pr.
1786 3409 1802 3432 ³
1830 3423 1899 3451 ne·

145 3465 340 3518 cessaria]
361 3465 645 3510 necessarium,
668 3464 766 3504 B.C.
787 3464 850 3503 ed.
871 3477 932 3516 pr.
1097 3464 1112 3486 ⁶
1142 3463 1254 3515 Deo]
1277 3463 1341 3509 de,
1362 3463 1424 3502 ed.
1446 3475 1507 3514 pr.
1675 3462 1691 3485 ⁷
1720 3475 1770 3504 ex
1789 3476 1899 3504 com·

146 3519 347 3574 pletione]
369 3519 610 3572 expletione,
632 3518 734 3559 A.B.
757 3518 912 3571 primae
931 3530 1089 3562 manus,
1110 3518 1172 3557 ed.
1194 3531 1254 3570 pr.
1474 3518 1488 3540 ⁸
1518 3518 1612 3559 Act.
1635 3516 1696 3571 ii.]
1719 3519 1813 3559 Act.
1830 3518 1899 3564 iii.,

147 3575 226 3622 A.;
257 3574 309 3615 cf.
331 3574 424 3615 Act.
446 3574 486 3613 ii.
507 3574 575 3623 38.
741 3575 755 3596 ⁹
786 3572 1004 3624 sufficiant]
1027 3571 1241 3617 sufficiunt,
1263 3572 1325 3612 ed.
1348 3585 1408 3624 pr.

1946 790 1980 809 or
1982 782 2125 810 iiiiiiii
