2436 4094
336 454 438 528 154

993 454 1436 519 JOANNIS
1504 453 1863 505 WICLIF
2160 470 2318 500 unm.

569 590 807 638 deletione
824 589 1022 651 peccati,
1041 603 1152 635 cum
1168 587 1387 636 diabolus
1402 588 1547 636 utitur
1565 603 1725 636 errore
1742 585 2058 636 scholastico¹
2073 584 2136 634 ad
2148 584 2318 633 haere·

567 686 644 719 ses
667 671 718 717 in
741 670 957 717 moribus
982 669 1281 717 inducendas
1291 669 1321 716 ².
1380 668 1444 716 Et
1469 670 1535 717 sic
1555 670 1798 734 seducitur
1821 669 1989 717 schola
2010 667 2158 716 hodie
2181 666 2313 714 circa

567 765 720 808 casuS‚
747 750 796 796 in
822 751 996 812 quibus
1020 750 1216 811 ponitur
1241 749 1376 811 quod
1403 749 1539 797 Deus
1568 749 1764 797 inducat
1795 750 1999 811 gratiam
2030 747 2318 804 successive,

566 839 612 878 et
637 831 903 878 successive
929 831 1104 878 educat
1127 838 1398 893 peccatum,
1427 831 1496 878 sic
1520 832 1654 893 quod
1682 832 1836 894 gratia
1867 838 1914 878 et
1945 836 2201 892 peccatum
2224 841 2316 890 pro

565 912 759 959 instanti
789 912 951 974 aliquo
988 921 1330 974 coaequentur.
1402 911 1569 960 Gratia
1600 912 1731 960 enim
1762 909 2213 974 praedestinationis
2245 908 2318 956 et⁸

564 993 718 1041 finalis
742 993 1018 1055 reprobatio
1043 1009 1145 1040 non
1169 1001 1376 1056 possunt
1400 992 1557 1041 inesse
1582 993 1783 1050 homini,
1805 993 1897 1040 nisi
1920 993 2063 1055 plene
2087 990 2317 1038 insuerint

563 1090 653 1137 pro
689 1075 898 1132 instanti,
937 1089 1049 1122 cum
1088 1089 1190 1120 non
1227 1082 1435 1136 possunt
1475 1074 1652 1121 habere
1692 1081 1854 1136 partes
1893 1072 2188 1136 hujusmodi,
2225 1085 2316 1119 nec

562 1156 740 1218 gratia4
764 1155 1034 1203 secundum
1069 1163 1376 1216 praesentem
1408 1156 1653 1218 justitiam,
1675 1170 1768 1203 nec
1803 1162 2005 1217 peccata
2041 1153 2316 1203 secundum

562 1244 865 1299 praesentem
881 1235 1185 1299 inJustitiam⁵
1203 1244 1407 1298 possunt
1425 1237 1582 1284 inesse
1601 1236 1800 1296 homini,
1817 1237 1909 1284 nisi
1928 1236 2070 1298 plene
2088 1234 2317 1284 insuerint

562 1328 609 1367 et
650 1321 809 1367 subito
847 1333 938 1381 pro
980 1318 1190 1366 instanti.
1260 1318 1381 1368 Ideo
1424 1333 1536 1366 curn
1577 1319 1704 1366 circa
1743 1319 1990 1381 possibilia
2025 1317 2170 1366 debet
2208 1322 2316 1364 esse

563 1401 796 1459 doctrina,
818 1401 880 1449 ad
904 1400 1023 1464 quid
1048 1399 1160 1448 facit
1184 1399 1405 1449 diabolus
1430 1415 1546 1449 suos
1569 1400 1829 1463 discipulos
1853 1401 1980 1449 circa
2003 1396 2318 1463 impossibilia

562 1482 788 1545 evagari?
1763 1473 1766 1475 ⁵

1278 1721 1437 1772 CAP.
1474 1721 1617 1770 VIII.

1083 1838 1217 1887 Num
1242 1840 1366 1886 mala
1390 1840 1640 1887 necessario
1650 1838 1791 1901 fiant.

631 1949 859 1996 Pseustz's.
929 1949 990 1996 In
1026 1949 1252 1996 omnibus
1287 1948 1387 1996 istis
1424 1948 1695 2005 considero,
1722 1946 1857 2009 quod
1893 1943 2126 2007 fingendo
2156 1941 2317 1990 infun-

565 2029 781 2077 dabiliter
805 2037 1096 2091 conceptum
1120 2022 1374 2090 proprium
1389 2038 1641 2076 extraneas
1666 2043 1695 2075 a
1713 2026 1959 2096 modernis
1979 2033 2026 2073 et
2045 2024 2108 2072 ad
2131 2031 2317 2072 tantum

566 2110 801 2168 dilaberis,
828 2110 962 2172 quod
997 2110 1155 2172 poniS,
1192 2109 1377 2157 nullum
1414 2110 1708 2172 praescitum
1740 2107 1904 2155 Deum
1938 2121 2084 2169 posse
2119 2105 2315 2154 salvare.

568 2191 666 2238 Sed
690 2206 814 2253 quae
839 2191 996 2253 major
1018 2190 1265 2239 haeresis?

631 2272 906 2320 phronesis.
978 2273 1038 2319 In
1070 2274 1161 2320 ista
1191 2272 1392 2319 materia
1423 2279 1532 2319 utor
1564 2271 1779 2319 terminis
1812 2270 1936 2318 sicut
1966 2268 2040 2316 usi
2065 2275 2177 2316 sunt
2201 2267 2318 2315 doc-

565 2361 695 2401 tores
732 2354 914 2416 antiqui
949 2356 1069 2401 moti
1094 2370 1154 2401 ex
1190 2355 1454 2402 rationibus
1490 2360 1539 2400 et
1573 2353 1818 2414 scriptura.
1875 2349 2119 2414 'Moderni
2153 2356 2318 2396 autem

566 2435 649 2496 qui
680 2435 925 2496 baptisant
949 2435 1180 2483 terminos
1213 2435 1481 2483 secundum
1513 2449 1600 2481 sua
1632 2433 1837 2490 arbitria,
1861 2432 1939 2479 vix
1971 2430 2233 2479 fundantur
2263 2430 2316 2478 in

565 2516 645 2565 illo
682 2516 962 2578 syllogismo
998 2518 1177 2578 topic0,
1215 2517 1297 2578 qui
1332 2515 1511 2563 multos
1551 2514 1742 2577 decipit,
1779 2517 1791 2539 ‘
1807 2514 1940 2561 curia
1975 2511 2203 2560 Romana
2235 2511 2310 2559 vel

567 2597 805 2654 doctores,
831 2612 954 2660 quos
979 2599 1218 2659 approbat
1227 2598 1257 2656 ⁶,
1279 2598 1346 2646 sic
1370 2597 1645 2659 loquuntur,
1665 2610 1783 2658 ergo
1801 2610 1968 2643 verum
1980 2591 2011 2654 3'
2048 2593 2135 2642 sed
2150 2607 2315 2641 revera

565 2693 667 2726 non
702 2679 857 2740 magis
895 2679 1110 2741 sequitur
1143 2694 1305 2741 quam,
1340 2681 1352 2704 ‘
1370 2679 1410 2727 si
1443 2678 1679 2726 diaconus
1714 2685 1788 2725 est
1822 2683 2062 2738 comptuS,
2093 2682 2209 2723 tunc
2244 2681 2318 2722 est

566 2759 840 2807 luxuriosus
856 2760 885 2820 ;'
923 2775 1035 2808 cum
1059 2760 1290 2823 praedicti
1315 2760 1540 2808 homines
1564 2758 1918 2807 infundabiliter
1940 2756 2093 2804 multa
2114 2755 2317 2818 fingunt.

567 2841 686 2888 Ideo
719 2848 963 2903 oporteret
997 2842 1243 2889 attendere
1275 2841 1338 2889 ad
1371 2841 1664 2889 fundationis
1697 2840 1924 2899 radicem,
1950 2847 1998 2887 et
2022 2829 2218 2897 'inventa
2241 2836 2321 2884 illa

565 2922 642 2970 ut⁷
666 2924 940 2970 necessario
967 2923 1122 2970 stabili
1146 2922 1480 2980 fundamento,
1501 2921 1764 2969 evidentias
1782 2921 1984 2982 topicas,
2004 2918 2171 2982 quales
2189 2906 2319 2965 deci-

567 3005 705 3065 piunt
729 3005 873 3052 nimis
907 3004 1100 3062 multos,
1126 3005 1394 3066 relinquere
1431 3010 1478 3051 et
1512 3003 1563 3049 in
1598 3001 1916 3049 fundamento
1951 2999 2225 3047 necessario
2261 3013 2318 3046 ac

568 3085 764 3147 sequela
798 3085 1097 3133 indubitabili
1133 3092 1401 3146 expectare.
1474 3083 1573 3131 Sed
1608 3098 1706 3144 quo
1743 3082 1805 3130 ad
1839 3082 2029 3144 lapsum
2059 3094 2223 3127 meum
2256 3079 2318 3127 de

567 3166 856 3223 necessario,
882 3165 1045 3214 recolo
1069 3181 1148 3213 me
1173 3164 1375 3213 dixisse⁸
1401 3165 1451 3211 in
1474 3165 1595 3211 libro
1630 3165 1802 3225 primo,
1829 3162 1963 3224 quod
1994 3162 2160 3209 omnia
2191 3175 2316 3223 quae

568 3247 832 3305 eveniunt9,
852 3248 1125 3295 necessario
1146 3246 1364 3294 absolute
1385 3244 1649 3293 eveniunt⁹.
1710 3245 1773 3292 Et
1793 3245 1861 3291 sic
1879 3243 2014 3291 Deus
2033 3257 2135 3290 non
2155 3249 2314 3304 potest

624 3369 635 3391 ¹
666 3367 931 3420 scholastico]
953 3367 1192 3414 simoniaco,
1213 3366 1259 3406 B.
1281 3366 1482 3406 secundae
1500 3378 1656 3406 manus.
1865 3363 1882 3386 ²
1909 3361 2178 3413 inducendas]
2199 3361 2315 3402 indu-

570 3422 733 3468 cendos,
753 3423 816 3462 ed.
836 3435 897 3474 pr.
1137 3421 1152 3444 ³
1181 3421 1242 3473 et]
1266 3421 1382 3466 sicut,
1403 3421 1465 3460 ed.
1486 3433 1546 3472 pr.
1764 3418 1779 3441 ⁴
1805 3431 1881 3457 nec
1899 3415 2048 3470 gratia]
2069 3415 2148 3454 nisi
2166 3416 2313 3467 gratia,

570 3476 633 3514 ed.
654 3489 740 3527 pr.;
769 3476 956 3527 gratiam,
973 3476 1185 3516 A.B.C.D.
1268 3476 1284 3498 ⁵
1310 3474 1568 3526 injustitiam]
1586 3472 1797 3526 justitiam,
1812 3472 1874 3512 ed.
1887 3485 1948 3524 pr.
2044 3470 2059 3493 ⁶
2086 3469 2311 3521 approbat]

570 3531 879 3636 ἓρρῑοίῗεινεᾶεῒ,
895 3530 958 3591 ed:
979 3543 1038 3623 pit:
1061 3584 1100 3624 A
1117 3529 1209 3624 BC⁷
1237 3529 1300 3623 uCtl]
1323 3542 1404 3568 om.
1426 3529 1487 3569 ed.
1508 3542 1568 3582 pr.
1697 3528 1712 3552 ⁸
1740 3539 1806 3567 me
1824 3525 1989 3578 dixisse]
2009 3523 2118 3576 quod
2137 3523 2234 3569 dixi,
2256 3523 2310 3563 D.

614 3595 782 3623 evemun
842 3597 1008 3624 evemen
1031 3614 1039 3631 ,
1105 3614 1113 3623 .
1155 3615 1163 3623 .
1206 3614 1214 3623 .
1236 3596 1258 3624 e
1290 3614 1298 3623 .
1318 3596 1378 3636 pr.
