2456 4088
113 489 273 525 cnam.
699 467 1295 526 TRIALOGUS.

114 603 305 654 tilitates
340 605 535 656 scholae
576 609 919 671 praetermitt0‚
957 618 1004 659 et
1046 610 1162 660 alias
1197 610 1445 667 vanitateS‚
1481 623 1606 672 quae
1641 615 1876 657 vocantur

115 686 413 748 subtilitateS‚
433 690 679 750 subtice0;
715 690 776 739 de
801 706 902 754 quo
926 692 1136 754 gaudeo.
1210 691 1324 740 Scio
1348 699 1515 740 tamen
1540 690 1674 754 quod
1699 705 1876 738 arcana

115 765 368 818 difficultas
402 779 475 819 est
510 770 571 818 de
607 772 870 835 quantitate
906 774 1093 822 numeri
1130 772 1486 831 salvandorum,
1522 781 1570 820 et
1605 771 1743 819 Deus
1778 771 1876 818 vult

112 847 270 912 ipsam
309 852 454 900 nobis
490 867 597 901 esse
632 854 987 912 absconditam,
1026 855 1148 903 sicut
1190 854 1452 903 adventum
1494 852 1589 902 diei
1620 851 1788 916 judicii
1828 860 1875 900 et

112 932 428 994 quantitatem
451 936 685 997 temporis
709 935 1056 998 praecedentis.
1129 933 1506 983 Verumtamen¹
1530 934 1717 982 videtur
1752 932 1870 980 mihi

110 1013 376 1076 probabile,
402 1015 538 1078 quod
560 1023 632 1064 tot
654 1016 880 1065 homines
914 1017 1220 1065 salvabuntur
1244 1025 1364 1079 quot
1398 1016 1557 1078 angeli
1582 1015 1873 1072 ceciderunt,

111 1102 160 1144 et
181 1103 306 1168 quot
329 1095 556 1146 homines
587 1105 743 1146 stante
777 1113 838 1146 eX
862 1099 1052 1160 integro
1086 1106 1211 1147 statu
1235 1099 1545 1146 innocentiae
1574 1105 1875 1156 crearentur3

111 1185 159 1227 et
198 1177 268 1227 sic
309 1178 570 1227 occasione
612 1187 814 1243 accepta
855 1195 917 1227 ex
958 1179 1053 1228 Dei
1093 1180 1248 1243 gratia
1287 1187 1388 1227 tam
1426 1186 1684 1242 peccatum
1726 1178 1869 1241 primi

110 1258 271 1321 angeli
312 1274 461 1322 quam
498 1269 758 1322 peccatum
796 1261 939 1323 primi
981 1261 1194 1309 hominis
1233 1261 1348 1309 fecit
1384 1262 1585 1309 bonum.
1670 1259 1876 1308 Videtur

110 1340 243 1388 enim
261 1338 434 1390 decere
452 1341 618 1390 Deum
635 1342 936 1390 Dominum²
955 1343 1285 1405 magnificum,
1306 1341 1442 1405 quod
1459 1341 1538 1389 illa
1556 1341 1780 1389 coelestis
1800 1340 1868 1388 ci-

109 1421 231 1470 vitas
248 1421 372 1470 ultra
389 1423 578 1471 ruinam
596 1423 808 1472 tantam⁸
830 1439 892 1472 ex
911 1432 1115 1487 peccato
1136 1424 1198 1471 ad
1218 1424 1388 1472 melius
1413 1423 1714 1480 reformetur,
1735 1430 1785 1470 et
1804 1422 1873 1470 sic

110 1511 231 1567 quot
254 1503 447 1553 fuerunt
471 1506 664 1568 spiritus
690 1506 836 1554 creati
860 1507 911 1553 in
934 1506 1105 1554 mundi
1130 1506 1382 1569 principio,
1409 1513 1457 1552 et
1490 1512 1611 1567 quot
1642 1504 1870 1552 homines

110 1585 163 1633 in
185 1592 312 1634 statu
341 1586 651 1636 innocentiae
683 1588 1002 1650 producendi,
1027 1595 1102 1636 tot
1134 1595 1274 1635 erunt
1307 1587 1502 1649 spiritus
1535 1602 1596 1634 ex
1628 1585 1875 1634 creatione

110 1666 372 1716 hominum
393 1668 657 1717 coelestem
687 1669 871 1717 curiam
903 1670 1213 1731 integrantes.
1284 1669 1349 1716 Et
1373 1669 1441 1716 sic
1465 1668 1634 1730 generi
1658 1667 1886 1715 humanov

110 1748 435 1812 multipliciter
465 1751 624 1799 evenit
654 1751 845 1798 bonum
868 1751 1130 1799 occasione
1154 1751 1341 1812 peccati
1366 1765 1454 1812 per
1476 1750 1682 1812 gratiam
1708 1748 1874 1797 Salva-

110 1830 243 1879 toris.
313 1829 378 1879 Et
418 1839 550 1894 patet
589 1831 640 1879 in
680 1840 817 1894 parte
859 1831 1035 1880 solutio
1074 1831 1137 1879 ad
1172 1832 1363 1879 tertiam
1402 1839 1537 1878 tuam
1580 1831 1876 1891 instantiam,

84 1925 306 1974 ‚semper
351 1912 590 1960 servando
631 1912 744 1961 Deo
791 1928 969 1962 arcana
1016 1928 1133 1961 suae
1181 1913 1394 1970 notitiae,
1437 1920 1491 1960 ut
1532 1912 1615 1975 qui
1663 1919 1711 1959 et
1757 1919 1878 1975 quot

109 1992 338 2042 homines
382 1993 706 2052 salvabuntur,
749 1995 833 2057 qui
880 2002 928 2042 et
974 2002 1094 2057 quot
1139 1994 1367 2043 homines
1407 1993 1786 2051 damnabuntur,
1830 2001 1878 2041 et

110 2081 348 2138 quantum
380 2075 468 2124 erit
498 2075 732 2139 gaudium
763 2077 1034 2135 beatorum,
1068 2084 1150 2124 aut
1175 2076 1258 2138 qui
1291 2075 1522 2124 homines
1559 2074 1623 2123 ad
1661 2074 1878 2144 aequali-

110 2163 260 2205 tatem
283 2157 571 2220 angelorum
595 2158 672 2206 vel
696 2158 1163 2222 supereminentiam
1188 2166 1509 2207 assumentur.

803 2500 961 2564 CAP,
999 2501 1188 2549 XX1X.

411 2628 633 2679 Chrzlrtus
657 2645 805 2678 omnes
827 2637 871 2678 et
890 2631 1094 2679 homines
1110 2638 1153 2678 et
1174 2631 1359 2693 angelos
1383 2636 1593 2692 superat:

180 2753 386 2802 Alitlu‘a.
455 2753 622 2802 Placet
645 2754 706 2802 de
731 2754 823 2802 ista
854 2754 1092 2802 sententia
1124 2761 1171 2801 et
1204 2753 1473 2816 specialiter
1496 2754 1612 2815 quia
1644 2767 1804 2800 servas
1829 2760 1876 2800 te

2016 483 2118 538 229

113 2835 165 2883 in
187 2833 419 2885 limitibus
443 2835 747 2899 ignorantiae
756 2836 788 2893 ⁴,
823 2835 1023 2883 fatendo
1047 2834 1288 2882 humiliter
1312 2834 1448 2897 quod
1481 2828 1694 2896 ignGras.
1777 2831 1876 2880 Sed
1923 2830 1928 2835 ”
2014 2823 2018 2825 “

113 2931 268 2964 unum
299 2916 486 2965 videtur
517 2917 651 2976 mihi,
687 2925 734 2965 te
766 2916 1021 2965 manifeste
1057 2916 1273 2973 innuere,
1310 2915 1444 2978 quod
1478 2913 1622 2978 Jesus
1654 2914 1876 2963 Christus

114 2996 251 3047 Deus
292 3006 340 3047 et
376 2997 529 3047 homo
571 2998 762 3046 excedit
803 2998 1046 3047 infinitum
1090 3013 1192 3046 non
1234 2998 1394 3045 solum
1435 3011 1610 3045 omnes
1651 2996 1876 3045 homines

115 3080 204 3129 sed
221 3095 395 3130 omnes
419 3081 615 3129 ordines
641 3080 954 3144 angelorum;
992 3088 1040 3128 et
1064 3080 1114 3126 in
1136 3079 1232 3128 hoc
1258 3078 1492 3126 debemus
1513 3093 1687 3126 omnes
1706 3077 1876 3126 fratres

116 3161 191 3210 sui
229 3161 443 3226 gaudere
484 3170 533 3211 et
571 3163 783 3211 exultare
823 3161 1192 3225 quodammodo
1236 3160 1420 3208 infinite
1437 3175 1449 3218 ;
1505 3175 1566 3207 ex
1608 3159 1704 3207 hoc
1746 3159 1876 3206 enim

113 3241 352 3302 habemus
375 3245 538 3293 bonos
568 3244 771 3306 angelos
795 3243 1042 3306 adjutores
1066 3251 1114 3291 et
1138 3242 1294 3290 malos
1328 3241 1529 3303 angelos
1554 3241 1697 3288 velint
1722 3240 1877 3288 nolint

114 3323 290 3374 utiliter
331 3326 611 3383 servienteS‚
647 3333 695 3373 et
732 3325 974 3373 infinitum
1015 3324 1123 3387 plus
1161 3338 1308 3386 quam
1351 3337 1572 3370 enarrare
1616 3321 1878 3370 sufficimus

115 3406 348 3468 gaudium
372 3407 616 3455 libertatis.

170 3529 184 3553 ¹
213 3528 515 3582 verumtamen]
537 3541 664 3569 unum
685 3534 835 3574 tamen,
855 3527 918 3567 ed,
940 3540 1000 3579 pr.
1153 3526 1168 3548 ²
1198 3526 1334 3566 Deum
1356 3524 1605 3577 Dominum]
1627 3538 1709 3564 om.
1731 3525 1795 3565 ed.
1817 3538 1878 3578 pr.

115 3583 130 3606 ³
158 3583 339 3636 tantam]
361 3589 584 3629 causatam,
606 3583 661 3622 D.
955 3581 969 3603 ⁴
998 3579 1274 3633 ignorantiae]
1296 3579 1554 3632 ignorantiae
1574 3579 1808 3626 servandae,
1832 3580 1878 3619 B.

115 3637 328 3684 secundae,
350 3637 454 3678 Ac.
475 3637 630 3690 primae
650 3649 806 3676 manus.
