2436 4094
332 447 433 497 124

1020 431 1448 494 JOANNIS
1519 432 1871 489 WICLIF
2177 456 2321 486 man.

567 575 754 629 septem
786 565 1003 627 planetas
1037 565 1250 627 ponunt¹
1281 565 1472 613 coelum
1509 566 1748 614 stellatum
1780 576 1829 615 et
1861 568 2040 630 figuras
2073 578 2317 620 astrorum

565 662 677 694 cum
719 647 816 694 suis
858 644 1080 694 efficaciis
1121 661 1178 694 ac
1219 647 1659 709 conjunctionibus,
1699 650 2090 711 oppositionibus
2132 659 2180 701 et
2214 652 2316 702 aliis

564 728 859 789 respectibus
896 742 1008 774 cum
1043 727 1260 790 planetis.
1332 727 1394 775 Et
1428 743 1571 790 super
1595 729 1764 777 istam²
1788 738 2010 779 octavam
2043 732 2314 796 sphaeram,

563 824 687 871 quae
713 808 882 856 dicitur
900 809 1091 856 coelum
1117 809 1371 867 stellatum,
1392 818 1583 872 ponunt
1607 810 1808 873 quidam
1833 812 2091 874 sphaeram
2115 829 2314 874 nonam,

563 891 760 953 quidam
796 890 1036 938 decimam
1076 891 1332 953 sphaeram
1368 900 1415 940 et
1451 892 1651 954 quidam
1696 892 1953 955 sphaeram
1988 894 2315 954 undecimam,

562 981 609 1020 et
646 971 825 1019 habent
860 987 971 1020 suas
1012 971 1288 1020 evidentias.
1361 972 1462 1021 Sub
1502 973 1617 1021 luna
1655 982 1817 1022 autem
1852 983 2044 1037 ponunt
2085 984 2315 1039 quattuor

563 1053 812 1111 elementa,
852 1054 1033 1101 scilicet
1065 1055 1246 1116 ignem,
1283 1060 1460 1113 ae‘rem,
1496 1070 1674 1118 aquam
1709 1064 1756 1104 et
1791 1064 1980 1104 terram.
2051 1057 2114 1106 Et
2148 1059 2315 1107 omnia

561 1135 638 1183 illa
660 1143 851 1197 ponunt
875 1136 1213 1198 corruptibilia,
1233 1143 1279 1183 et
1302 1135 1353 1183 in
1378 1137 1475 1184 suis
1495 1136 1718 1185 confiniis
1741 1138 2008 1200 specialiter
2026 1139 2090 1187 ad
2101 1139 2312 1188 invicem

561 1217 894 1265 commisceri
947 1217 1010 1264 Et
1035 1217 1360 1280 compositum
1385 1233 1445 1265 ex
1469 1218 1569 1266 istis
1594 1226 1819 1281 quattuor
1842 1228 2019 1268 vocant
2051 1220 2311 1283 sphaeram

560 1298 953 1360 corruptibilium,
989 1299 1039 1346 in
1082 1314 1178 1361 qua
1213 1314 1358 1361 super
1395 1307 1572 1347 terram
1607 1307 1654 1348 et
1695 1300 1744 1347 in
1787 1305 1896 1348 ae‘re
1933 1309 2043 1350 sunt
2077 1301 2230 1351 homo
2264 1310 2312 1351 et

560 1381 712 1428 mixta
736 1380 842 1438 alia,
868 1389 920 1428 ut
947 1380 1228 1438 sensibilia³‚
1253 1381 1552 1442 vegetabilia,
1578 1380 1763 1443 lapides
1787 1382 2106 1442 metallorum,
2132 1383 2311 1432 miner-

559 1461 687 1520 alia4,
713 1471 759 1509 et
783 1463 935 1510 mixta
959 1463 1052 1510 alia
1075 1462 1371 1525 imperfecta,
1391 1477 1516 1524 quae
1540 1470 1717 1510 vocant
1739 1463 2085 1523 exhalationes,
2105 1480 2310 1528 vapores

559 1544 633 1591 vel
652 1543 767 1591 alias
792 1545 1151 1606 impressiones.
1221 1543 1284 1591 Et
1308 1552 1506 1606 propter
1528 1543 1779 1593 hominem
1797 1553 1987 1607 ponunt
2010 1554 2187 1594 terram
2210 1561 2309 1610 quo

560 1625 621 1673 ad
645 1634 860 1673 nostram
884 1625 1222 1674 habitabilem⁵
1254 1641 1427 1689 parum
1461 1641 1490 1673 a
1524 1634 1690 1674 centro
1723 1627 2042 1675 elevatiorem.
2111 1628 2309 1691 Aquam

559 1707 697 1754 vero⁶
722 1715 911 1769 ponunt
936 1708 1004 1755 sic
1030 1708 1204 1764 situari,
1226 1707 1358 1770 quod
1383 1723 1443 1754 ex
1468 1716 1602 1769 parte
1627 1708 1775 1755 altera
1799 1709 1886 1756 sit⁷
1911 1709 2137 1758 elevatior
2159 1724 2308 1773 quam

560 1796 632 1836 est
654 1796 790 1837 terra.
860 1789 923 1836 Et
958 1790 1125 1836 omnia
1159 1788 1281 1836 haec
1317 1790 1406 1836 tria
1441 1790 1681 1837 elementa
1716 1798 1908 1852 ponunt
1939 1790 2308 1854 quodammodo

560 1871 856 1917 circumdare
897 1870 1112 1927 terram⁸,
1161 1871 1325 1932 ignem
1372 1870 1598 1929 velocius,
1647 1876 1808 1918 ae‘rem
1855 1871 2048 1930 tardius,
2097 1873 2309 1922 velocius

559 1959 722 1998 tamen
759 1966 903 2013 supra
937 1951 1258 2014 peripherias⁹
1291 1951 1631 1999 altissimorum
1667 1953 1921 2000 montium.
1991 1953 2055 2001 Et
2088 1953 2184 2001 in¹⁰
2217 1954 2307 2002 illis

559 2031 950 2080 circumferentiis
985 2041 1173 2095 ponunt
1209 2033 1393 2080 stellam
1431 2041 1673 2080 comatam
1709 2035 1771 2081 ab
1806 2034 2094 2083 influentia¹¹
2123 2035 2307 2084 coeles-

557 2114 676 2161 tium
723 2115 941 2176 generari
982 2122 1030 2162 et
1077 2115 1166 2162 sub
1208 2114 1331 2162 illa¹²
1371 2114 1619 2162 ardentem
1668 2114 1946 2174 draconem,
1989 2115 2218 2164 halonem
2259 2126 2307 2165 et

557 2194 740 2252 iridem,
766 2195 949 2242 hiatum
973 2203 1019 2242 et
1042 2195 1254 2254 bochim,
1275 2195 1499 2257 pluviam,
1527 2196 1687 2242 nivem
1712 2204 1759 2243 et
1782 2197 2084 2258 grandinem,
2110 2206 2306 2246 ventum

559 2285 606 2324 et
645 2278 790 2324 maris
833 2277 1121 2325 salsedinem
1163 2293 1278 2325 cum
1320 2277 1490 2325 ceteris
1524 2278 1924 2339 impressionibus
1965 2279 2305 2337 subterraneiS‚

557 2373 679 2420 quas
711 2358 998 2407 describunt.
1071 2358 1171 2407 A'e‘r
1203 2368 1363 2407 autem
1401 2361 1528 2407 circa
1562 2360 1858 2422 peripherias
1893 2361 2148 2419 montium,
2182 2362 2306 2411 sicut
2353 2428 2358 2432 .

556 2454 688 2487 mare
712 2440 1070 2502 irregulariter¹³
1093 2450 1328 2489 movetur.
1400 2440 1580 2488 Omnia
1603 2450 1767 2489 tamen
1791 2443 1882 2490 ista
1910 2456 2118 2505 corpora
2141 2445 2304 2492 sublu-

555 2522 688 2568 naria
728 2523 1071 2584 impressiones
1113 2523 1348 2585 recipiunt
1390 2523 1456 2570 ab
1499 2523 1636 2571 astris
1678 2523 1980 2582 coelestibus,
2017 2531 2065 2572 et
2106 2525 2158 2572 in
2193 2541 2304 2574 cor-

554 2605 775 2665 ruptione
821 2620 879 2651 ae
927 2605 1030 2652 aliis
1074 2605 1384 2667 passionibus
1431 2604 1482 2651 in
1529 2604 1627 2652 suis
1673 2605 1884 2666 periodis
1931 2621 1961 2652 a
2007 2606 2300 2656 coelestibus

555 2686 838 2747 corporibus
872 2685 1142 2733 limitantur.
1217 2685 1405 2734 Omnes
1439 2694 1602 2734 autem
1634 2687 1777 2734 orbes
1812 2687 2061 2746 coelestes,
2093 2688 2190 2738 hoc
2226 2698 2303 2739 est

554 2766 890 2828 supralunares
915 2775 1105 2829 ponunt
1132 2782 1243 2815 cum
1270 2768 1406 2815 astris
1432 2767 1719 2815 circulariter
1751 2783 1858 2816 esse
1892 2776 2068 2818 motos.
2141 2756 2302 2821 Orbes

554 2856 715 2895 autem
752 2848 1052 2910 planetarum
1090 2857 1281 2911 ponunt
1323 2848 1467 2896 dividi
1509 2849 1557 2896 in
1596 2858 1692 2897 tres
1733 2857 1907 2912 partes,
1944 2859 1991 2899 et
2031 2852 2299 2901 secundum

551 2930 654 2977 illas
664 2929 700 2955 ¹4
724 2930 941 2991 planetas
965 2946 1070 2978 esse
1095 2946 1226 2978 nunc
1259 2932 1308 2977 in
1335 2946 1458 2993 auge
1469 2931 1517 2988 1⁵,
1545 2946 1676 2979 nunc
1700 2932 1750 2978 in
1775 2933 2005 2994 opposito
2029 2934 2166 2996 augis
2199 2935 2298 2982 sive

552 3011 864 3059 rarefactione
897 3013 971 3059 vel
1005 3012 1385 3060 condensatione
1419 3012 1554 3060 coeli.
1633 3012 1696 3059 Et
1727 3022 1915 3075 praeter
1943 3013 2078 3062 hos¹⁶
2108 3025 2299 3078 ponunt

552 3108 726 3154 parvos
762 3094 965 3142 circulos
1000 3095 1050 3141 in
1086 3093 1468 3141 circumferentia
1501 3093 1732 3156 sphaerae
1768 3094 2005 3156 planetae,
2039 3096 2090 3143 in
2121 3098 2297 3159 quibus

608 3201 620 3223 ¹
650 3202 829 3254 ponunt]
851 3216 934 3243 om.
955 3202 1057 3241 A.B.
1169 3200 1184 3223 ²
1212 3200 1353 3252 istam]
1372 3214 1453 3240 om.
1467 3201 1529 3240 ed.
1545 3214 1607 3253 pr.
1717 3201 1731 3224 ³
1759 3208 1806 3242 ut
1826 3202 2052 3256 sensibilia]
2067 3203 2149 3244 alia
2163 3204 2297 3246 insen-

553 3256 698 3301 sibilia,
719 3256 822 3296 A.B.
932 3255 947 3278 4
973 3254 1203 3306 mineralia]
1224 3254 1415 3301 mineme,
1431 3256 1585 3295 A.B.C.
1603 3269 1613 3302 ;
1642 3255 1817 3302 mineris,
1839 3255 1903 3296 ed.
1922 3270 1985 3309 pr.
2093 3257 2110 3282 ⁵
2136 3258 2298 3300 habita-

552 3309 697 3362 bilem]
719 3311 1031 3355 habitationem,
1051 3310 1104 3350 A
1106 3310 1154 3349 Β.
1159 3311 1206 3350 C.
1227 3310 1428 3350 secundae
1446 3322 1604 3350 manus.
1714 3311 1730 3334 ⁶
1757 3309 1874 3363 vero]
1895 3323 1980 3350 om.
2000 3310 2054 3350 A.
2177 3311 2296 3366 ⁷sit]

552 3362 609 3407 fit,
631 3365 693 3403 ed.
713 3378 774 3417 pr.
938 3366 953 3388 ⁸
982 3364 1151 3416 terram]
1174 3364 1280 3404 circa
1298 3368 1459 3410 terram,
1480 3365 1532 3404 A.
1536 3366 1582 3404 B.
1586 3365 1634 3404 C.
1655 3365 1718 3405 ed.
1738 3378 1799 3417 pr.
1981 3365 2295 3427 ⁹peripherias]

553 3417 907 3465 circumferentias,
927 3420 991 3459 ed.
1012 3432 1087 3470 pr„
1106 3419 1149 3458 id
1170 3420 1280 3470 quod
1298 3418 1650 3471 interpretamenti
1668 3419 1796 3459 instar
1813 3418 1866 3458 ad
1885 3419 2112 3471 marginem
2140 3421 2294 3461 codicis

554 3471 601 3509 C.
622 3472 823 3522 adjectum
843 3479 917 3513 est.
1030 3474 1060 3496 ¹⁰
1088 3473 1150 3525 in]
1172 3486 1254 3513 om.
1277 3473 1324 3512 C.
1346 3472 1408 3512 ed.
1429 3487 1490 3525 pr.
1627 3473 1655 3496 ¹¹
1685 3471 1914 3524 influentia]
1934 3472 2168 3520 influentiis,
2188 3475 2240 3515 A.
2244 3475 2291 3515 B.

553 3523 583 3545 ¹²
610 3525 799 3576 111a]1110‚
815 3528 1044 3568 A.B..C.ed.
1061 3540 1121 3580 pr.
1234 3526 1263 3550 ¹³
1291 3527 1582 3579 irregulariter]
1599 3527 1846 3579 regulariter,
1860 3526 1907 3565 Β
1923 3527 2123 3567 secundae
2133 3541 2291 3570 manus.

553 3576 581 3599 ¹⁴
607 3578 717 3630 illas]
738 3580 843 3626 illos,
865 3582 918 3620 D.
1083 3581 1112 3604 ¹⁵
1141 3594 1257 3633 auge,
1278 3581 1303 3620 i
1311 3595 1345 3621 e.
1365 3580 1483 3632 αὐγή.
1618 3582 1649 3605 ¹⁶
1666 3581 1763 3633 hos]
1783 3581 1895 3626 haec,
1917 3580 1971 3619 D.
1992 3581 2054 3621 ed.
2075 3594 2139 3633 pr,
