2496 4108
155 434 291 470 man.
753 419 1323 473 TRIALOGUS.

157 553 308 603 fice¹?
356 568 469 603 cum
493 569 645 617 penes
670 554 1030 604 distinctionem
1062 572 1223 604 rerum
1257 556 1644 605 sacramentalis²
1668 555 1908 605 distinctio

154 642 319 698 potest
358 636 482 698 capi,
521 636 622 684 imo
664 637 884 699 ejusdem
927 639 1215 686 sacramenti
1256 639 1306 685 in
1349 640 1510 701 specie
1552 647 1624 687 est
1666 637 1908 686 distinctio

154 717 421 780 specifiea⁸,
462 726 661 780 propter
702 719 1091 766 convenientiam
1134 722 1313 782 signati
1354 728 1401 767 et
1443 720 1909 769 disconvenientiam

153 798 293 860 signi.
365 797 588 847 Similiter
618 799 914 862 praedicatio
947 801 1078 848 verbi
1111 802 1366 863 apostolici
1395 803 1579 850 videtur
1611 817 1718 850 esse
1751 816 1910 849 sacra-

153 887 376 928 mentum
408 881 679 932 secundum
711 882 1089 943 descriptionem
1113 883 1426 945 praedictam,
1461 898 1521 931 eo
1555 883 1689 946 quod
1713 891 1787 931 est
1811 882 1909 944 sig-

154 977 276 1011 num
311 963 577 1011 sanctitatis
618 963 841 1011 auditorii
856 980 868 1022 ;
924 972 970 1011 et
1012 965 1077 1011 ita
1112 961 1384 1026 signanter4
1424 965 1474 1011 in
1510 965 1605 1012 fide
1648 965 1910 1026 scripturae

152 1044 418 1108 injungitur
460 1046 583 1094 sicut
617 1046 900 1094 exercitium
937 1047 1129 1094 alterius
1166 1048 1468 1104 sacramenti,
1506 1062 1634 1104 cum,
1669 1044 1908 1109 Johannis

151 1127 340 1185 ultim0‚
364 1128 456 1175 sub
479 1128 684 1175 obtentu
711 1128 905 1190 triplicis
931 1129 1110 1176 amoris
1131 1128 1309 1176 Christi
1333 1137 1500 1190 pastus
1525 1128 1690 1175 ovium
1715 1141 1909 1174 suarum

150 1209 408 1267 tenerrime
433 1216 507 1257 est
528 1209 826 1272 injunctus⁵;
863 1225 1011 1272 quare
1030 1225 1149 1272 ergo
1174 1225 1277 1257 non
1303 1218 1376 1258 est
1397 1210 1490 1258 ista
1507 1209 1709 1257 verbalis
1728 1206 1911 1270 pastio⁶

153 1293 547 1353 sacramentum?
593 1293 833 1354 numquid
857 1293 917 1341 sit
942 1308 1088 1340 causa
1112 1293 1371 1350 sufficiens,
1396 1292 1531 1354 quod
1563 1292 1705 1339 infert
1731 1290 1908 1338 sollici-

151 1372 372 1421 tudinem
389 1374 653 1436 praepositi
678 1382 726 1422 et
749 1390 852 1422 non
875 1375 1095 1423 lucrum?
1146 1374 1282 1422 Mille
1308 1382 1467 1422 autem
1494 1382 1606 1421 sunt
1623 1373 1735 1421 talia
1760 1372 1911 1420 sensi-

153 1454 267 1502 bilia
290 1455 432 1517 signa
455 1456 507 1503 in
531 1456 780 1518 scriptura,
801 1471 927 1518 quae
951 1457 1132 1504 habent
1155 1465 1340 1504 tantam
1365 1456 1603 1503 rationem
1628 1453 1913 1503 sacramenti

151 1537 275 1585 sicut
309 1537 492 1586 habent
530 1540 853 1587 communiter
887 1541 979 1588 ista
1020 1548 1224 1602 septem.
1297 1539 1521 1586 Similiter
1557 1545 1913 1586 sacramentum

152 1618 484 1678 eucharistiae,
510 1621 646 1682 quod
670 1628 743 1668 est
766 1622 966 1684 majoris
1001 1621 1202 1668 honoris
1238 1622 1363 1668 inter
1398 1628 1560 1668 cetera
1595 1627 1912 1674 sacramenta,

151 1700 342 1750 videtur
366 1700 511 1748 dividi
535 1702 586 1748 in
610 1702 731 1750 duas
756 1704 959 1764 species,
987 1703 1165 1751 scilicet
1193 1703 1244 1749 in
1277 1710 1636 1750 sacramentum
1667 1702 1807 1763 panis
1842 1699 1916 1747 et⁷

152 1786 511 1830 'sacramentum
546 1784 657 1831 vini.
729 1783 930 1832 Certum
972 1785 1171 1847 quidem
1211 1793 1298 1841 est,
1336 1784 1472 1846 qu'od
1495 1784 1601 1846 ipsa
1643 1784 1693 1829 in
1732 1782 1915 1829 naturis

153 1864 252 1912 suis
276 1864 524 1927 specifice⁸
547 1873 661 1912 sunt
684 1864 920 1924 distincta,
943 1874 989 1914 et
1014 1873 1250 1928 quantum
1275 1865 1338 1913 ad
1361 1866 1600 1912 rationem
1626 1864 1916 1912 sacramenti

150 1941 231 1994 vel
266 1946 406 2010 signi,
440 1962 555 1994 curn
589 1948 801 2009 primum
838 1948 1016 1996 directe
1054 1948 1295 2010 significat
1329 1961 1508 2009 corpus
1546 1945 1724 1994 Christi
1759 1953 1806 1992 et
1842 1960 1918 1992 se-

151 2014 371 2077 cundum
412 2029 518 2092 ejus
555 2030 857 2093 sanguinem.
929 2030 1149 2088 Videtur,
1189 2025 1328 2077 cum⁹
1364 2028 1610 2077 distinctio
1648 2026 1919 2090 specifica10

154 2111 424 2174 signorum,
461 2111 754 2174 inquantum
788 2111 1084 2175 hujusmodi,
1124 2112 1310 2174 capitur
1346 2126 1375 2158 a
1411 2110 1723 2158 distinctione
1761 2109 1919 2172 speci-

153 2191 290 2242 fica¹⁰
313 2194 627 2256 signatorum,
654 2193 789 2255 quod
811 2193 933 2242 haec
959 2194 1057 2242 duo
1085 2202 1196 2241 sunt
1216 2193 1442 2242 distincta
1467 2191 1694 2254 specifice
1705 2190 1740 2216 ¹¹
1762 2206 1920 2239 sacra-

154 2283 322 2324 menta
334 2292 348 2334 3
386 2290 491 2323 non
515 2277 646 2323 enim
672 2275 939 2338 subterfugi
958 2284 1119 2338 potest
1143 2276 1261 2338 quin
1280 2283 1540 2336 utrumque
1559 2274 1765 2321 istorum
1787 2287 1919 2320 seor-

155 2372 266 2406 sum
290 2358 505 2420 positum
531 2358 592 2404 sit
615 2357 804 2405 realiter
828 2354 1203 2406 sacramentum.
1555 2371 1557 2373 ’

222 2438 501 2486 Phrenesis.
579 2437 832 2497 Quantum
881 2439 944 2486 ad
990 2441 1132 2487 istam
1180 2439 1435 2486 materiam
1485 2438 1545 2486 de
1595 2438 1763 2500 signiS,
1813 2452 1922 2485 sum

158 2535 344 2583 pauper
367 2519 597 2579 animo¹²,
623 2535 735 2567 cum
761 2535 1013 2582 cognosco
1049 2521 1184 2583 quod
1207 2521 1359 2567 multa
1383 2521 1510 2567 dicta
1534 2521 1585 2567 in
1610 2520 1701 2567 ista
1725 2520 1926 2566 materia

156 2601 339 2650 habent
361 2602 507 2649 nimis
531 2601 690 2649 debile
721 2601 1108 2660 fundamentum,
1134 2610 1180 2648 et
1204 2610 1403 2663 propter
1437 2601 1840 2663 aggregationem
1864 2615 1922 2647 ac

154 2684 507 2732 institutionem
543 2684 595 2731 in
635 2684 851 2732 terminis
895 2685 1084 2732 difficile
1121 2693 1193 2732 est
1228 2684 1536 2746 loquentibus
1579 2683 1757 2730 habere
1793 2684 1921 2730 viam

155 2765 540 2829 impugnabilem
563 2766 788 2813 veritatis.
867 2765 990 2814 Ideo
1015 2766 1175 2813 dicam
1207 2766 1292 2812 tibi
1325 2765 1375 2811 in
1399 2765 1580 2826 primis,
1607 2764 1724 2826 quid
1762 2766 1919 2813 sentio

155 2847 217 2896 de
241 2847 505 2911 quidditate
530 2856 577 2895 et
596 2848 934 2895 convenientia
958 2848 1259 2896 sacramenti.
1334 2846 1453 2894 Non
1479 2847 1610 2893 enim
1631 2846 1772 2893 video
1799 2845 1941 2907 quin.

155 2930 397 2997 quaelibet
432 2937 649 2978 creatura
686 2930 923 2978 sensibilis
962 2930 1022 2977 sit
1045 2929 1231 2976 realiter
1269 2935 1642 2984 sacramentum,
1669 2929 1784 2988 quia
1819 2928 1917 2988 sig-

154 3026 277 3060 num
317 3026 347 3059 a
381 3010 494 3059 Deo
536 3011 803 3059 institutum
836 3019 888 3059 ut
924 3026 1028 3059 rem
1065 3025 1255 3058 sacram
1291 3009 1622 3057 insensibilem
1659 3008 1916 3070 significet,

153 3092 430 3156 cujusmodi
455 3100 565 3141 sunt
589 3093 834 3151 creator¹⁸‚
861 3093 1041 3142 creatio
1067 3101 1113 3140 et
1136 3093 1292 3155 gratia
1316 3091 1559 3141 creatoriS.
1633 3090 1740 3138 Nec
1768 3090 1918 3139 didici

211 3250 227 3276 ¹
255 3249 465 3304 specifice]
487 3251 715 3304 specivoce‚
735 3251 798 3290 ed.
820 3263 882 3303 pr.
1072 3249 1088 3272 ²
1116 3249 1422 3289 distinctionem
1442 3261 1576 3288 rerum
1592 3246 1917 3310 sacramentalis]

157 3304 444 3346 distinctiones
465 3319 599 3346 rerum
619 3304 990 3350 sacramentalium,
1012 3304 1062 3343 A.
1068 3304 1115 3343 B.
1119 3304 1167 3344 C.
1189 3304 1252 3343 ed.
1273 3316 1333 3355 pr.
1516 3303 1531 3325 ³
1560 3301 1767 3354 specifica]
1791 3301 1920 3353 speci-

156 3371 275 3406 voca,
295 3359 359 3399 ed.
379 3373 441 3413 pr.
551 3359 567 3381 ⁴
595 3359 823 3411 signanter]
846 3357 1136 3411 significanter,
1157 3358 1220 3398 ed.
1241 3371 1303 3410 pr.
1418 3356 1513 3396 ⁵.cs
1534 3357 1628 3409 Joh.
1648 3357 1727 3395 xxi
1748 3364 1918 3418 15—12.

158 3413 175 3437 ⁶
203 3413 494 3467 ista—pastio]
515 3413 803 3466 iste—pastus,
824 3414 875 3452 A.
881 3414 926 3452 B.
931 3413 980 3452 C.
1136 3412 1152 3435 ⁷
1181 3412 1241 3464 et]
1264 3417 1304 3451 et
1324 3411 1380 3456 in,
1402 3411 1449 3449 B.
1470 3410 1534 3450 ed.
1555 3423 1617 3462 pr.
1747 3410 1762 3432 ⁸
1791 3422 1919 3462 speci-

160 3466 258 3520 fiee]
280 3468 506 3521 specivoce‚
528 3468 592 3507 ed.
612 3480 674 3520 pr.
785 3468 800 3489 ⁹
830 3468 942 3518 cum]
966 3472 1117 3512 tamen,
1138 3467 1204 3506 ed.
1226 3479 1287 3518 pr.
1399 3465 1430 3489 ¹⁰
1459 3463 1668 3516 specifica]
1690 3464 1917 3517 specivoca,

161 3522 224 3562 ed.
245 3534 309 3574 pr.
473 3523 498 3546 ⁵¹
529 3521 734 3574 specifice]
758 3522 983 3573 specivoce‚
1003 3521 1066 3560 ed.
1089 3534 1149 3573 pr.
1317 3519 1346 3543 ¹²
1375 3519 1534 3571 animo]
1556 3519 1738 3565 omnino,
1761 3519 1917 3559 A.B.C.

158 3576 188 3599 ¹⁸
216 3576 396 3629 creator]
418 3582 577 3617 creator
597 3583 650 3621 et,
670 3576 732 3615 ed
754 3589 813 3628 pr.

2047 429 2152 486 245

1968 567 2066 595 Sensu
2081 568 2179 595 latiori

1966 610 2027 629 non
2040 606 2162 636 septem

1966 640 2086 663 tantum
2099 644 2197 663 sacra—

1967 674 2070 697 menta
2085 677 2199 697 nuncu-

1966 703 2068 737 panda
2080 707 2161 731 sunt.
