2462 4114
27 359 50 475 ³,
90 421 244 456 ma
701 399 923 450 TRIA
946 402 992 449 L
1017 402 1060 451 0
1081 400 1128 450 G
1153 399 1269 449 US.

96 531 403 582 antichristus
449 534 596 583 talem
642 533 819 583 habeat
863 537 1184 598 potestatem?
1254 531 1400 583 Unde
1441 535 1627 583 videtur
1672 534 1847 593 multia

94 613 230 677 quod
260 614 385 662 inter
417 629 591 664 omnes
615 616 872 678 patientias
896 622 1019 678 quas
1044 616 1289 665 Christus¹
1315 617 1374 665 de
1405 617 1588 680 injuriis
1611 616 1850 664 viatorum

94 694 333 754 sustinet²‚
357 694 481 744 haec
505 704 578 745 est
599 711 702 745 una
734 697 795 745 de
825 697 1065 756 maximis,
1091 698 1227 760 quod
1258 699 1488 760 permittit
1521 697 1848 748 antichristum

93 783 196 826 tam
219 775 305 825 diu
326 792 532 840 regnare
558 765 607 826 et
630 778 868 841 populum
892 786 1081 826 tantum
1107 778 1350 827 seducere.

162 854 290 906 Item
329 858 516 908 videtur
563 858 697 923 quod
743 858 822 907 illa
868 860 1037 922 opinio
1084 860 1406 923 multipliciter
1451 859 1757 924 blasphemat
1801 860 1852 908 in

94 937 357 999 Christum,
390 955 503 988 cum
539 941 780 989 extollitur
816 941 988 1004 supra-⁰³
1023 942 1128 1005 ejus
1162 942 1515 990 humanitatem
1551 950 1697 1004 atque
1732 940 1852 989 Dei-

4 1015 7 1090 .¹
93 1028 246 1070 tatem
291 1029 341 1070 et
383 1021 452 1070 sic
494 1036 640 1085 super
680 1036 830 1070 omne
873 1022 1006 1085 quod
1055 1023 1225 1072 dicitur
1265 1023 1415 1082 Deus,
1459 1023 1595 1086 quod
1642 1022 1855 1071 declarat

92 1101 343 1165 apostolus
378 1110 660 1165 competere
696 1103 977 1152 antichristo
986 1104 1020 1163 4,
1057 1104 1207 1152 habet
1241 1104 1371 1152 enim
1408 1111 1699 1167 potestatem
1731 1102 1855 1152 Cae-

3 1190 6 1194 ’
91 1197 281 1232 saxeam
315 1197 463 1247 supra
499 1182 759 1239 Christum,
797 1185 880 1248 qui
915 1199 1018 1233 non
1053 1185 1221 1234 habuit
1256 1185 1554 1234 domicilium
1589 1187 1673 1234 ubi
1709 1193 1857 1248 caput

93 1265 348 1330 proprium
382 1265 652 1315 reclinaret.
723 1266 788 1314 Et
829 1274 1068 1330 quantum
1110 1268 1174 1316 ad
1215 1268 1509 1331 spiritualem
1550 1275 1858 1330 potestatem,

93 1358 220 1410 quae
266 1345 554 1395 humanitati
600 1347 779 1396 Christi
833 1348 1015 1407 attinet,
1063 1349 1251 1397 videtur
1297 1349 1435 1411 quod
1480 1364 1611 1412 papa
1666 1356 1859 1411 superat

92 1428 266 1494 Jesum
310 1437 546 1478 nostrum.
642 1429 872 1493 Oportuit
918 1431 1050 1479 enim
1098 1430 1348 1479 Christum
1397 1431 1499 1494 pati
1553 1430 1860 1479 durissimam

97 1511 380 1575 passionem
412 1525 505 1574 pro
535 1510 776 1560 salvandis
807 1512 1103 1571 hominibuS‚
1129 1520 1175 1560 et
1209 1510 1353 1575 super
1384 1512 1533 1560 haec*⁵
1557 1519 1750 1575 oportet
1775 1509 1862 1559 de⁶

0 1585 3 1589 ’
92 1591 190 1640 Dei
225 1593 408 1656 Justitia
454 1592 589 1656 quod
627 1593 798 1642 virtute
843 1592 1021 1642 Christi
1063 1595 1304 1658 passionis
1339 1594 1579 1652 homineS,
1627 1592 1862 1656 quidquid

94 1674 405 1723 beatitudinis
438 1674 708 1734 habuerint,
742 1684 1031 1724 mereantur.
1103 1676 1203 1724 Sed
1238 1677 1327 1724 iste
1359 1674 1530 1737 refuga
1562 1675 1690 1733 dicit,
1726 1673 1863 1736 quod

93 1755 205 1805 licet
240 1756 330 1804 sibi
366 1764 798 1820 quantumcunque
832 1757 1120 1820 voluptuose
1155 1757 1357 1804 voluerit
1393 1755 1680 1814 conversari,
1717 1763 1766 1804 et
1800 1770 1862 1803 ex

93 1836 228 1886 nuda
251 1836 488 1901 scriptura
509 1838 656 1886 unius
680 1839 741 1888 de
766 1839 934 1887 scribis
960 1839 1060 1887 suis
1084 1846 1292 1901 possunt
1315 1838 1366 1885 in
1389 1837 1625 1885 militante
1658 1836 1864 1885 ecclesia-

93 1917 282 1967 infinita
309 1917 547 1966 mirabilia
580 1919 828 1979 innovari3
879 1919 1134 1982 quomodo
1168 1934 1287 1981 ergo
1321 1932 1424 1966 non
1457 1918 1695 1966 extollitur
1719 1933 1864 1981 super

93 1997 367 2048 Dominum
413 1997 584 2064 Jesum
625 1998 906 2049 Christum?
981 1999 1042 2048 In
1089 2001 1227 2064 cujus
1276 1998 1497 2062 signum⁷
1538 2014 1642 2047 non
1676 1999 1864 2061 legitur,

52 2128 60 2131 .
93 2080 231 2144 quod
264 2078 489 2130 Christus
523 2081 643 2130 tales
679 2082 1013 2131 absolutiones
1047 2082 1122 2130 vel
1158 2078 1508 2144 indulgentias⁸
1544 2087 1864 2139 concesserat,

93 2177 186 2211 nec
218 2159 388 2226 aliquis
412 2162 474 2211 de
499 2162 598 2211 suis
630 2163 893 2226 apostolis;
944 2164 984 2212 si
1015 2171 1182 2211 tamen
1214 2163 1360 2211 talem
1393 2170 1685 2226 potestatem
1717 2161 1866 2210 habe-

93 2250 214 2302 rent,
252 2250 326 2292 est
370 2242 534 2292 multis
574 2243 827 2307 probabile
869 2244 1003 2307 quod
1040 2259 1143 2292 non
1183 2243 1343 2292 forent
1379 2244 1430 2291 in
1470 2243 1550 2292 illa
1586 2243 1868 2307 simpliciter

94 2325 254 2383 otiosi,
297 2324 573 2388 specialiter
618 2340 731 2373 cum
775 2324 996 2374 Christus
1045 2325 1246 2374 damnat
1292 2340 1483 2374 servum
1529 2325 1723 2388 pigrum
1763 2339 1867 2373 non

94 2407 431 2469 negotiantem
478 2421 592 2455 cum
639 2407 823 2456 talento
870 2406 968 2456 sibi
1011 2407 1194 2456 credito
1203 2407 1235 2466 ⁹,
1278 2414 1327 2456 et
1367 2408 1564 2470 requirit
1610 2407 1671 2456 de
1717 2421 1868 2456 manu

93 2487 294 2552 praelati
341 2488 557 2537 animam
603 2490 808 2553 subjecti
817 2488 854 2516 ¹⁰
893 2489 946 2537 in
994 2488 1180 2537 desidia
1228 2503 1316 2537 sua
1363 2488 1592 2547 damnati,
1633 2496 1687 2536 ut
1734 2495 1868 2551 patet

93 2569 274 2619 Ezech.
309 2568 418 2618 iii.u
489 2568 585 2618 Vel
625 2570 769 2632 igitur
809 2577 1004 2633 oportet
1041 2585 1236 2632 negare,
1272 2570 1411 2632 quod-
1443 2568 1664 2618 Christus
1705 2576 1753 2617 et
1794 2569 1868 2617 sui

94 2651 308 2717 apostoli
353 2651 501 2700 talem
549 2653 822 2715 potentiam
879 2651 1165 2709 habuerunt,
1213 2651 1290 2698 vel
1336 2651 1472 2713 quod
1517 2649 1866 2699 incarcerando

95 2733 256 2798 ipsam
302 2734 577 2798 potentiam
624 2741 673 2782 et
720 2747 824 2782 non
879 2731 1131 2796 operando
1178 2747 1292 2780 cum
1338 2731 1418 2780 illa
1464 2731 1527 2779 ad
1572 2731 1822 2779 utilitatem
1831 2729 1868 2757 ¹²

98 2899 441 2958 c'onsideratiQ
480 2898 616 2963 quod
650 2913 782 2962 papa
816 2897 990 2946 eadem
1025 2897 1196 2945 merita
1232 2904 1511 2945 sanctorum
1548 2895 1759 2959 applicat
1793 2894 1867 2943 vel

98 2981 314 3044 assignat
370 2980 432 3029 ad
491 2979 884 3044 prodessendum
929 2978 1117 3027 homini
1173 2986 1603 3041 quantumcunque
1649 2976 1864 3025 voluerit.

99 3060 310 3126 Oportet
345 3062 478 3112 enim
505 3061 754 3111 Christum
788 3061 898 3125 plus
933 3060 1091 3109 facere
1126 3067 1227 3108 tam
1251 3074 1312 3107 ex
1342 3066 1476 3122 parte
1510 3059 1582 3107 sui
1615 3071 1705 3120 pro
1731 3072 1866 3106 com·

97 3144 347 3208 plemento
367 3144 578 3208 justitiae
602 3158 752 3208 quam
777 3158 838 3191 ex
863 3150 996 3205 parte
1022 3141 1284 3206 peccantiS‚
1310 3155 1458 3203 quem
1487 3148 1678 3202 oportet
1704 3138 1867 3187 Chris-

154 3277 170 3303 ¹
198 3277 410 3330 Christus]
433 3277 622 3318 Chn‘stus
641 3276 780 3323 habet,
802 3277 857 3317 D.
879 3277 943 3316 ed.
964 3290 1025 3329 pr.
1279 3274 1295 3298 ⁹
1327 3273 1518 3326 sustinet]
1540 3287 1622 3314 om.
1645 3273 1699 3314 D.
1720 3273 1785 3314 ed.
1804 3286 1867 3326 pr.

97 3331 115 3356 ⁸
142 3332 286 3386 supra]
309 3345 445 3384 super,
465 3332 530 3372 ed.
549 3345 611 3384 pr.
796 3331 811 3354 ⁵
840 3331 890 3371 cf.
915 3342 935 3369 2
957 3330 1142 3370 Thessal.
1163 3330 1204 3370 ii.
1225 3342 1265 3383 4.
1448 3329 1463 3351 ⁵
1489 3327 1610 3380 haec]
1627 3341 1710 3368 om.
1731 3327 1792 3374 Β.,
1813 3328 1866 3367 Α.

131 3387 259 3427 rimae
277 3399 438 3426 manus.
622 3385 638 3409 ⁶
666 3384 737 3436 de]
760 3385 923 3425 credere
942 3385 1006 3430 de,
1027 3384 1090 3424 ed.
1112 3397 1172 3436 pr.
1356 3383 1371 3406 ⁷
1400 3382 1582 3435 signum]
1603 3382 1700 3428 vita,
1720 3381 1783 3422 ed.
1804 3394 1865 3434 pr.

145 3439 445 3493 indulgentias]
467 3438 743 3492 indulgentias
765 3439 880 3484 tales,
902 3439 957 3478 D.
980 3438 1042 3478 ed.
1063 3451 1125 3490 pr.
1311 3438 1326 3461 ⁹
1355 3436 1406 3478 cf.
1429 3436 1580 3476 Matth.
1600 3449 1691 3476 xxm
1716 3434 1780 3483 26,
1803 3443 1865 3488 ²7·

100 3495 133 3520 ¹⁰
161 3493 352 3547 subjecti]
373 3494 466 3539 sibi,
489 3493 591 3533 ΑΒ.
758 3493 787 3517 ¹¹
818 3493 965 3533 Ezech.
983 3492 1037 3531 iii.
1063 3501 1235 3544 17—19.
1415 3491 1444 3514 ¹²
1473 3490 1712 3543 utilitatem]
1733 3490 1866 3531 humi-

97 3548 276 3595 litatem,
298 3547 360 3595 B..
382 3548 434 3588 A.
458 3548 613 3602 primae
635 3559 791 3587 manus.
961 3547 987 3571 ¹³
1016 3545 1076 3597 et]
1099 3559 1181 3585 om.
1203 3545 1265 3586 ed.
1288 3558 1347 3598 pr.

4 2838 5 2842 ¹
95 2817 330 2867 ecclesiae
354 2824 709 2881 peccaverunt;
747 2816 835 2865 sed
858 2831 984 2879 quae
1008 2816 1167 2879 major
1190 2815 1410 2864 insania?
1469 2814 1576 2863 Et¹⁸
1598 2813 1771 2863 eadem
1795 2821 1868 2862 est
1941 2857 1946 2862 t

1981 412 2087 467 359
