2496 4108
35 472 45 499 (⁴
119 445 270 475 cuam.
725 431 1293 488 TRIALOGUS.

119 562 237 623 quid
253 564 437 613 attendi
456 564 601 613 debet
619 565 829 614 virorum
848 567 1227 629 apostolicorum
1246 569 1506 631 majoritas,
1527 585 1652 632 quae
1670 578 1744 618 est
1764 570 1879 618 sirn-

117 643 303 705 pliciter
325 646 574 709 maj0ritas
598 662 698 709 quo
718 647 780 695 ad
804 647 981 707 Deum,
1008 657 1056 696 et
1081 650 1225 698 docet
1249 651 1383 712 quod
1409 651 1684 714 quicunque
1710 667 1880 700 eorum

118 732 192 773 est
230 725 282 772 in
318 734 482 775 mente
519 727 745 776 humilior
792 738 840 777 et
879 746 940 777 ex
988 731 1161 793 majori
1202 733 1397 780 caritate
1440 734 1735 782 ministrator
1774 733 1879 781 dili-

115 807 321 868 gentior,
345 807 450 857 hic¹
474 817 548 857 est
571 810 742 872 major,
765 819 819 858 ut
841 820 974 874 patet
998 813 1058 860 de
1084 812 1348 862 humilitate
1382 830 1444 861 ex
1478 814 1617 863 dictis
1641 815 1875 878 superius.

115 886 180 936 Et
215 889 430 938 secunda
464 905 576 953 pars
611 899 745 954 patet
780 893 1002 947 notando
1040 894 1300 956 spiritualia
1324 910 1472 957 opera
1504 896 1877 954 misericordiae,

115 977 164 1018 et
197 985 296 1033 qua
316 971 503 1020 ratione
535 971 705 1021 Petrus
741 973 829 1021 fuit
864 974 1137 1037 praefectus
1163 976 1371 1025 ceteris².
1442 977 1567 1025 Ideo
1604 979 1877 1041 cuicunque

115 1050 259 1111 fideli,
296 1053 434 1116 cujus
469 1068 643 1103 sensus
680 1070 782 1103 non
818 1057 1005 1119 replent
1041 1057 1297 1116 sensibilia,
1333 1066 1465 1120 patet
1499 1059 1591 1107 ista
1627 1060 1879 1107 sententia.

116 1132 216 1182 Sed
249 1142 510 1198 postquam
543 1135 698 1184 clerus
734 1136 821 1186 fuit
857 1138 1043 1186 mundo
1080 1138 1271 1187 deditus
1307 1147 1355 1187 et
1390 1142 1685 1203 contempsit
1718 1141 1879 1203 legem

114 1214 333 1274 Domini,
360 1231 417 1265 ac
434 1217 591 1266 viluit³
609 1216 787 1267 Christi
807 1218 1028 1268 diffinitio
1053 1220 1103 1267 in
1126 1219 1217 1268 hac
1241 1229 1391 1283 parte,
1412 1221 1636 1270 dixerunt
1660 1221 1881 1285 discipuli

114 1297 379 1347 antichristi
412 1299 570 1358 tacite,
606 1299 742 1363 quod
766 1299 986 1350 Christus
1022 1309 1096 1350 est
1127 1302 1395 1350 contrarius
1428 1304 1657 1365 operibus
1683 1303 1877 1361 nostris,

113 1377 462 1429 humanitatem
481 1396 630 1444 quam
650 1382 862 1430 mundus
881 1383 1092 1446 requirit,
1113 1398 1215 1431 non
1240 1383 1420 1442 docuit,
1442 1384 1529 1432 sed
1548 1385 1880 1434 miserabiliter

112 1460 228 1510 vixit
261 1469 310 1510 et
343 1462 742 1512 inhonorabiliter
773 1473 826 1512 ut
860 1464 1128 1523 mendicus,
1163 1466 1270 1528 quis
1307 1480 1425 1528 ergo
1461 1474 1739 1528 sequeretur
1772 1466 1877 1529 ejus

110 1543 312 1606 vestigia
345 1545 437 1593 nisi
462 1545 665 1595 stultus?
724 1545 788 1594 Et
823 1562 883 1594 ex
916 1547 1009 1595 isto
1043 1544 1242 1609 triplici⁴
1277 1547 1558 1596 testimonio
1593 1547 1876 1610 evangelico

109 1633 242 1688 patet
265 1626 514 1689 praedicta
537 1628 776 1676 sententia
800 1628 1088 1676 confirmata
1112 1628 1173 1676 de
1197 1629 1345 1676 veteri
1370 1636 1678 1676 testamento,
1753 1627 1878 1676 Sunt

110 1714 272 1755 autem
304 1709 398 1757 alia
419 1710 698 1758 testimonia
730 1725 791 1758 ex
816 1711 1028 1773 scriptis⁵
1053 1711 1386 1774 apostolorum
1412 1725 1537 1773 quae
1562 1711 1874 1759 testificantur

109 1789 321 1856 eandem
357 1791 660 1839 sententiam.
731 1790 862 1839 Nam
892 1793 1144 1854 apostolus
1181 1793 1263 1855 qui
1298 1800 1465 1854 raptus
1501 1791 1589 1840 fuit
1623 1808 1778 1855 usque
1815 1793 1878 1840 ad

110 1871 305 1919 tertium
348 1872 557 1931 coelum,
596 1872 703 1921 dat⁶
739 1873 964 1936 praelatis
999 1889 1090 1936 pro
1126 1874 1316 1937 regula;
1377 1874 1669 1932 ‘jhabentes
1707 1875 1756 1921 in
1759 1874 1875 1935 quit,

111 1952 371 2002 ‘alimenta
394 1962 442 2002 et
466 1954 643 2016 quibus
667 1962 902 2017 tegamur,
927 1954 1003 2004 his
1028 1956 1246 2003 contenti
1271 1954 1467 2003 simus⁷'
1494 1971 1514 2002 1
1545 1956 1608 2003 ad
1632 1955 1764 2003 Tim.
1789 1956 1846 2002 vi.
1863 1971 1875 2014 ;

109 2043 158 2084 et
179 2043 352 2085 notant
383 2036 551 2085 fideles
583 2037 836 2100 quomodo
862 2038 1113 2100 apostolus
1143 2038 1257 2087 dicit
1282 2039 1560 2101 simpliciter
1586 2041 1598 2063 ‘
1616 2037 1873 2096 alimenta,’

109 2132 214 2168 non
235 2118 442 2168 lautitias
475 2119 586 2182 plus
621 2134 802 2183 corpus
838 2119 1051 2168 hominis
1086 2121 1382 2179 nutrientes;
1437 2129 1484 2168 et
1520 2120 1636 2173 dicit
1670 2124 1680 2144 ‘
1699 2120 1876 2182 quibus

109 2200 361 2263 tegamur,’
406 2215 511 2249 non
556 2215 749 2264 pannos
798 2201 859 2249 de
907 2202 1111 2250 scarleto
1167 2203 1457 2261 meminenS,
1507 2218 1601 2250 nec
1657 2217 1876 2250 cameras

108 2289 446 2344 sumptuosas3
499 2297 588 2346 per
626 2282 725 2331 hoc
765 2283 901 2346 quod
943 2283 1087 2331 docet
1128 2298 1227 2332 nos·
1265 2283 1325 2332 de
1367 2283 1543 2332 talibus
1590 2283 1874 2340 contentari,

107 2362 333 2426 prohibet
364 2363 717 2426 superfluitates
749 2364 916 2412 talium
949 2364 1013 2412 ad
1045 2379 1172 2413 onus
1205 2365 1437 2412 ecclesiae
1463 2373 1511 2412 et
1536 2365 1873 2413 dimissionem

106 2445 261 2492 nostri
284 2445 566 2508 spiritualis⁸
590 2446 750 2495 officii.
822 2446 1046 2495 Similiter
1069 2446 1241 2496 Petrus
1275 2447 1502 2509 princeps
1535 2447 1871 2510 apostolorum

105 2526 341 2589 praecipit
370 2542 391 2574 1
420 2526 549 2576 Petri
581 2543 638 2587 V„
675 2529 811 2591 quod
845 2544 948 2576 non
985 2529 1135 2577 simus
1172 2529 1481 2577 dominantes
1517 2530 1567 2577 in
1604 2530 1749 2588 clere,
1787 2530 1874 2578 sed

105 2607 266 2656 forma
298 2607 412 2657 facti
435 2609 597 2672 gregis
633 2625 695 2657 ex
731 2610 896 2657 animo
922 2610 1186 2657 voluntarie
1225 2609 1336 2657 facti
1374 2610 1581 2659 humiles
1617 2611 1680 2659 ad
1709 2613 1872 2673 gregis

105 2689 427 2739 ministerium
472 2698 521 2739 et
567 2706 671 2739 non
724 2691 964 2740 discentes
1019 2692 1273 2754 quomodo
1322 2691 1616 2754 poterimus⁹
1666 2692 1872 2740 subditis

106 2771 358 2820 dominari.
432 2771 701 2835 Numquid,
738 2788 876 2835 rogo,
911 2772 1112 2835 praelati
1148 2773 1428 2836 quaerendo
1466 2773 1556 2820 sibi
1593 2773 1790 2821 castella
1824 2781 1873 2822 et

104 2853 305 2915 praedia
337 2853 486 2902 non¹⁰
510 2854 822 2903 dominantur
857 2855 908 2902 in
945 2853 1134 2909 cleron,
1161 2862 1209 2903 et
1244 2854 1580 2903 machinantes
1616 2855 1872 2917 quomodo

108 2935 267 2984 vestiri
301 2934 559 2999 poterint²²
599 2935 881 2994 solemnius,
918 2944 966 2984 et
1001 2935 1200 2985 dimissa
1242 2936 1632 2985 consideratione
1674 2945 1871 2986 onusta-

107 3015 252 3065 tionis
287 3017 520 3067 ecclesiae
556 3017 855 3081 splendidius
897 3019 1208 3082 praeornari?
1265 3017 1379 3066 Vita
1415 3027 1577 3066 autem
1611 3016 1788 3066 Christi
1824 3026 1873 3067 et

163 3194 174 3217 ¹
194 3193 294 3256 hic]
316 3206 402 3234 om.
421 3194 485 3236 ed.
506 3208 568 3248 pr.
805 3194 820 3219 ²
848 3195 1015 3248 ceteris]
1038 3209 1121 3236 om.
1144 3195 1196 3235 A.
1202 3195 1250 3235 B.
1487 3194 1501 3217 ³
1528 3194 1698 3248 viluit]
1687 3208 1714 3236 ι.
1722 3208 1757 3237 e.
1777 3195 1871 3236 vilis

107 3246 251 3288 habita
269 3252 344 3288 est.
507 3249 523 3272 ⁴
551 3249 724 3302 triplici]
746 3251 882 3295 tertio,
902 3251 955 3290 A.
960 3251 1009 3290 C.
1161 3251 1176 3274 ⁶
1206 3249 1389 3303 scriptis]
1411 3250 1634 3302 scripturis,
1657 3249 1706 3289 Β.
1722 3250 1786 3291 ed.
1807 3263 1870 3303 ΡΥ.

107 3301 124 3325 ⁸
108 3301 223 3396 odat
263 3302 376 3348 dicit,
397 3301 449 3342 A
453 3301 524 3350 C.;
554 3303 668 3350 dixit,
690 3304 736 3343 B.
756 3305 913 3357 primae
932 3317 1090 3350 manus,
1112 3305 1173 3344 ed.
1194 3318 1256 3357 pr.
1414 3304 1429 3327 ⁷
1458 3310 1499 3344 et
1519 3304 1869 3357 quibus—simus]

259 3357 320 3396 ..B
336 3356 401 3397 ed.
424 3369 487 3409 Ρ.Υ
670 3357 686 3380 ⁸
713 3358 954 3410 spiritualis]
977 3372 1059 3399 om.
1085 3359 1147 3399 ed.
1169 3372 1230 3412 pr.
1465 3358 1755 3411 ⁹poterimus]
1772 3372 1854 3452 ξος
1855 3381 1871 3390 -

107 3410 247 3457 terim,
267 3411 317 3452 C.
482 3411 515 3436 ¹⁰
541 3411 647 3464 non]
669 3424 751 3451 om.
772 3413 827 3451 D.
849 3412 911 3452 ed.
932 3425 994 3465 pr.
1179 3414 1206 3436 ¹¹
1237 3413 1279 3452 in
1300 3411 1430 3464 clero]
1451 3413 1607 3452 verba‘
1620 3412 1753 3453 forma
1814 3413 1870 3453 cti

107 3464 459 3505 —dominantur
448 3477 490 3506 1n
511 3465 643 3506 clero’
663 3466 840 3506 desunt
829 3479 872 3506 in
892 3466 998 3507 Cod.
1020 3467 1080 3512 B..
1101 3466 1154 3506 A.
1174 3467 1331 3520 primae
1355 3479 1513 3511 manus,
1534 3466 1753 3508 occasione
1772 3466 1870 3508 data

108 3531 181 3571 per
214 3518 522 3561 similitudinem
554 3520 849 3560 vocabulorum
882 3495 1165 3562 ‘dominantes
1197 3521 1240 3561 in
1273 3520 1402 3561 clero'
1436 3526 1477 3561 et
1509 3521 1797 3563 ‘dominantur
1826 3521 1870 3563 in

109 3572 247 3614 clero!
412 3573 443 3598 ¹²
470 3574 673 3627 poterint]
694 3574 915 3627 potuerint,
935 3575 997 3615 ed.
1019 3588 1081 3627 ΡΥ.

1935 1730 2029 1760 atque
2042 1735 2113 1761 apo-

1936 1761 2061 1789 stolicis.
