2436 4094
337 454 438 518 164

1016 448 1447 514 sOANNIS
1503 447 1856 499 WICLIF
2158 466 2322 498 unm.

571 584 828 648 spiritualia
870 599 1016 646 quarn
1054 585 1187 632 bona
1228 584 1498 647 corporalia
1538 584 1821 632 ordinantur
1861 583 2098 647 proficere
2137 582 2321 642 viatori,

568 666 766 729 quando
800 665 1036 713 servando
1073 666 1293 728 regulam
1328 674 1526 714 naturae
1558 666 1696 728 ponit
1731 666 1809 713 illa
1843 667 1976 714 bona
2009 664 2232 714 modeste
2269 663 2322 711 in

567 763 730 810 opere,
755 748 868 809 quia
892 747 1171 795 rebellando
1206 748 1444 795 obstinate
1477 747 1749 795 inflexibilis
1783 755 1856 795 est
1887 747 1951 795 ad
1981 748 2183 795 bonum.
2254 744 2321 794 Et

568 836 697 892 patet
722 844 782 876 ex
807 829 903 876 fide
929 829 1190 891 scripturae
1216 829 1451 891 exemplis
1477 829 1772 878 naturalibus
1796 837 1842 876 et
1866 828 2131 877 rationibus
2148 826 2323 875 vivaci-

567 911 673 968 buS,
698 909 951 972 quomodo
988 918 1061 957 est
1097 910 1322 972 superbia
1357 911 1676 972 reprobanda.
1748 909 1811 958 Et
1846 910 2032 958 videtur
2068 908 2202 972 quod
2242 922 2326 957 su·
2389 915 2392 919 ’

567 991 733 1055 perbia
779 999 828 1038 et
873 991 1040 1039 omnia
1087 991 1178 1039 alia
1224 992 1335 1039 vitia
1383 1000 1494 1040 sunt
1542 1007 1779 1040 connexa.
1868 990 1999 1039 Nam
2046 990 2325 1053 quicunque

566 1073 836 1121 inordinate
873 1081 1002 1120 amat
1037 1073 1225 1120 bonum
1265 1075 1530 1135 proprium,
1567 1073 1746 1121 invidet
1788 1073 1889 1121 aliis
1930 1080 1979 1121 et
2018 1073 2234 1121 irascitur
2273 1071 2325 1119 in

567 1154 783 1212 effectu¹,
803 1162 850 1201 et
874 1170 960 1216 per
984 1155 1115 1202 idem
1139 1162 1211 1202 est
1236 1155 1520 1213 accidiosus,
1541 1170 1723 1213 avarus,
1743 1155 1944 1217 gulosus
1969 1161 2016 1202 et
2033 1152 2327 1211 luxuriosus,

566 1243 724 1299 torpet
759 1235 889 1283 enim
926 1236 975 1282 in
1013 1236 1201 1284 servitio
1227 1236 1337 1283 Deo
1375 1236 1553 1294 debito,
1578 1243 1626 1283 et
1662 1236 1807 1283 nimis
1843 1235 2116 1283 inordinate
2141 1234 2325 1297 appetit

566 1319 751 1365 bonum
788 1319 1065 1380 proprium;
1122 1325 1168 1365 et
1205 1318 1273 1365 sic
1309 1317 1458 1364 homo
1495 1317 1691 1364 interior
1724 1317 1894 1380 gulose
1930 1324 1977 1364 et
2011 1315 2128 1364 false
2163 1323 2326 1378 gustat

567 1400 807 1447 honorem
833 1399 1116 1447 indebitum.
1188 1398 1250 1446 Et
1277 1399 1336 1446 de
1363 1398 1591 1460 spirituali
1615 1398 1804 1446 luxuria
1835 1405 1983 1461 patet,
2009 1396 2143 1460 quod
2173 1395 2324 1446 forni-

571 1490 703 1530 catur
727 1497 756 1529 a
780 1477 917 1529 De02
941 1481 1141 1543 turpiter
1166 1496 1278 1528 cum
1304 1495 1355 1528 se
1380 1481 1503 1542 ipso.

1309 1805 1466 1854 CAP.
1504 1805 1591 1854 XI.

1312 1936 1591 1984 IIumilz'las.

640 2057 841 2106 Alz'tlzz'a.
915 2058 1076 2106 Placet
1100 2060 1234 2121 quod
1261 2061 1328 2108 sic
1352 2060 1513 2107 leviter
1538 2068 1584 2107 et
1608 2059 1812 2107 breviter
1837 2058 1898 2107 de
1923 2060 2151 2129 superbia
2175 2075 2324 2123 expe-

574 2139 683 2186 disti
695 2139 724 2185 ³.
796 2139 891 2187 Sed
916 2155 1027 2187 cum
1059 2141 1124 2187 illi
1150 2142 1464 2188 contrariatur
1487 2141 1745 2199 humilitas,
1767 2155 1888 2202 rogo
1912 2149 1963 2188 ut
1995 2150 2167 2203 parum
2191 2143 2327 2191 dicas

574 2219 633 2267 de
658 2220 765 2282 ipsa
797 2221 979 2279 virtute,
1007 2237 1119 2268 cum
1145 2222 1204 2269 sit
1229 2219 1424 2270 contra4
1448 2222 1723 2284 superbiam
1747 2222 1989 2270 medicina
2002 2238 2016 2282 ;
2053 2223 2326 2272 antidotum

574 2302 705 2348 enim
730 2309 899 2349 contra
922 2302 1088 2350 vitium
1113 2311 1185 2350 est
1210 2303 1356 2350 virtus
1381 2304 1632 2351 contraria.

641 2382 915 2431 Phrenesis,
987 2383 1152 2431 Placet
1195 2385 1254 2432 de
1293 2385 1542 2432 virtutibus
1584 2385 1827 2433 conformi
1870 2386 1947 2433 via
1987 2393 2324 2435 transcurrere.

576 2464 708 2512 Sicut
727 2466 857 2512 enim
878 2466 1102 2527 superbia
1121 2473 1193 2513 est
1211 2466 1399 2514 initium
1417 2467 1628 2528 peccatis
1648 2467 1766 2524 aliis,
1787 2467 1856 2514 sic
1875 2467 2113 2515 humilitas
2132 2476 2204 2516 est
2222 2468 2326 2517 aliis

573 2547 822 2594 virtutibus
846 2546 1214 2594 fundamentum
1221 2563 1249 2618 ᾗ,
1263 2555 1319 2615 >et
1342 2548 1456 2596 hinc
1482 2548 1568 2595 fuit
1588 2547 1824 2606 Christus,
1845 2550 1960 2611 quia
1977 2549 2213 2612 sapientia
2231 2549 2326 2598 Dei

573 2629 736 2689 patris,
771 2628 819 2674 in
852 2628 1114 2676 humilitate
1146 2630 1315 2676 beatae
1347 2629 1531 2677 Mariae
1564 2631 1759 2693 virginis
1793 2631 2084 2690 incarnatus,
2109 2638 2161 2679 ut
2193 2639 2328 2694 patet

573 2710 735 2757 Lucae
752 2711 780 2757 i.
844 2709 977 2757 Sicut
995 2710 1124 2757 enim
1146 2709 1364 2765 Christus
1384 2727 1485 2759 non
1505 2714 1659 2773 potuit
1678 2713 1941 2774 superbire,
1963 2713 2031 2760 sic
2049 2728 2151 2760 non
2169 2713 2327 2776 potuit

572 2806 678 2838 esse
711 2791 818 2853 ipso
842 2790 1080 2848 humilior,
1107 2807 1219 2839 cum
1244 2793 1302 2839 sit
1325 2800 1378 2839 ut
1402 2801 1620 2840 centrum
1651 2794 1738 2840 toti
1771 2793 1987 2841 humano
2016 2794 2199 2857 generi,
2225 2810 2326 2858 quo

574 2881 739 2920 centro
776 2887 878 2920 non
913 2873 1106 2935 posset⁵
1141 2887 1246 2921 esse
1280 2874 1502 2934 inferius;
1552 2891 1669 2922 nam
1701 2891 1814 2923 cum
1847 2891 1924 2924 res
1956 2876 2138 2939 aliqua⁰
2173 2878 2232 2926 sit
2263 2893 2325 2927 eo

516 2985 520 2988 -
573 2954 768 3002 inferior
803 2970 902 3017 quo
940 2964 1106 3002 centro
1144 2956 1474 3018 propinquior,
1508 2963 1639 3018 patet
1675 2957 1810 3019 quod
1842 2971 1990 3005 nemo
2026 2966 2186 3020 potest
2217 2975 2326 3008 esse

574 3035 767 3083 Christo
803 3036 1041 3084 humilior.
1112 3037 1233 3084 Ideo
1271 3044 1430 3084 errant
1465 3038 1547 3098 qui
1585 3045 1789 3099 ponunt,
1827 3037 1959 3099 quod
1994 3037 2130 3087 Deus
2165 3049 2326 3102 potest

574 3131 756 3178 ponere
778 3126 996 3164 centrum
1014 3117 1182 3164 mundi
1210 3117 1403 3164 inferius
1429 3133 1575 3179 quam
1602 3125 1674 3165 est
1697 3117 1862 3174 modo,
1884 3133 1996 3165 cum
2022 3119 2091 3167 sic
2113 3121 2326 3171 mundus

573 3198 812 3245 rarefieret
847 3200 897 3246 in
932 3199 1185 3256 infinitum,
1213 3214 1324 3246 cum
1360 3198 1660 3264 inferioritas
1683 3213 1784 3245 non
1819 3200 2078 3248 attenditur
2102 3200 2325 3252 a-mundi

575 3279 971 3339 circumferentia,
1015 3289 1233 3328 centrum
1278 3281 1447 3328 mundi
1495 3294 1597 3327 non
1624 3278 1767 3327 'foret
1813 3280 2010 3329 inferius
2057 3297 2207 3345 quam
2248 3294 2323 3333 est

629 3436 642 3460 ¹
675 3437 838 3490 effectu]
859 3437 1018 3484 affeetu,
1040 3439 1194 3479 A.B.C.
1370 3438 1387 3462 ²
1414 3452 1439 3478 a
1459 3439 1573 3491 Deo]
1595 3438 1646 3479 cf.
1670 3439 1824 3485 Hosea,
1844 3439 1896 3479 ix.
1922 3451 1956 3479 1.
2063 3440 2079 3463 ³
2107 3441 2325 3494 expedisti]

579 3495 618 3528 te
638 3492 886 3542 expedivisti,
909 3493 954 3531 B.
976 3493 1131 3544 primae
1149 3506 1307 3538 manus,
1328 3494 1391 3533 e‘d.
1412 3507 1472 3546 pr.
1651 3491 1666 3515 ⁴
1695 3507 1786 3532 eum
1807 3494 1858 3533 sit
1877 3493 2039 3546 contra]
2053 3506 2147 3534 cum
2165 3495 2255 3548 ipsa
2271 3495 2323 3536 sit

581 3546 782 3584 contraria
809 3552 850 3585 et
879 3552 1033 3592 contra,
1065 3547 1219 3587 A.B.C.
1466 3548 1481 3570 ⁵
1508 3546 1668 3600 posset]
1698 3547 1840 3599 possit,
1870 3548 1948 3592 A.;
1990 3553 2139 3600 potest,
2168 3550 2232 3590 ed.
2261 3563 2322 3602 pr.

582 3598 595 3615 ‘³
625 3598 780 3650 aliqua]
801 3599 897 3646 alta,
919 3600 1072 3641 A.B.C.
1094 3602 1155 3641 ed.
1177 3614 1236 3653 pr.
