2496 4108
125 414 257 445 etms.
729 397 1295 448 TRJALOGUS.

123 536 344 577 mentum
366 530 601 594 topicum‚
626 531 762 594 quod
796 531 949 580 homo
985 540 1212 595 comptus
1249 540 1322 580 est
1347 547 1407 580 ex
1443 532 1557 580 hinc
1581 533 1875 591 luxuriosus,

123 609 193 658 sic
227 617 302 665 est
336 620 679 674 argumentum
714 613 951 675 topicum‚
984 614 1102 661 ‘ista
1139 614 1309 676 opinio
1346 615 1614 676 originatur
1650 629 1679 661 a
1714 614 1874 673 fratre,

122 705 242 753 ergo
266 699 342 740 est
364 692 514 751 falsa,'
539 708 657 740 nam
681 709 852 741 eorum
875 693 1132 742 mendacia
1156 695 1338 743 faciunt
1362 696 1655 744 evidentiam
1689 696 1751 744 ad
1777 697 1875 745 hoc

121 772 340 836 topicum
371 783 727 837 argumentum.
796 775 966 823 Primo
997 775 1155 824 enim1
1189 793 1340 840 arguo
1350 777 1380 836 2,
1406 777 1541 840 quod
1568 779 1704 841 juxta
1735 779 1877 827 istam

120 854 248 902 viam
272 868 450 917 corpus
474 854 652 904 Christi
684 864 732 904 et
764 857 832 904 sic
859 856 1077 906 Christus
1109 858 1404 920 glorificatus
1437 861 1488 907 in
1522 874 1726 922 corpore
1757 861 1877 908 reci-

119 943 256 998 peret
300 950 477 984 omnes
518 939 944 986 transmutationes
984 940 1059 987 vel
1102 940 1527 989 denominationes
1569 957 1690 1003 quas
1731 942 1874 1004 panis

118 1015 224 1064 ille⁸
268 1018 517 1080 reciperet,
566 1026 613 1066 et
661 1019 731 1067 sic
778 1035 957 1082 corpus
1005 1020 1184 1069 Christi
1230 1022 1415 1070 nedum
1457 1022 1581 1071 foret
1623 1022 1804 1071 factum
1848 1039 1878 1071 a

118 1097 400 1162 presbytero
438 1099 712 1148 celebrante
748 1101 835 1149 sed
871 1117 901 1149 a
934 1103 1129 1165 pistore,
1154 1112 1202 1151 et
1238 1120 1368 1152 nunc
1404 1105 1772 1167 multiplicatum
1808 1106 1878 1153 sic

118 1178 255 1242 quod
289 1178 509 1230 Christus
543 1181 743 1231 haberet
778 1184 921 1231 simul
956 1185 1108 1233 multa
1143 1200 1367 1248 corpora,
1403 1194 1451 1233 et
1479 1200 1654 1234 omnes
1689 1185 1878 1248 praedi-

118 1260 350 1320 cationeS,
374 1277 497 1325 quas
524 1264 666 1326 panis
691 1265 780 1313 iste
809 1267 991 1328 recipit,
1019 1263 1220 1330 corpus4
1245 1267 1421 1315 Christi
1453 1269 1703 1330 reciperet,
1728 1275 1776 1315 et
1808 1268 1878 1315 sic

119 1357 230 1392 mus
263 1358 443 1407 corpus
467 1344 645 1394 Christi
676 1347 967 1406 comederet,
993 1349 1154 1411 ipsum
1186 1363 1364 1411 corpus
1390 1348 1568 1398 Christi
1601 1349 1877 1412 putrefieret

118 1423 411 1474 conversum
442 1427 494 1474 in
518 1443 722 1487 vermeS,
747 1437 796 1477 et
826 1430 1114 1492 generaliter
1146 1431 1376 1479 sacerdos
1409 1431 1658 1479 celebrans
1694 1431 1872 1479 collum

120 1514 170 1555 et
214 1508 382 1556 omnia
426 1510 649 1558 membra
689 1509 867 1559 Christi
913 1511 1181 1574 frangeret;
1236 1513 1325 1560 sed
1366 1512 1481 1575 quid
1522 1512 1762 1561 infidelius
1803 1512 1878 1561 vel

119 1587 526 1639 abhominabilius
550 1591 777 1641 desolaris
797 1593 1089 1641 catholicum
1112 1595 1380 1642 viatorem?
1439 1593 1502 1641 Et
1527 1594 1878 1657 consequentia

119 1678 267 1733 patet,
300 1672 414 1734 quia
449 1673 649 1736 quando
684 1674 809 1722 duae
845 1682 1046 1723 naturae
1082 1675 1438 1723 identificantur
1472 1676 1524 1722 in
1559 1677 1733 1724 eadem
1768 1691 1878 1738 per—

119 1766 258 1807 sona,
292 1761 346 1801 ut
385 1762 517 1816 patet
556 1756 607 1803 in
648 1757 848 1804 materia
887 1756 949 1804 de
986 1757 1335 1815 incarnatione,
1375 1757 1536 1805 omnis
1578 1758 1876 1820 praedicatio

119 1833 313 1883 alterius
341 1844 540 1884 naturae
572 1836 734 1885 eidem
765 1852 1008 1899 personae
1042 1839 1281 1886 convenit.
1356 1838 1435 1887 Sic
1470 1839 1603 1886 enim
1626 1855 1738 1887 vere
1774 1854 1878 1887 cre-

120 1914 318 1975 dimus⁶,
355 1918 539 1966 nedum
573 1919 709 1981 quod
745 1918 966 1967 Christus
1002 1920 1090 1968 sed
1130 1920 1267 1982 quod
1302 1919 1440 1967 Deus
1479 1920 1566 1968 fuit
1604 1921 1877 1978 crucifixuS,

118 2006 338 2046 mortuus
361 2006 409 2047 et
427 1999 657 2063 sepultus,
679 2000 801 2048 sicut
819 2016 906 2063 per
924 2009 1035 2050 ante
1060 2001 1149 2049 fuit
1172 2002 1502 2064 temporaliter
1525 2002 1718 2064 genitus
1744 2010 1793 2050 et
1816 2018 1877 2050 ex

118 2079 317 2128 muliere
340 2079 512 2130 factus.
573 2082 799 2131 Similiter
817 2083 858 2131 si
881 2083 971 2132 iste
996 2085 1138 2146 panis
1163 2084 1232 2132 sic
1256 2083 1411 2132 factus
1435 2085 1678 2133 identifice
1699 2100 1877 2148 corpus

119 2159 314 2220 Christi,
347 2170 395 2211 et
418 2163 534 2211 illud
567 2178 746 2227 corpus
778 2173 852 2218 est
883 2166 1072 2213 realiter
1103 2167 1207 2229 ipse
1233 2166 1468 2225 Christus,
1494 2182 1612 2230 ergo
1636 2167 1713 2215 ille
1737 2167 1878 2230 panis

118 2251 194 2292 est
239 2243 396 2294 factus
435 2245 624 2294 realiter
665 2246 887 2296 Christus
928 2247 1081 2296 Deus,
1172 2248 1271 2296 Sed
1318 2264 1443 2311 quae
1487 2249 1708 2297 idolatria
1753 2249 1879 2297 foret

109 2325 326 2388 amplius
351 2326 668 2376 detestanda?
729 2328 809 2377 Sic
832 2330 964 2377 enim
987 2330 1183 2378 haberet
1216 2331 1459 2394 quaelibet
1482 2331 1690 2379 ecclesia
1713 2330 1878 2378 Deum

119 2419 276 2466 suum,
313 2408 396 2470 qui
431 2409 667 2472 reciperet
703 2410 1090 2472 praedicationes
1128 2412 1515 2460 abhominabiles
1559 2411 1876 2475 supradictaS,

118 2494 168 2536 et
202 2488 271 2536 sic
305 2487 474 2537 Deitas
508 2489 634 2538 foret
674 2492 951 2554 turpissima
985 2507 1062 2540 res
1103 2492 1154 2539 in
1195 2493 1397 2541 mundo.
1471 2493 1697 2542 Similiter
1735 2495 1774 2542 si
1815 2493 1879 2541 ad

120 2584 318 2618 sensum
340 2571 619 2633 expositum
648 2571 773 2619 foret
797 2572 1063 2635 impanatio
1089 2575 1211 2622 sicut
1245 2582 1318 2622 est
1350 2575 1634 2634 incarnatio,
1661 2576 1878 2637 impana-

119 2651 268 2700 tionis
301 2650 532 2700 festivitas
572 2651 696 2700 foret
732 2653 1011 2701 solemniter
1049 2655 1351 2714 celebranda,
1389 2664 1436 2703 et
1472 2655 1692 2704 Christus
1729 2656 1878 2704 foret⁶

119 2731 184 2780 ad
219 2747 420 2781 sensum
461 2733 767 2782 consimilem
809 2734 964 2783 factus
1005 2743 1144 2798 petra
1179 2751 1334 2798 agnus
1383 2738 1487 2785 ovis
1534 2739 1707 2785 vitulus
1755 2739 1876 2786 aries

120 2829 320 2877 serpens
356 2822 446 2864 etc.
481 2815 568 2863 sed
603 2816 720 2878 quid
753 2816 971 2865 stultius?
1031 2817 1153 2865 Ideo
1187 2826 1370 2865 certum
1403 2826 1474 2865 est
1507 2833 1567 2865 ex
1604 2819 1713 2877 fide,
1741 2820 1876 2881 quod
1935 2884 1940 2889 N

120 2896 263 2944 istam
300 2896 615 2960 scripturam⁷
645 2901 657 2922 ‘
673 2897 770 2946 hoc
801 2906 874 2946 est
905 2913 1083 2960 corpus
1108 2899 1302 2957 meum,’
1329 2900 1451 2947 sicut
1475 2899 1591 2948 alias
1614 2901 1659 2948 ei
1683 2901 1873 2959 similes,

119 2986 312 3040 oportet
329 2979 381 3027 in
404 2979 765 3042 praedicatione
786 2980 1056 3028 secundum
1075 2979 1408 3028 habitudinem
1429 2990 1694 3043 acceptare.
1754 2981 1875 3030 Ideo

119 3060 338 3108 notanda
372 3069 446 3109 est
480 3061 624 3109 nobis
660 3077 760 3109 una
796 3061 1065 3110 differentia
1097 3062 1219 3109 inter
1254 3062 1668 3124 praedicationem
1703 3063 1874 3111 identi-

119 3141 264 3190 ficam
289 3150 336 3190 et
359 3143 772 3206 praedicationem
798 3143 1069 3205 secundum
1101 3142 1451 3191 habitudinem.
1521 3143 1652 3191 Nam
1676 3145 1874 3206 quando

120 3222 244 3272 duae
287 3231 486 3272 naturae
528 3224 882 3272 identificantur
924 3224 1084 3272 eidem
1125 3239 1379 3287 personae,
1417 3234 1468 3272 ut
1510 3225 1771 3288 contingit⁸
1813 3226 1874 3275 de

174 3379 188 3404 ¹
216 3378 347 3432 enim]
367 3391 480 3432 ergo,
501 3379 557 3419 D.
721 3379 736 3403 ²
764 3379 914 3432 arguo]
936 3387 1080 3421 contra
1100 3381 1210 3421 istud
1229 3394 1373 3433 arguo,
1391 3381 1445 3421 D.
1466 3382 1529 3421 ed.
1551 3395 1611 3434 pr.
1741 3383 1756 3407 ³
1783 3371 1872 3438 i‘lle]

120 3445 204 3474 om.
224 3433 289 3474 ed.
310 3447 372 3488 pr.
536 3432 552 3456 ⁴
579 3433 750 3486 corpus]
772 3440 812 3473 et
832 3448 993 3487 corpus,
1014 3435 1077 3475 ed.
1098 3449 1160 3487 pr.
1316 3436 1331 3459 ³
1358 3435 1641 3489 concedimus]
1660 3438 1873 3485 credimus,

121 3487 277 3529 A.B.C.
443 3490 459 3511 θ
488 3487 676 3529 Christus
696 3488 820 3540 soret]
844 3489 901 3528 sic
921 3489 1038 3535 foret,
1061 3490 1115 3528 D.
1287 3490 1301 3512 ⁷
1331 3490 1594 3543 scripturam]
1617 3493 1872 3540 sententiam,

120 3541 184 3582 ed.
205 3555 269 3595 pr.
490 3543 504 3565 ⁸
533 3542 756 3595 contingit]
779 3543 965 3595 contigit,
988 3543 1040 3582 A.
