2436 4094
329 431 429 480 114

275 1065 487 1090 nnnnnnnnnn

1015 414 1442 479 sOANNlS
1513 414 1858 465 WIC'LIF
2167 435 2308 466 man.

541 553 635 613 ‘sel
672 567 774 599 non
809 551 1050 608 extendit3
1099 559 1151 597 ut
1187 565 1270 597 rex
1307 549 1478 597 dicitur
1511 550 1832 611 potentialiter
1866 550 2002 598 esse2
2030 566 2118 613 per
2151 558 2308 599 totum

558 648 763 694 regnum
798 644 952 688 suum,
990 640 1038 679 et
1074 631 1148 679 sol
1182 631 1438 678 virtualiter
1473 647 1559 693 per
1594 639 1747 679 totam
1784 632 2040 694 sphaeram
2077 631 2304 694 corporass

557 714 710 771 lium³‚
748 721 795 760 et
831 721 1014 760 certum
1051 721 1136 770 est,
1171 712 1304 774 quod
1339 727 1442 759 non
1478 713 1705 760 situaliter
1740 714 1814 760 vel
1850 713 2162 762 essentialiter
2197 720 2310 761 sunt

557 795 753 842 ibidem.
822 791 886 840 Et
911 795 979 841 sic
1005 794 1172 842 debet4
1195 794 1393 856 intelligi
1419 793 1479 842 de
1504 795 1674 842 creatis
1699 796 1956 857 spiritibus.

626 872 705 922 Ad
720 876 926 937 primam
950 876 1228 923 instantiam
1253 890 1401 937 quam
1426 876 1630 937 quaeris,
1658 891 1808 934 soror,
1828 872 2173 938 utrum'angeli
2198 882 2312 923 sunt

558 957 751 1019 ubique,
778 957 960 1004 videtur
984 956 1102 1003 mihi
1131 957 1393 1019 probabile,
1420 957 1555 1018 quod
1579 972 1681 1004 non
1715 957 1982 1006 secundum
2007 972 2121 1005 suas
2144 971 2311 1005 essen-

558 1039 661 1094 tias,
684 1038 770 1085 sed
793 1039 870 1086 ille
894 1039 1072 1086 modus
1096 1039 1325 1086 limitatus
1350 1038 1412 1086 ad
1433 1037 1596 1085 Deum
1615 1039 1705 1086 sibi
1729 1047 1801 1086 est
1818 1040 2010 1101 proprie
2030 1045 2311 1087 reservatus·

560 1119 677 1167 Non
713 1128 876 1167 tamen
912 1119 1068 1176 video,
1095 1120 1211 1181 quin
1246 1120 1365 1167 boni
1401 1120 1559 1182 angeli
1594 1120 1942 1182 potentialiter⁶
1970 1128 2082 1169 sunt
2115 1120 2312 1182 ubique,

560 1216 672 1248 cum
695 1201 964 1248 afficiuntur
988 1201 1180 1249 cuilibet
1204 1210 1463 1258 creaturae,
1489 1201 1599 1249 licet
1631 1201 1899 1249 secundum
1923 1202 2101 1264 gradus
2123 1201 2312 1249 bonita-

560 1290 663 1329 tum
687 1283 738 1329 in
762 1282 989 1330 creaturis
1023 1290 1070 1329 et
1095 1281 1406 1329 affectionum
1443 1282 1506 1328 ad
1540 1282 1643 1329 illas
1677 1282 1928 1344 dispariter
1953 1284 2047 1331 sint
2071 1298 2183 1331 cum
2206 1281 2311 1330 illis.

562 1363 676 1411 Hoc
701 1371 865 1410 tamen
889 1371 960 1410 est
984 1379 1044 1411 ex
1070 1363 1164 1410 fide
1199 1363 1479 1420 tenendum,
1507 1363 1641 1425 quod
1675 1365 1827 1412 saneti
1859 1365 2033 1426 angeli,
2059 1379 2315 1427 quorsum-

563 1459 753 1506 cunque
778 1445 829 1491 in
852 1444 1037 1491 mundo
1064 1459 1115 1492 se
1139 1444 1390 1502 moverint,
1417 1444 1663 1493 inveniunt
1686 1445 1849 1493 Deum
1881 1447 2062 1508 ubique
2085 1444 2314 1508 praesen->

564 1535 675 1584 tem,
708 1526 758 1573 in
791 1541 888 1588 quo
913 1526 1133 1573 beatifice
1159 1534 1415 1573 moventur
1448 1526 1510 1573 ad
1543 1541 1686 1573 suum
1710 1528 2030 1575 ministerium
2063 1526 2313 1589 complen-

566 1604 721 1655 dumss.
792 1607 938 1655 Unde
976 1607 1198 1669 quando⁷
1233 1607 1435 1668 angelus
1471 1607 1724 1656 descendit
1761 1608 1820 1656 de
1853 1609 2007 1667 coe10,
2034 1623 2137 1656 non
2170 1608 2315 1659 debet

570 1688 700 1736 credi
740 1688 874 1750 quod
914 1688 1091 1736 recedit
1139 1704 1168 1735 a
1209 1688 1332 1746 Deo,
1376 1689 1463 1736 sed
1509 1691 1689 1752 ubique
1737 1690 1917 1738 invenit
1963 1690 2127 1738 Deum
2173 1705 2316 1739 suum

571 1769 924 1817 beatificantem
965 1769 1124 1831 ipsum
1166 1770 1418 1832 objective,
1455 1778 1503 1818 et
1540 1787 1628 1834 per
1665 1785 1972 1834 consequens
2014 1787 2116 1820 non
2157 1779 2319 1836 potest

572 1850 881 1898 essentialiter
901 1867 930 1898 a
947 1850 1058 1898 Deo
1076 1851 1314 1908 recedere,
1335 1851 1444 1899 licet
1468 1852 1603 1899 multi
1628 1853 1881 1915 peccando
1906 1869 1935 1901 a
1953 1853 2065 1901 Deo
2089 1853 2319 1903 recedant

572 1931 827 1979 moraliter.
897 1931 959 1978 Et
992 1932 1059 1979 sic
1091 1931 1293 1979 limitato
1325 1933 1475 1980 modo
1508 1934 1700 1981 essendi
1733 1935 1892 1996 angeli
1925 1935 2196 1983 secundum
2225 1935 2320 1984 hos

572 2020 667 2060 tres
713 2013 891 2074 gradus
939 2013 1168 2075 dispares,
1213 2013 1415 2061 concedi
1462 2023 1635 2076 potest,
1678 2016 1812 2077 quod
1859 2016 2018 2078 angeli
2065 2026 2321 2065 moventur

573 2093 840 2140 secundum
877 2109 986 2141 suas
1022 2095 1268 2151 essentias,
1306 2096 1574 2142 secundum
1610 2097 1743 2158 quod
1777 2096 1915 2145 Deus
1949 2098 2018 2146 eis
2053 2089 2323 2151 limitaverit

574 2174 636 2222 ad
661 2174 991 2236 impletionem
1011 2176 1082 2222 sui
1102 2176 1260 2223 officii.
1331 2176 1392 2224 Et
1417 2177 1484 2224 sic
1505 2177 1868 2240 aequivocando
1888 2178 1937 2225 in
1955 2179 2107 2227 modo
2127 2180 2320 2228 essendi

574 2256 747 2317 angeli,
784 2255 966 2303 videtur
1001 2257 1251 2318 probabile
1288 2257 1421 2319 quod
1457 2257 1587 2305 idem
1624 2259 1826 2322 angelus
1863 2260 1922 2307 sit
1956 2275 2043 2322 per
2075 2260 2186 2309 loca
2223 2262 2321 2310 dis-

575 2338 722 2399 paria,
749 2345 796 2384 et
813 2352 914 2384 non
932 2338 982 2384 in
1001 2337 1188 2385 medio8
1209 2339 1449 2386 interciso.
1520 2338 1695 2388 Utrum
1714 2349 1875 2388 autem
1893 2341 1989 2389 hoc
2014 2343 2074 2389 sit
2091 2343 2321 2405 possibile

577 2418 846 2466 secundum
865 2418 1068 2466 modum
1086 2419 1278 2468 essendi
1295 2421 1614 2478 essentialem,
1635 2435 1736 2468 non
1754 2422 1832 2469 hic
1851 2422 2047 2481 diffinio,
2068 2424 2156 2471 sed
2173 2424 2321 2472 credo

578 2498 710 2561 quod
728 2499 882 2546 malus
901 2500 1101 2562 angelus
1121 2499 1183 2548 ad
1200 2501 1515 2563 puniendum,
1536 2502 1820 2550 tentandum
1839 2504 1912 2551 vel
1935 2505 2215 2553 nocendum
2232 2505 2322 2553 ho-

578 2580 696 2626 mini
722 2595 866 2642 saepe
891 2581 1028 2628 adest
1052 2582 1198 2629 etiarn
1223 2583 1548 2641 essentialiter,
1576 2583 1676 2631 cui⁹
1701 2599 1802 2632 non
1827 2585 2068 2633 caritative
2091 2586 2307 2635 afficitur.

646 2661 708 2708 Et
740 2670 884 2724 patet,
909 2677 1007 2724 quo
1040 2664 1192 2711 modo
1217 2664 1402 2712 exiliter
1425 2672 1498 2712 est
1531 2664 1792 2714 dicendum
1827 2667 1891 2715 ad
1924 2669 2164 2716 secundam
2188 2677 2321 2718 tuam

578 2743 868 2802 instantiam,
894 2753 942 2791 et
966 2753 1097 2806 patet
1126 2746 1346 2793 eodem¹⁰
1376 2747 1578 2805 tramite,
1605 2748 1857 2809 quomodo
1887 2749 1950 2797 ad
1981 2751 2165 2798 tertiam
2187 2759 2321 2799 tuam

579 2823 854 2872 instantiam
900 2825 1015 2872 est¹¹
1064 2825 1336 2874 dicendum.
1436 2827 1548 2876 Scio
1597 2836 1759 2876 autem
1807 2830 1941 2891 quod
1988 2830 2037 2877 in
2093 2833 2321 2880 omnibus

579 2907 680 2952 istis
714 2907 905 2968 punctis
929 2908 1203 2955 necessitati
1237 2923 1403 2956 sumus
1427 2908 1687 2971 plurimum
1722 2910 1960 2970 ignorare.
2031 2910 2155 2970 Quis
2190 2913 2321 2960 enim

579 2987 724 3044 novit,
761 2987 822 3034 ad
857 2988 974 3049 quid
1007 2987 1142 3035 Deus
1178 2988 1390 3036 officium
1426 2990 1583 3051 angeli
1617 2989 1893 3051 regulariter
1925 2991 2153 3050 limitavit,
2190 3000 2238 3041 et
2271 2995 2322 3042 in

579 3076 760 3130 quanto
786 3069 877 3116 situ
897 3071 977 3116 aut
1000 3069 1082 3116 ubi
1100 3069 1197 3117 vult
1215 3069 1442 3131 angelum
1466 3085 1573 3118 esse
1591 3070 1665 3118 vel
1689 3071 1922 3131 prodesse
1943 3086 2057 3120 suae
2081 3072 2322 3129 fabricae?

635 3230 648 3253 ¹
677 3231 738 3282 se]
761 3245 842 3271 om.
863 3231 925 3271 ed.
947 3244 1006 3284 pr.
1135 3231 1151 3254 ²
1179 3232 1283 3284 esse]
1307 3245 1388 3272 om.
1409 3232 1513 3272 A.B.
1624 3233 1639 3255 ³
1667 3233 1961 3286 corporalium]
1982 3236 2321 3288 corruptibilium,

580 3284 732 3325 A.B.C.
753 3285 816 3324 ed.
836 3298 897 3337 pr.
1061 3284 1076 3308 ⁴
1104 3285 1244 3338 debet]
1267 3299 1348 3326 om.
1370 3286 1418 3326 C.
1439 3287 1501 3326 ed.
1521 3299 1581 3339 pr.
1782 3287 1799 3312 ⁵
1826 3289 2122 3342 potentialiter]
2142 3293 2320 3343 potenti-

579 3338 696 3378 aliter
714 3339 779 3378 vel
797 3339 1032 3384 virtualiter,
1054 3340 1102 3380 C.
1123 3340 1186 3380 ed.
1207 3353 1292 3392 pr.;
1321 3340 1598 3392 potentialiter
1616 3341 1853 3387 virtualiter,
1874 3342 1977 3382 AB.
2161 3344 2178 3367 ⁶
2207 3358 2320 3386 com·

580 3391 791 3443 plendum]
813 3392 1144 3446 adimplendum,
1159 3394 1227 3440 C.;
1256 3394 1521 3446 implendum,
1543 3395 1605 3435 ed.
1627 3407 1687 3447 pr.
1923 3395 1940 3418 ⁷
1968 3397 2150 3449 quando]
2170 3404 2320 3445 autem,

579 3445 642 3483 ed.
663 3459 723 3497 pr.
878 3448 893 3470 ⁸
921 3447 1077 3499 medio]
1098 3448 1206 3492 loco,
1228 3447 1288 3494 Β.,
1311 3449 1363 3488 A.
1383 3449 1550 3500 primae,
1571 3449 1620 3489 C.
1641 3449 1842 3488 secundae
1869 3462 2025 3490 manus.
2160 3480 2165 3484 ‚
2190 3453 2205 3476 ⁹
2234 3453 2320 3506 cui]

580 3500 754 3548 quando,
776 3501 881 3540 C.D.
902 3501 966 3541 ed.
987 3514 1047 3553 pr.
1215 3503 1244 3525 ¹⁰
1272 3503 1437 3555 eodem]
1458 3503 1509 3542 de
1525 3503 1682 3548 eodem,
1704 3503 1751 3542 C.
1773 3503 1835 3542 ed.
1854 3516 1939 3555 pr.;
1969 3517 2018 3549 ex
2037 3503 2193 3552 eodem,
2216 3507 2320 3547 Α.Β.

582 3551 607 3572 ¹¹
639 3553 718 3603 est]
742 3554 805 3598 sit,
827 3555 874 3594 C.
896 3555 957 3595 ed.
979 3568 1039 3606 pr.
1354 3574 1359 3579 ¹
2293 3585 2296 3588 ›
