2436 4094
167 414 298 445 cluza.
757 399 1323 454 TRJALOGUS.
2071 407 2128 455 8¹

166 530 383 594 quodam
414 532 566 580 modo
590 549 699 581 vere
732 535 959 597 opinatus
993 536 1078 585 suit
1109 537 1320 597 Averoz's,
1345 539 1480 601 quod
1511 547 1705 602 tempus
1730 548 1918 588 motum

166 613 478 677 consequitur
499 614 549 662 in
569 617 834 664 communi.
906 617 1104 667 Relictis
1124 629 1286 668 autem
1305 622 1546 669 erroribus
1571 621 1631 669 de
1652 621 1918 684 quidditate

165 695 414 758 temporiS‚
441 697 738 759 capiendum
770 706 858 756 est,
893 700 1029 762 quod
1061 716 1121 748 ex
1154 702 1337 750 unitate
1370 702 1540 750 mundi
1573 711 1619 751 et
1651 711 1814 750 motus
1848 703 1920 752 sui

165 783 240 824 est
273 776 405 825 idem
435 785 629 840 tempus
661 779 711 826 in
744 795 950 828 numero
983 782 1351 845 multiplicatum
1383 799 1470 846 per
1500 792 1657 832 totum
1681 785 1920 832 mundum

162 857 215 905 in
238 858 379 907 coelo
403 867 450 908 et
473 859 523 907 in
545 860 679 918 mari,
707 869 756 908 et
779 870 968 924 praeter
986 863 1101 911 illud
1125 872 1316 927 tempus
1335 873 1496 928 partes
1521 867 1691 914 mundi
1714 865 1920 914 habent1

164 953 277 988 suas
316 941 537 1004 proprias
578 942 942 1004 quandalitates,
986 959 1110 1006 quae
1153 961 1214 993 ex
1256 962 1484 995 mensura
1524 948 1758 1010 temporis
1809 955 1920 995 sunt

164 1031 403 1070 causatae.
488 1022 553 1071 Et
587 1023 699 1072 ideo
735 1040 845 1072 vere
888 1026 1002 1073 dicit
1038 1032 1202 1074 auctor
1238 1032 1250 1053 ‘
1266 1043 1352 1075 sex
1377 1026 1749 1090 princz'pz‘orum,'
1787 1028 1921 1091 quod

162 1103 361 1166 quando
381 1104 455 1152 vel
479 1106 781 1168 quandalitas
806 1115 877 1154 est
901 1107 1016 1155 illud
1041 1108 1175 1170 quod
1199 1107 1541 1172 derelinquitur
1566 1126 1627 1158 ex
1652 1111 1922 1173 adjacentia

162 1185 411 1248 temporis,
438 1202 550 1234 cum
588 1187 686 1235 duo
720 1203 901 1250 genera
936 1190 1225 1251 quantitatis,
1259 1191 1438 1239 scilicet
1472 1199 1666 1254 tempus
1703 1200 1750 1239 et
1784 1192 1920 1239 locus

92 1281 94 1291 ¹
162 1266 453 1331 principiam
493 1268 591 1317 duo
627 1270 1036 1332 praedicamenta,
1075 1272 1257 1320 scilicet
1298 1274 1559 1336 septimum
1596 1282 1642 1321 et
1678 1282 1917 1322 octavum.

162 1346 226 1397 Et
250 1348 321 1398 sic
356 1350 530 1399 nullius
565 1351 715 1414 partis
750 1353 920 1400 mundi
958 1355 1230 1402 successiva
1265 1354 1453 1402 duratio
1490 1363 1563 1402 est
1597 1362 1805 1418 tempuS,
1833 1355 1919 1404 sed

161 1430 268 1493 ipsa
292 1431 610 1494 quandalitas.
669 1433 732 1482 Et
756 1442 902 1496 patet,
924 1435 1058 1497 quod
1083 1436 1123 1484 si
1148 1436 1308 1499 aliqua
1332 1451 1444 1499 pars
1460 1437 1630 1485 mundi
1649 1438 1918 1485 successive

161 1512 400 1562 duraverit
424 1522 538 1577 post
570 1515 700 1563 diem
729 1516 910 1579 judicii,
935 1524 1052 1565 tunc
1083 1525 1197 1579 post
1228 1518 1360 1566 diem
1389 1519 1556 1581 judicii
1589 1520 1678 1567 erit
1710 1527 1917 1582 tempus.

159 1594 514 1644 Verumtamen
555 1596 619 1644 ad
655 1596 765 1655 hoc,
803 1598 938 1660 quod
973 1614 1085 1660 pars
1125 1599 1295 1647 mundi
1336 1607 1558 1663 tempore
1600 1609 1915 1658 mensuretur,

162 1677 349 1726 videtur
382 1686 625 1740 oportere,
662 1679 797 1742 quod
838 1680 917 1727 illa
957 1695 1070 1742 pars
1112 1682 1563 1728 transmutationem
1601 1681 1776 1730 habeat
1813 1698 1918 1730 suc-

161 1759 412 1818 cessivam,
436 1767 489 1808 ut
507 1761 712 1808 omnino
737 1762 901 1823 quieto
922 1761 1077 1819 coe10,
1097 1769 1144 1809 et
1162 1770 1299 1809 moto
1320 1762 1495 1824 angelo
1516 1763 1590 1811 vel
1609 1764 1921 1825 corporaliter

160 1840 234 1889 vel
270 1841 586 1904 spiritualiter,
612 1849 727 1891 tunc
753 1843 914 1904 ipsum
951 1843 1143 1890 coelum
1179 1851 1253 1891 est
1288 1844 1339 1891 in
1373 1852 1594 1906 tempore
1621 1845 1744 1892 sicut
1767 1843 1917 1902 DeuS‚

157 1921 247 1971 sed
263 1937 368 1971 non
391 1930 612 1986 tempore
635 1932 953 1978 mensuratur,
973 1933 1025 1972 ut
1049 1925 1201 1972 modo
1219 1924 1395 1973 Deus2.
1465 1925 1530 1973 Et
1553 1926 1680 1973 beati
1705 1927 1919 1989 exempti

157 2014 189 2052 a
228 2011 451 2068 tempore
487 2013 599 2055 sunt
633 2005 684 2053 in
719 2014 939 2069 tempore
948 2006 978 2064 ⁸,
1022 2022 1154 2054 cum·
1169 2007 1319 2065 sunt⁴‚
1357 2006 1550 2056 fuerunt
1591 2015 1639 2055 et
1680 2015 1834 2066 erunt,
1873 2016 1921 2055 et

156 2094 323 2136 tamen
363 2102 466 2137 non
504 2088 757 2152 sequitur³,
801 2089 935 2152 quod
977 2097 1198 2152 tempore
1233 2097 1575 2138 mensurantur
1588 2104 1601 2149 ;
1657 2089 1769 2137 ideo
1811 2090 1920 2138 talis

157 2168 462 2232 quandalitas
496 2185 668 2222 eorum
702 2171 889 2219 videtur
922 2186 1030 2219 esse
1066 2171 1192 2219 dicta
1227 2171 1505 2234 aequivoce,
1531 2186 1630 2234 quo
1667 2170 1730 2219 ad
1765 2187 1919 2235 quan-

160 2250 407 2301 dalitatem
443 2253 663 2316 corporis
686 2261 907 2316 tempore
943 2253 1221 2301 mensurati.

227 2332 424 2385 Instans
449 2342 611 2386 autem
634 2335 868 2398 temporis
893 2342 966 2383 est
992 2350 1107 2398 pars
1132 2334 1238 2398 ejus
1267 2334 1580 2392 indivisibilis,
1606 2342 1706 2382 tam
1731 2349 1831 2398 quo
1857 2335 1921 2383 ad
1979 2348 2189 2410 lgssgansteng

159 2414 344 2464 molem
367 2430 518 2480 quam
542 2431 641 2480 quo
667 2417 731 2465 ad
755 2417 1132 2474 successionem,
1153 2431 1265 2464 cum
1290 2416 1350 2464 sit
1374 2416 1518 2463 istum
1543 2416 1798 2475 mundum,
1819 2431 1918 2480 quo
2205 2402 2212 2410 ’

22 2499 23 2502 ’
55 2520 57 2522 ·
112 2540 118 2543 ,
159 2496 225 2546 ad
258 2497 446 2546 moveri
476 2497 551 2546 vel
583 2505 821 2546 mutatum
855 2513 976 2556 esse,
1011 2497 1358 2546 indivisibiliter
1389 2513 1691 2560 permanere.
1761 2498 1825 2546 Et
1856 2499 1922 2547 ita

159 2578 347 2628 instans
381 2579 631 2642 temporiS,
669 2594 783 2627 cum
818 2594 966 2627 omne
1002 2586 1196 2641 tempus
1233 2580 1292 2626 sit
1328 2579 1584 2641 quantitas,
1610 2594 1713 2627 non
1751 2580 1922 2628 dicitur

119 2679 123 2681 ⁴
159 2674 269 2708 esse
301 2668 509 2725 tempus,
542 2659 631 2708 sed
662 2660 896 2723 temporis
929 2660 1145 2707 initium⁶
1178 2659 1252 2707 vel
1284 2659 1407 2708 finis.
1478 2659 1619 2708 Idem
1650 2668 1815 2708 tamen
1849 2669 1922 2709 est

161 2740 348 2790 instans
379 2742 613 2804 temporis
646 2757 733 2805 per
765 2750 922 2791 toturn
955 2740 1208 2798 mundum,
1242 2748 1292 2788 et
1326 2740 1514 2803 partes⁷
1537 2742 1707 2789 mundi
1741 2741 1922 2791 habent

161 2837 276 2873 suas
301 2823 657 2888 quandalitates
691 2823 1004 2872 indivisibiles
1037 2821 1186 2870 sicut8
1210 2821 1433 2880 munduS,
1460 2829 1507 2870 et
1539 2822 1645 2870 illae
1671 2823 1925 2885 quandali=

161 2911 286 2956 tates
310 2920 414 2954 non
446 2913 559 2954 sunt
593 2905 834 2963 instantia,
863 2904 950 2953 sed
981 2903 1059 2952 ut⁹
1096 2903 1335 2953 Gz'lberlus
1363 2903 1662 2952 Porretanus
1694 2904 1918 2967 loquitur,

164 2989 177 3010 ‘
194 2987 396 3051 quando
433 2986 712 3051 simplex¹⁰.'
782 2986 846 3034 Et
869 3002 930 3035 ex
965 2986 1068 3034 istis
1093 2985 1251 3034 sedari
1275 2993 1434 3048 potest
1458 2985 1710 3043 dissensi0‚
1736 2986 1787 3033 in
1823 3002 1920 3049 qua

162 3067 337 3117 diversi
359 3068 587 3118 homines
619 3069 670 3116 in
702 3068 903 3116 materia
938 3068 998 3116 de
1030 3067 1305 3130 inceptione
1340 3067 1510 3115 mundi
1544 3068 1749 3116 inaniter
1782 3068 1919 3117 alter-

162 3157 349 3209 cantur,
375 3149 704 3213 supponendo
729 3150 904 3213 primo,
931 3149 1064 3212 quod
1096 3164 1245 3196 omne
1279 3149 1413 3212 quod
1438 3148 1525 3197 fuit
1547 3149 1621 3197 vel
1645 3150 1746 3208 erit,
1772 3159 1843 3198 est
1867 3151 1917 3199 in

216 3298 230 3324 ¹
259 3298 435 3352 habent]
455 3299 593 3345 habet,
615 3300 678 3340 ed.
698 3312 758 3352 pr.
900 3298 915 3321 ²
943 3304 989 3339 ut
999 3298 1134 3350 ,modo
1156 3297 1290 3350 Deus]
1313 3297 1371 3338 sic
1389 3303 1430 3338 et
1451 3298 1577 3338 modo
1596 3298 1722 3345 Deus,
1743 3299 1806 3340 ed.
1828 3313 1914 3353 p1·.;

150 3353 363 3395 .sicut.nec
382 3353 510 3399 Deus,
531 3354 688 3394 A.B.C.
855 3353 869 3375 ³
898 3358 938 3392 et
958 3353 1068 3394 beati
1091 3352 1268 3404 exempti
1287 3365 1312 3391 a
1331 3358 1516 3405 tempore
1536 3359 1629 3393 sunt
1649 3354 1691 3393 in
1711 3355 1915 3408 tempore]

161 3413 203 3448 et
222 3407 333 3448 beati
352 3408 530 3460 exempti
550 3413 644 3451 sunt
663 3421 688 3447 a
707 3413 894 3459 tempore
913 3406 1220 3458 intelligentiae,
1242 3406 1305 3446 ed.
1327 3419 1388 3459 pr.
1638 3406 1652 3430 ⁴
1681 3408 1795 3461 sunt]
1818 3416 1916 3449 tunc

162 3466 270 3508 sunt,
287 3462 340 3501 A.
504 3462 520 3485 ⁵
549 3468 687 3502 tamen
706 3474 791 3502 non
811 3460 1010 3514 sequitur]
1033 3467 1170 3500 tamen
1189 3473 1273 3500 non
1294 3473 1464 3513 semper,
1488 3461 1541 3500 D.
1689 3462 1705 3485 ⁶
1733 3463 1914 3517 initium]

162 3514 379 3561 infinitum,
399 3515 462 3555 ed.
481 3529 544 3569 pr.
801 3515 817 3538 ⁷
845 3514 1002 3568 partes]
1023 3527 1130 3567 pars,
1151 3514 1215 3555 ed.
1235 3528 1296 3567 pr.
1564 3516 1579 3539 ⁸
1609 3516 1733 3570 sicut]
1755 3518 1838 3564 sed,
1861 3518 1915 3558 D.

161 3569 178 3594 ⁹
206 3570 277 3611 sed
296 3569 362 3623 ut]
383 3569 499 3616 sicut,
520 3571 583 3611 ed.
603 3583 664 3623 pr.
830 3572 860 3593 ¹⁰
889 3582 1012 3622 quum
1034 3568 1224 3621 simplex]
1247 3581 1328 3609 om.
1349 3569 1410 3609 ed.
1434 3583 1494 3622 pr.

229 3653 527 3687 TRIALOGUS.
1020 3654 1050 3684 G

2255 3584 2262 3624 ——
