2456 4088
0 708 8 748 ξ

0 1163 10 1200 ἰ’

107 495 257 527 cimae.
715 476 1281 528 TRIALOGUS.

109 609 211 661 fieri
237 626 392 660 unum
427 614 756 676 compositum
772 629 785 673 3

823 621 871 662 et
905 613 969 662 ad
994 621 1180 661 tantum
1205 611 1397 661 devenit
1420 611 1705 669 Arzlrtoteles,
1731 610 1865 674 quod

109 692 280 742 sufficit
304 693 461 742 forma
485 695 535 742 in
559 696 772 753 materia,
800 695 869 743 sic
893 695 1028 758 quod
1062 695 1124 743 ad
1158 694 1554 742 informationem
1579 708 1682 740 non
1706 693 1865 754 requi-

106 775 225 824 ritur
257 775 387 824 aliud
421 776 754 839 ligamentum,
791 778 918 840 quia,
946 785 999 825 ut
1033 793 1143 825 vere
1181 775 1421 839 apparet¹‚
1458 775 1581 823 illius
1616 774 1865 837 ligamenti

107 855 232 905 foret
266 856 395 906 aliud
428 858 761 920 ligamentum,
786 867 835 907 et
872 860 939 908 sic
975 860 1026 906 in
1061 859 1315 906 infinitum.
1386 858 1508 905 Ideo
1547 856 1751 905 delirant
1783 855 1866 918 qui

106 946 312 1002 ponunt,
354 939 488 1002 quod
530 942 739 989 actuatio
788 941 957 1004 hujus²
1003 941 1189 989 formae
1236 939 1597 1002 suspendatur⁸.
1688 939 1867 986 Anima

108 1021 267 1069 enim-⁴
287 1021 504 1070 humana
529 1022 782 1085 dupliciter
805 1031 966 1086 potest
990 1023 1203 1085 intelligi,
1227 1022 1303 1070 vel
1330 1021 1647 1085 personaliter
1672 1032 1762 1083 pro
1787 1020 1867 1067 illo

107 1103 276 1165 spiritu
294 1103 548 1166 separabili
573 1120 601 1152 a
626 1119 846 1166 corpore,
873 1105 1141 1153 secundum
1167 1104 1406 1152 rationem
1431 1119 1528 1166 qua
1552 1102 1773 1160 animast,
1794 1102 1868 1148 vel

107 1183 388 1247 simpliciter
414 1199 505 1248 pro
538 1185 617 1232 illa
649 1187 959 1244 animatione,
987 1202 1111 1248 quae
1136 1194 1207 1234 est
1233 1193 1368 1233 actus
1393 1186 1577 1248 primus
1603 1183 1868 1246 corporalis

106 1265 231 1314 illius
267 1266 474 1330 spirituS‚
501 1274 548 1315 et
582 1267 663 1314 illa
698 1268 931 1316 animatio
967 1276 1038 1316 est
1075 1268 1296 1331 ejusdem
1332 1267 1531 1315 rationis
1563 1281 1675 1314 cum
1701 1265 1869 1313 formis

106 1347 212 1396 aliis
235 1348 576 1407 materialibus,
603 1349 667 1397 ita
691 1349 825 1412 quod
850 1350 971 1397 sicut
996 1350 1169 1398 sufficit
1201 1363 1291 1412 pro
1326 1364 1487 1404 causa,
1515 1363 1663 1411 quare
1691 1361 1869 1409 corpus

67 1447 88 1462 ⁸
106 1422 290 1479 bestiae
308 1431 433 1488 vivit,
454 1430 589 1494 quod
612 1430 708 1479 hoc
733 1431 844 1479 ideo
870 1432 982 1494 quia
1006 1432 1282 1494 complexio
1308 1430 1431 1478 illius
1451 1429 1673 1492 corporis
1696 1428 1871 1476 sufficit

106 1520 161 1561 ut
202 1504 271 1560 sic
313 1512 450 1570 vivat,
495 1513 589 1561 sic⁸
630 1521 703 1561 est
745 1513 1007 1561 dicendum
1055 1513 1115 1561 de
1158 1513 1371 1561 homine.
1458 1511 1661 1574 Spiritus
1703 1518 1869 1558 tamen

107 1593 319 1642 hominis
363 1594 511 1643 habet
558 1595 718 1657 legem
765 1610 852 1658 per
900 1610 952 1643 se
1007 1610 1152 1657 supra
1198 1595 1386 1642 animas
1433 1593 1710 1641 bestiarum.
1805 1591 1870 1639 Et

105 1676 328 1740 quamvis
359 1676 478 1725 tales
513 1676 812 1724 actuationes
849 1685 959 1724 sunt
992 1676 1316 1724 accidentales
1348 1675 1580 1723 materiali
1615 1674 1869 1732 essentiae,

107 1758 231 1807 sicut
277 1767 388 1807 sunt
434 1759 641 1820 igneitas
683 1766 731 1806 et
770 1766 956 1806 ceterae
998 1757 1199 1815 formae,
1239 1766 1403 1805 tamen
1445 1765 1557 1805 sunt
1605 1755 1871 1804 essentialis

106 1839 350 1904 quidditas
384 1840 531 1888 totius
572 1840 830 1902 compositi
875 1839 1149 1888 differenter
1190 1854 1219 1886 a
1260 1838 1430 1886 formis
1477 1837 1868 1886 accidentalibus

107 1921 172 1971 Et
195 1922 292 1970 sic⁷
324 1922 515 1985 spiritus
547 1921 761 1969 hominis
794 1929 866 1969 est
898 1922 947 1969 in
980 1920 1196 1969 confinio
1220 1920 1345 1967 inter
1377 1920 1581 1982 angelos
1616 1927 1663 1967 et
1688 1919 1871 1967 formas

106 2003 392 2053 materiales·
462 2002 528 2050 Et
557 2002 672 2050 hinc
707 2002 826 2050 dixit
849 2002 1007 2059 Plato,
1033 2002 1168 2064 quod
1201 2009 1389 2050 creatus
1422 2009 1496 2049 est
1519 2001 1570 2048 in
1594 1999 1870 2048 horizonte⁸

106 2085 399 2134 aeternitatis
413 2100 426 2144 ;
474 2084 597 2132 sicut
628 2084 760 2132 enim
792 2083 996 2132 horizon
1028 2092 1102 2132 est
1135 2083 1340 2132 circulus
1378 2083 1597 2132 dividens
1633 2081 1871 2130 mundum

92 2167 158 2216 *in
193 2167 314 2217 duas
346 2166 647 2225 medietateS,
684 2181 890 2229 quarum
925 2182 1025 2215 una
1060 2167 1175 2215 satis
1211 2166 1397 2214 videtur
1435 2166 1588 2214 oculis
1626 2173 1673 2213 et
1712 2165 1808 2213 alia
1844 2180 1874 2213 a

107 2263 255 2298 sensu
294 2256 464 2297 nostro
506 2249 834 2307 absconditur,
872 2264 998 2311 quae
1041 2256 1152 2297 sunt
1191 2248 1290 2296 duo
1330 2246 1708 2310 hemisphaeria⁹
1751 2248 1872 2294 inte-

106 2329 342 2395 grantia²⁰
357 2337 515 2379 totum
532 2330 787 2388 mundum,
809 2331 875 2379 sic
899 2331 1181 2379 universitas
1207 2337 1367 2378 creata
1392 2329 1662 2378 secundum
1681 2329 1824 2376 aliam
1835 2326 1872 2354 ¹¹

106 2415 344 2463 rationem
369 2412 590 2460 dividitur
608 2413 659 2459 in
684 2414 875 2475 spiritus
901 2412 1218 2470 insensibiles,
1239 2427 1365 2474 quos
1389 2411 1667 2474 philosophi
1691 2419 1871 2459 vocant

107 2495 445 2558 intelligentias
476 2501 525 2542 et
556 2509 648 2542 nos
681 2493 939 2557 angelos¹²,
965 2502 1014 2542 et
1037 2494 1087 2541 in
1112 2509 1188 2542 res
1222 2493 1364 2541 nobis
1398 2493 1662 2551 sensibiles,
1698 2493 1871 2541 saltem

108 2576 379 2626 secundum
414 2590 613 2624 sensum
648 2575 977 2633 intrinsecum,
1004 2574 1278 2637 cujusmodi
1316 2582 1427 2622 sunt
1463 2575 1630 2622 omnia
1663 2589 1871 2636 corpora

107 2666 155 2707 et
201 2658 387 2706 formae
434 2657 720 2705 materiales.
797 2655 1000 2718 Spiritus
1048 2664 1226 2714 autem,
1269 2656 1351 2718 qui
1400 2664 1512 2703 sunt
1559 2656 1716 2718 prima
1758 2671 1871 2717 pars

107 2739 293 2796 mundi,
320 2746 432 2787 sunt
456 2753 485 2785 a
509 2746 644 2801 parte
674 2737 830 2800 post¹³
862 2738 1059 2793 aeterni,
1086 2745 1134 2784 et
1167 2752 1244 2784 res
1276 2737 1396 2784 aliae
1428 2736 1735 2798 temporales.
1807 2737 1870 2783 Et

107 2819 513 2870 distinctionem¹⁴
544 2820 669 2866 inter
691 2835 767 2866 res
799 2820 927 2876 istas,
962 2833 1167 2881 quarum
1199 2819 1356 2880 prima
1391 2818 1659 2865 occultatur
1692 2818 1869 2876 sensui,
1930 2828 1935 2832 “

107 2910 161 2951 ut
177 2901 591 2966 hemisphaerium
617 2902 707 2949 sub
731 2900 998 2959 horizonte,
1019 2908 1068 2948 et
1092 2900 1306 2948 secunda
1331 2898 1665 2946 manifestatur
1691 2899 1868 2958 sensui,

107 2993 162 3034 ut
178 2983 591 3047 hemisphaerium
612 2998 756 3045 supra
774 2982 1094 3040 horizontem,
1117 2981 1477 3030 distinctionem
1501 2982 1700 3043 inquam
1726 2980 1868 3028 istam

109 3074 252 3115 vocat
274 3065 420 3114 Plato
453 3069 465 3090 ‘
482 3064 785 3113 horizontem

818 3064 1157 3123 aeternitatis3'
1207 3072 1254 3111 et
1286 3063 1399 3126 quia
1431 3062 1624 3126 spiritus
1656 3062 1869 3111 hominis

105 3147 159 3195 in
203 3155 340 3211 parte
381 3147 606 3195 convenit
651 3161 763 3194 cum
812 3146 980 3194 formis
1023 3145 1359 3203 materialibuS,
1403 3152 1450 3193 et
1490 3144 1541 3191 in
1582 3152 1716 3206 parte
1755 3158 1866 3192 cum

164 3316 179 3341 ¹
206 3316 400 3370 apparet]
421 3321 594 3370 apparet
613 3315 685 3362 eis,
706 3315 762 3356 D.

110 3370 335 3425 pendatur]
356 3371 630 3424 suspenditur,
651 3370 807 3410 A.B.C.

938 3315 954 3339 ²
982 3315 1121 3368 hujus]
1143 3314 1388 3367 hujusmodi,
1408 3314 1472 3356 ed.
1493 3328 1553 3368 pr.
1736 3313 1751 3336 ⁸
1781 3327 1865 3355 sus·
1912 3362 1916 3367 ,

1009 3369 1023 3392 ⁴
1051 3369 1179 3422 enim]
1201 3382 1313 3421 ergo,
1337 3369 1384 3410 Β.
1404 3370 1572 3422 primae,
1595 3369 1643 3410 C.
1665 3368 1867 3409 secundae

108 3438 270 3472 manus,
290 3425 354 3466 ed.
374 3438 436 3478 pr.
670 3427 685 3448 ⁵
713 3424 889 3476 animat]
911 3430 1034 3470 amat,
1054 3424 1118 3464 ed,
1139 3437 1200 3476 pr.
1438 3424 1453 3446 ⁶
1483 3423 1573 3517 sic]1
1583 3423 1700 3469 sicut,
1721 3423 1783 3463 ed.
1804 3436 1865 3476 pr.

109 3478 126 3503 ⁷
155 3479 234 3543 sic]
255 3480 373 3526 sicut,
393 3479 458 3519 ed.
478 3493 540 3532 pr.
706 3479 720 3501 ⁸
748 3478 981 3531 horizonte]
1004 3478 1197 3523 misonte,
1219 3477 1322 3517 ΑΩ.
1502 3478 1517 3500 ⁹

0 3540 3 3542 “
75 3551 82 3556 s
113 3533 343 3587 emisperia,
362 3533 458 3573 libri
476 3546 600 3573 manu
621 3532 774 3585 scripti.

0 4012 20 4088 *w*
0 3794 17 4003 ffa‘fflffl-v‘u'fl
0 3731 11 3768 Δι’-Α
3 3695 18 3716 ¹:
0 3676 14 3682 ,-

27 3611 35 3614 -
113 3589 143 3614 ¹¹
162 3587 309 3640 aliam]
331 3587 525 3640 aliquam,
547 3588 704 3628 A.B.C.

114 3641 235 3696 post]
255 3646 397 3695 aperte
415 3648 523 3695 post,
543 3642 607 3683 ed.
628 3655 687 3694 pr.

1576 3477 1865 3531 emisphaeria]

1097 3533 1128 3557 ¹⁰
1155 3531 1421 3584 integrantia]
1443 3532 1698 3584 integrando,
1720 3531 1782 3574 ed.
1804 3545 1866 3586 pr.

820 3587 847 3610 ¹²
867 3592 907 3627 et
928 3600 1004 3626 nos
1023 3586 1212 3639 angelos]
1234 3585 1320 3625 scil.
1341 3599 1548 3626 vocamus.
1659 3585 1688 3608 ¹³
1706 3599 1732 3625 a
1750 3592 1867 3639 parte

857 3640 885 3663 ¹¹
913 3639 1237 3692 distinctionem]
1258 3639 1552 3687 distinctiones,
1574 3639 1728 3682 A.B.C.

950 3723 1035 3767 QZ

2006 483 2107 538 227

1926 943 2038 971 Anima
2050 942 2184 970 humana

1926 982 1973 1008 est
1987 977 2017 1004 in
2030 976 2162 1004 confinio

1924 1019 2026 1038 rerum
2040 1010 2160 1044 spiritu-

1926 1045 2016 1072 alium
2030 1049 2061 1072 et
2074 1052 2140 1071 cor-

1927 1079 2087 1113 puralium.
