2496 4108
419 443 526 496 320
1108 428 1530 492 JOANNIS
1601 428 1947 479 WICLIF
2253 450 2407 479 1.113.1V.
2480 439 2485 442 “

658 565 889 621 Christus,
912 571 924 587 ‘
940 563 1021 624 qui
1044 562 1289 610 dimissam
1310 562 1498 610 duxerit
1518 561 1838 620 adulteratur,'
1864 579 1977 610 cum
1996 563 2057 612 de
2076 564 2186 626 lege
2204 563 2407 612 Domini

656 646 826 692 mulier
846 645 912 692 sic
938 651 1158 705 separata
1185 644 1326 691 debet
1352 645 1412 691 ab
1438 652 1547 691 actu
1570 645 1746 691 carnali
1773 646 1986 707 conjugii
2011 646 2246 694 abstinere
2261 661 2274 705 ;
2313 661 2404 693 nec

657 727 796 783 dicat,
823 725 955 787 quod
981 726 1069 772 sibi
1095 725 1195 772 sine
1221 740 1367 773 causa
1399 726 1458 772 sit
1481 725 1666 787 injuria,
1693 727 1805 788 quia
1837 727 2039 788 privatio
2065 743 2094 775 a
2125 728 2259 774 bono
2285 741 2405 774 con-

652 807 787 869 jugii,
832 806 917 853 eol
966 806 1099 867 quod
1145 806 1260 853 illis2
1306 806 1619 853 existentibus
1661 822 1759 853 una
1807 822 2018 868 persona
2065 807 2208 855 alter⁸
2253 807 2405 855 inficit

656 903 916 950 personam
953 887 1288 949 compositam,
1327 896 1373 935 et
1409 888 1476 935 sic
1513 903 1573 935 ex
1609 888 1884 936 infidelitate
1920 886 2200 938 maculavit⁴
2235 890 2406 952 eonju-

656 971 789 1031 gium
814 984 911 1030 quo
932 968 993 1015 ad
1012 969 1217 1016 thorum.
1278 968 1428 1027 Quod
1455 970 1492 1016 si
1517 969 1686 1016 mulier
1704 969 1970 1017 'delectatur
1989 971 2039 1017 in
2063 971 2398 1033 procreatione

657 1051 818 1112 prolis,
846 1065 946 1097 non
970 1050 1110 1098 video
1148 1050 1264 1111 quin
1301 1051 1340 1097 si
1376 1050 1590 1108 voluerit,
1617 1050 1726 1097 licet
1762 1051 1851 1099 sibi
1888 1059 2011 1099 stare
2048 1067 2161 1099 cum
2190 1053 2404 1115 conjuge

657 1133 808 1181 taliter
845 1131 1164 1193 delinquente,
1192 1140 1238 1179 et
1273 1132 1382 1179 licet
1418 1133 1520 1189 sibi,
1547 1132 1585 1179 si
1622 1132 1868 1179 continere
1892 1133 2105 1191 voluerit,
2131 1148 2161 1180 a
2193 1134 2402 1196 conjuge

658 1213 878 1275 separari.
953 1212 1048 1260 Sed
1073 1212 1375 1260 difficultatur
1397 1213 1605 1270 ulterius,
1630 1222 1791 1260 utrum
1815 1221 2014 1276 propter
2038 1202 2235 1262 causam
2261 1214 2404 1262 aliam

659 1311 805 1357 quam
829 1294 1157 1342 infidelitatem
1182 1293 1397 1341 adulterii
1430 1294 1536 1341 licet
1563 1294 1816 1342 divortium
1841 1295 2108 1354 celebrare;
2151 1303 2198 1344 et
2221 1295 2407 1344 videtur

659 1377 792 1439 quod
818 1377 897 1433 sic,
933 1377 1044 1437 quia
1077 1391 1178 1423 non
1205 1376 1362 1423 solum
1387 1375 1621 1422 servanda
1653 1383 1725 1423 est
1757 1375 1878 1423 fides
1911 1377 2178 1438 conjugum
2210 1377 2260 1424 in
2292 1391 2406 1439 pro-

658 1458 867 1505 creando
887 1458 1088 1519 prolem,
1109 1457 1195 1504 sed
1214 1458 1263 1503 in
1283 1457 1518 1504 servando
1539 1473 1598 1504 ex
1618 1458 1805 1519 integro
1830 1457 1989 1520 legem
2006 1457 2115 1516 Dei,
2135 1459 2249 1520 quia
2273 1457 2406 1506 aliter

658 1539 820 1586 liceret
856 1539 986 1586 alteri
1029 1539 1293 1600 conjugum
1335 1553 1441 1585 esse
1481 1538 1543 1585 ad
1580 1535 1840 1600 reliquum⁶
1879 1532 2108 1587 omnino⁶
2145 1539 2405 1588 infidelem.

661 1621 758 1668 Hic
783 1621 966 1667 videtur
988 1620 1118 1678 mihi,
1146 1620 1278 1682 quod
1305 1620 1411 1666 licet
1441 1620 1637 1682 conjugi
1661 1620 1712 1666 in
1745 1635 1859 1667 casu
1891 1620 1984 1667 alio
2010 1635 2039 1667 a
2069 1620 2253 1683 reliquo
2287 1635 2406 1668 con-

656 1704 770 1765 juge
796 1703 1018 1764 separari,
1038 1709 1089 1748 ut
1113 1702 1275 1763 posito
1302 1701 1433 1763 quod
1458 1701 1573 1748 alter
1598 1702 1864 1763 conjugum
1887 1701 2144 1763 percipiat⁷
2167 1702 2407 1765 reliquum

660 1799 764 1830 esse
790 1784 840 1829 in
866 1782 1062 1830 crimine
1089 1783 1248 1844 aliquo
1275 1782 1549 1829 induratum
1574 1783 1642 1830 sic
1667 1783 1800 1845 quod
1836 1783 2056 1845 desperet
2091 1783 2151 1831 de
2175 1798 2263 1832 sua
2287 1798 2406 1831 con—

659 1865 892 1920 versione,
930 1871 977 1910 et
1016 1864 1182 1910 timeat
1224 1863 1284 1910 de
1328 1879 1413 1910 sua
1453 1865 1743 1925 contagione
1786 1880 1847 1911 ex
1886 1864 2256 1923 cohabitatione,
2290 1873 2407 1913 tunc

660 1945 844 1991 videtur
879 1945 1008 2001 mihi,
1035 1945 1299 2006 quodlicet
1324 1944 1454 1991 illos⁸
1481 1946 1541 1991 ab
1571 1946 1777 1992 invicem
1810 1946 2047 2007 separari;
2097 1946 2185 1994 sed
2218 1946 2257 1994 si
2290 1946 2408 1993 alter

662 2027 927 2088 conjugum
955 2033 1112 2087 speret
1137 2026 1504 2072 conversionem
1531 2027 1602 2073 sui
1637 2027 1858 2089 conjugis
1894 2042 1981 2089 per
2014 2042 2151 2074 suam
2181 2027 2406 2076 ethrta-

660 2108 856 2165 tionem,
882 2115 996 2154 tunc
1021 2106 1162 2155 debet
1189 2107 1464 2154 cohabitare
1490 2123 1601 2154 cum
1625 2107 1705 2154 illo
1743 2108 1952 2170 conjuge
1985 2108 2048 2155 ad
2079 2107 2209 2156 hunc
2242 2108 2404 2156 finem.

660 2188 722 2235 Et
755 2189 842 2236 iste
867 2189 1051 2235 videtur
1082 2188 1199 2234 mihi
1225 2204 1331 2236 esse
1357 2204 1527 2236 sensus
1559 2189 1766 2250 apostoli
1795 2205 1815 2234 1
1848 2188 2064 2236 Corinth.
2090 2189 2180 2247 vii.,
2207 2189 2405 2251 quando

662 2270 788 2328 dicit,
828 2270 929 2317 ‘his
969 2278 1129 2317 autem
1167 2270 1248 2331 qui
1285 2271 1335 2316 in
1370 2270 1679 2316 matrimonio
1718 2271 1964 2333 conjuncti
2001 2277 2123 2328 sunt,
2160 2271 2406 2333 praecipio

660 2367 761 2398 non
786 2367 879 2413 ego
917 2352 1003 2398 sed
1027 2350 1283 2409 Dominus,
1310 2367 1514 2398 uxorem
1548 2366 1575 2397 a
1600 2352 1700 2398 viro
1735 2366 1835 2398 non
1861 2351 2107 2399 discedere
2122 2367 2135 2410 ;
2183 2351 2316 2414 quod
2341 2347 2408 2399 si⁹

660 2433 943 2490 discesserit,
977 2448 1172 2480 manere
1210 2433 1463 2493 innuptam
1501 2439 1581 2478 aut
1617 2432 1716 2479 viro
1754 2447 1842 2479 suo
1878 2432 2202 2492 reconciliari3
2256 2441 2304 2480 et
2338 2433 2408 2480 vir

659 2529 760 2560 non
786 2515 989 2561 dimittat
1012 2514 1243 2561 uxorem!
1315 2513 1379 2560 Et
1404 2513 1642 2575 sequitur:
1682 2517 1694 2537 ‘
1710 2529 1825 2560 nam
1851 2514 2020 2561 ceteris
2039 2528 2133 2575 ego
2159 2513 2284 2572 dico,
2305 2528 2407 2561 non

658 2595 914 2652 Dominus,
953 2596 991 2642 si
1028 2596 1134 2657 quis
1170 2595 1313 2642 frater
1347 2609 1552 2641 uxorem
1587 2594 1733 2642 habet
1767 2594 2012 2642 infidelem
2047 2602 2095 2642 et
2130 2594 2252 2642 haec
2287 2609 2405 2642 con-

659 2678 801 2724 sentit
836 2676 1050 2723 habitare
1088 2692 1199 2723 cum
1234 2676 1329 2733 illo,
1356 2691 1458 2723 non
1497 2676 1699 2723 dimittat
1723 2676 1866 2723 illam.
1936 2675 2000 2723 Et
2036 2676 2075 2723 si
2108 2690 2204 2737 qua
2237 2676 2407 2724 mulier

658 2758 802 2805 habet
836 2758 987 2804 virum
1024 2758 1279 2815 infidelem,
1306 2765 1353 2804 et
1387 2757 1465 2804 hic
1502 2757 1743 2804 consentit
1779 2772 1891 2804 cum
1926 2757 2004 2804 illa
2037 2756 2265 2814 habitare,
2303 2772 2407 2804 non

659 2839 861 2886 dimittat
893 2841 1059 2897 virum,
1087 2839 1408 2886 sanctificatus
1442 2846 1514 2885 est
1546 2839 1677 2884 enirn
1700 2839 1769 2885 vir
1801 2838 2005 2886 infidelis
2037 2854 2124 2901 per
2155 2838 2406 2886 mulierem

658 2921 850 2968 fidelem
886 2928 933 2967 et
968 2936 994 2967 e
1031 2920 1226 2967 contra.'
1298 2919 1375 2966 Ex
1417 2920 1509 2966 isto
1552 2919 1728 2966 textu¹⁰
1767 2920 1972 2981 apostoli
2008 2906 2236 2967 videthrss
2270 2919 2404 2977 mihi,

659 3002 791 3064 quod
824 3003 982 3064 primo
1020 3001 1184 3048 alludit
1208 3001 1364 3047 verbis
1388 3000 1590 3047 Domini
1626 3001 1880 3061 praedictis
1917 3001 1966 3046 in
2002 3001 2252 3063 evangelio
2275 3000 2404 3048 Mat-

658 3084 784 3131 thaei
809 3083 936 3130 ubi12
960 3097 1104 3144 supra
1134 3081 1352 3144 exposui.
1425 3081 1531 3128 Nec
1565 3089 1754 3143 oportet
1785 3082 1952 3129 timere
1977 3081 2189 3130 Pseustis
2221 3082 2404 3130 instan-

713 3239 727 3262 1
756 3251 805 3278 eo
826 3238 954 3289 quod]
976 3242 1016 3277 et
1038 3237 1159 3289 quod,
1182 3237 1227 3275 Β.
1249 3236 1311 3276 ed.
1331 3249 1393 3288 pr.
1610 3235 1625 3258 ²
1653 3235 1752 3288 illis]
1775 3235 1847 3282 illi,
1867 3236 1929 3276 ed.
1950 3249 2011 3288 pr.
2235 3236 2251 3260 ³
2277 3236 2401 3290 alter]

659 3292 788 3337 aliter,
827 3292 873 3331 B.
913 3293 1067 3344 primae
1104 3303 1261 3336 manus,
1300 3291 1363 3329 ed.
1402 3302 1463 3341 pr.
1695 3289 1710 3312 4
1737 3290 1975 3342 maculavit]
2015 3289 2206 3337 maculat,
2245 3290 2400 3331 A.B.C.

658 3346 672 3367 ⁵
701 3346 916 3397 reliquum]
940 3346 1145 3390 maritum,
1167 3346 1214 3385 C.
1236 3345 1392 3396 primae
1412 3356 1568 3382 manus.
1717 3344 1733 3366 ⁶
1763 3344 1948 3395 omnino]
1971 3345 2154 3384 omnium
2172 3344 2401 3390 hominum,

659 3400 721 3438 ed.
742 3413 802 3450 pr.
966 3400 980 3422 ⁷
1010 3398 1227 3451 percipiat]
1248 3397 1482 3450 praecipiat,
1504 3397 1565 3436 ed.
1587 3411 1647 3449 pr.
1758 3398 1772 3420 ⁸
1800 3398 1915 3449 illos]
1936 3398 2028 3444 illis,
2050 3399 2120 3445 B.;
2153 3411 2235 3438 om.
2257 3399 2319 3438 ed.
2339 3411 2400 3450 pr.

660 3454 674 3475 ⁹
703 3454 812 3504 quod
833 3452 885 3504 si]
909 3453 954 3498 si,
975 3454 1129 3493 A.B.C.
1349 3453 1380 3475 1⁰
1408 3450 1539 3502 textu]
1563 3458 1705 3492 sancto
1726 3458 1850 3497 textu,
1872 3452 1926 3491 D.
2162 3451 2192 3475 ¹¹
2219 3451 2399 3503 videtur]

659 3507 870 3550 videretur,
891 3507 954 3546 ed.
974 3521 1035 3559 pr.
1304 3506 1336 3530 ¹²
1363 3505 1563 3544 Matthaei
1582 3507 1672 3558 ubi]
1696 3506 1898 3546 Matthaei
1917 3519 1968 3552 v..
1987 3505 2051 3545 ed.
2070 3519 2154 3558 pr.;
2184 3505 2334 3546 Matth.
2355 3510 2401 3545 ut

660 3573 792 3610 supra,
813 3561 867 3598 D.

2147 3642 2329 3677 WICLIF
