2496 4108
360 405 461 472 248

279 1036 442 1064 Distinctio
458 1037 537 1063 inter

276 1075 499 1098 sacramentum

278 1108 308 1131 et
323 1113 396 1135 rem.
411 1113 510 1132 sacra-

277 1142 412 1165 mentum
429 1142 460 1165 et
475 1145 536 1165 non

277 1180 350 1203 rem,
365 1180 429 1199 rem
443 1176 474 1200 et

277 1213 338 1232 non
351 1214 448 1233 sacra-

277 1243 420 1268 mentum.

277 2666 507 2697 Sacramentum

276 2699 477 2727 eucharistiae

276 2733 349 2766 quid
362 2733 409 2761 sit.

1035 407 1463 471 JOANNIS
1533 411 1895 459 WICLIF
2191 428 2345 458 Lumv.

598 543 693 590 suis
741 542 1038 590 orationibus
1085 550 1227 590 vocat
1272 543 1413 591 istam
1461 559 1566 591 rem
1608 545 1929 592 communiter
1971 551 2344 601 sacramentum,

595 624 726 685 leges
751 623 949 684 papales
972 631 1149 671 vocant
1174 624 1303 672 illam
1330 635 1684 674 sacramentum
1709 633 1756 673 et
1781 641 1882 673 non
1907 641 2023 684 rem,
2048 633 2096 672 et
2119 625 2345 673 doctores

596 704 760 750 dicunt
808 705 1143 762 communiter,
1188 706 1321 766 quod
1369 706 1428 753 sit
1477 707 1883 754 sacramentaliter
1930 721 2108 769 corpus
2150 705 2342 755 Christi.

595 784 723 832 Cum
769 800 887 848 ergo
937 786 1133 848 aliquod
1182 788 1240 834 sit
1289 796 1646 835 sacramentum
1692 788 2020 846 eucharistiae,
2069 796 2116 836 et
2163 801 2342 850 corpus

595 866 768 914 Christi
788 867 839 913 in
858 875 1026 914 natura
1052 883 1137 915 sua
1162 884 1264 915 non
1290 870 1348 916 sit
1371 870 1439 916 ibi
1463 870 1660 927 visibile,
1687 870 1968 932 relinquitur
1993 869 2128 931 quod
2151 883 2255 917 non
2277 869 2344 916 ibi

594 957 839 996 remaneat
854 949 1048 1011 signum
1065 950 1288 998 sensibile
1306 959 1677 1010 sacramentum,
1687 952 1778 999 nisi
1795 950 1910 998 illud
1931 951 2066 1013 quod
2075 950 2345 999 differentia

594 1028 872 1091 septuplici1
899 1037 970 1076 est
996 1031 1253 1092 signatum.
1326 1031 1561 1090 Quamvis
1587 1040 1749 1079 autem
1774 1033 1824 1078 in
1848 1032 1942 1079 hoc
1967 1038 2273 1079 sacramento
2297 1039 2345 1079 et

594 1112 762 1159 ceteris
789 1112 849 1158 sit
871 1112 1161 1159 trimembris
1195 1113 1450 1171 distinctio,
1477 1114 1656 1160 scilicet
1690 1121 2044 1160 sacramentum
2068 1120 2116 1160 et
2151 1128 2242 1170 res,
2266 1127 2344 1161 res

593 1202 639 1240 et
664 1208 765 1240 non
791 1201 1159 1250 sacramentum,
1187 1209 1243 1240 ac
1277 1195 1416 1241 tertio
1455 1201 1809 1242 sacramentum
1833 1203 1882 1242 et
1906 1209 2008 1241 non
2031 1209 2123 1252 res,
2149 1201 2344 1257 oportet

591 1282 754 1322 tamen
779 1275 912 1336 quod
934 1275 1024 1322 ista
1047 1275 1192 1321 verba
1218 1276 1310 1322 sint
1344 1291 1458 1322 sane
1484 1283 1531 1322 et
1565 1291 1780 1338 congrue
1814 1276 2063 1323 intellecta.
2137 1279 2149 1300 ‘
2165 1272 2344 1323 Sacra-

594 1363 785 1403 mentum
823 1364 983 1403 autern
1019 1363 1061 1403 el
1093 1356 1187 1402 res'
1215 1357 1383 1403 dicitur
1420 1372 1596 1419 corpus
1621 1356 1822 1404 Domini
1858 1357 1993 1419 quod
2028 1363 2102 1404 est
2137 1371 2342 1409 sursum.

593 1437 777 1485 Dicitur
813 1446 975 1484 autem
1013 1446 1382 1495 sacramentum,
1410 1439 1523 1500 quia
1558 1446 1630 1485 est
1667 1438 1859 1500 signum
1894 1437 2118 1485 sensibile
2151 1437 2342 1487 animae

594 1519 783 1577 Christi,
823 1520 1012 1567 deitatis
1048 1527 1095 1566 et
1130 1520 1326 1581 gratiae.
1398 1519 1461 1567 Et
1497 1535 1609 1567 cum
1646 1521 1806 1582 ipsum
1843 1520 2059 1581 signatur
2093 1534 2181 1582 per
2214 1517 2343 1566 hanc

592 1601 800 1650 hostiam
842 1616 989 1666 quarn
1033 1616 1292 1659 sacramus,
1330 1600 1501 1648 dicitur
1535 1609 1759 1663 respectu
1796 1601 1920 1648 illius
1959 1601 2084 1648 ‘res’
2123 1599 2343 1663 eJ’usdem

593 1682 893 1739 sacramenti,
921 1690 968 1730 et
992 1683 1081 1729 ista
1108 1698 1184 1729 res
1217 1697 1343 1744 quae
1377 1690 1449 1729 est
1473 1683 1747 1730 naturaliter
1780 1697 1956 1745 corpus
1983 1681 2174 1740 Christi,
2199 1697 2344 1730 voca-

591 1774 667 1815 tur
703 1765 999 1822 eucharistia,
1026 1765 1183 1812 hostia
1218 1754 1327 1811 ante
1365 1774 1572 1812 mortem
1595 1764 1796 1811 Domini
1834 1771 2131 1823 consecrata,
2156 1772 2205 1812 et
2239 1763 2343 1812 aliis

590 1847 753 1897 multis
779 1847 1071 1904 nominibus,
1107 1847 1157 1892 in
1191 1847 1366 1910 quibus
1399 1847 1652 1908 loquentes
1678 1843 1856 1893 nostri2
1880 1845 2096 1893 taediose
2121 1859 2343 1893 commu-

594 1928 792 1975 nicant³.
864 1928 966 1974 Ista
990 1935 1151 1974 autem
1187 1943 1262 1974 res
1301 1928 1537 1975 sensibilis
1574 1927 1826 1989 descripta,
1854 1942 1977 1989 quae
2015 1927 2185 1974 dicitur
2209 1941 2342 1974 com-

593 2010 799 2056 muniter
824 2009 963 2070 panis
989 2016 1199 2065 sanctus,
1225 1996 1422 2055 vvocatur
1449 2012 1459 2032 ‘
1475 2014 1809 2055 sacramentum
1834 2014 1877 2055 et
1895 2024 1984 2054 non
2008 2007 2118 2066 ‘res,'
2146 2022 2250 2056 non
2281 2007 2344 2056 ad

591 2088 737 2142 'istum
774 2105 982 2147 sensum,
1010 2090 1144 2153 quod
1181 2105 1283 2136 non
1308 2090 1365 2136 sit
1390 2105 1464 2136 res
1502 2090 1673 2151 aliqua,
1701 2105 1811 2136 cum
1848 2090 1908 2136 sit
1933 2105 2008 2137 res
2045 2090 2158 2137 satis
2192 2090 2344 2138 sensi—

594 2173 700 2223 bilis
733 2173 801 2218 uti
837 2171 1068 2228 videmus,
1109 2171 1195 2218 sed
1231 2170 1293 2220 ad
1329 2172 1472 2221 istum
1507 2186 1717 2228 sensum,
1754 2171 1887 2233 quod
1922 2186 2024 2218 non
2060 2172 2118 2219 sit
2153 2186 2229 2219 res
2265 2171 2354 2219 illav

594 2269 728 2304 sacra
763 2254 918 2315 primo
954 2253 1145 2314 signata
1180 2268 1266 2313 per
1303 2253 1496 2314 signum
1534 2253 1756 2300 sensibile
1793 2253 1927 2314 quod
1961 2253 2193 2311 videmus,
2231 2254 2346 2316 quia

593 2349 695 2381 non
743 2343 815 2381 est
863 2334 1140 2385 naturaliter
1183 2348 1360 2395 corpus
1405 2333 1596 2381 Christi.
1670 2333 1767 2381 Sed
1814 2334 2005 2381 tertium
2053 2335 2342 2392 membrum,

554 2448 556 2451 -
593 2416 725 2483 quod
750 2424 820 2463 est
849 2420 859 2439 ‘
875 2431 950 2462 res
974 2421 1017 2461 el
1037 2431 1125 2461 non
1149 2415 1516 2472 sacramentum,'
1542 2423 1740 2462 vocatur
1764 2416 1918 2477 gratia
1948 2417 2142 2464 unionis
2167 2415 2345 2464 Christi

593 2512 703 2544 cum
729 2512 815 2543 sua
843 2495 1056 2553 ecclesia,
1079 2511 1203 2559 quae
1229 2511 1314 2559 per
1331 2495 1427 2546 hoc
1453 2497 1675 2544 sensibile
1697 2503 2053 2544 sacramentum
2076 2497 2344 2546 accessorie
2368 2533 2374 2542 η,

592 2577 848 2629 efficaciter
873 2577 1167 2638 designatur.

657 2659 782 2710 ,Sunt
817 2666 978 2706 autem
1014 2660 1064 2705 in
1099 2660 1299 2711 materia
1336 2659 1395 2706 de
1433 2659 1698 2725 quidditate
1733 2659 1878 2725 hujus
1914 2659 2150 2707 sensibilis
2186 2673 2346 2707 sacra-

591 2742 742 2790 menti
765 2755 949 2790 errores
973 2741 1272 2802 multiplices,
1299 2749 1351 2790 ut
1384 2741 1581 2802 quidam
1614 2741 1792 2797 dicunt,
1821 2740 1954 2802 quod
1988 2741 2087 2788 est⁴
2121 2741 2345 2788 accidens

592 2823 692 2874 sine
720 2822 952 2890 subjecto,
979 2830 1024 2873 et
1050 2822 1126 2870 alii
1152 2823 1286 2888 quod
1311 2830 1383 2869 est
1408 2822 1537 2879 nihil,
1565 2837 1676 2869 cum
1710 2837 1770 2869 ex
1802 2821 1962 2869 multis
1997 2821 2342 2880 accidentibus,

591 2920 713 2966 quae
750 2919 852 2951 non
889 2911 999 2951 sunt
1032 2905 1174 2951 unius
1199 2905 1403 2965 generis,
1430 2911 1730 2969 aggregatur,
1758 2911 1927 2952 contra
1961 2917 2086 2964 quos
2117 2903 2342 2965 multipli-

546 2976 548 2979 ’
591 2987 706 3032 citer
730 2986 889 3032 invexi
923 2984 1064 3032 alias5
1089 2992 1188 3031 tam
1222 2985 1507 3032 scholastice
1542 2999 1689 3045 quam
1724 2983 1869 3030 etiam
1901 2985 1952 3030 in
1975 2984 2172 3045 vulgari,
2203 2981 2342 3046 quia⁶

589 3068 711 3114 inter
761 3082 933 3113 omnes
981 3067 1204 3113 haereses
1251 3081 1374 3128 quae
1422 3080 1640 3126 unquam
1687 3066 1738 3111 in
1784 3066 1988 3128 ecclesia
2034 3065 2338 3127 pullularunt,

590 3163 841 3209 nunquam
875 3148 1131 3194 considero
1165 3147 1401 3208 aliquam⁷
1425 3130 1532 3208 plus
1567 3146 1735 3194 callide
1760 3162 1846 3208 per
1878 3146 2154 3213 hypocritas
2188 3148 2339 3196 intro-

591 3231 785 3277 ductam
834 3236 880 3275 et
928 3228 1236 3290 multiplicius
1282 3227 1519 3290 populum
1566 3227 1945 3286 defraudantem,
1995 3243 2110 3275 narn
2167 3229 2338 3291 spoliat

642 3398 656 3420 ¹
687 3400 922 3451 septuplici]
944 3399 1177 3445 accidentis,
1198 3399 1261 3438 ed.
1281 3412 1342 3451 pr.
1371 3413 1373 3415 ¹
1526 3398 1542 3420 ²
1570 3399 1783 3450 loquentes
1801 3399 1950 3450 nostri]
1971 3397 2089 3438 multi
2109 3397 2335 3450 loquentes,

590 3453 652 3490 ed.
675 3466 735 3503 pr.
753 3466 762 3497 ;
792 3454 910 3493 multi
930 3455 1143 3505 loquentes
1161 3454 1303 3499 nostri,
1324 3453 1478 3492 A.B.C.
1691 3452 1708 3475 ³
1736 3452 2058 3504 communicant]
2079 3453 2335 3498 convincant,

560 3531 562 3557 3
581 3506 651 3543 ed.
672 3519 733 3556 pr.
898 3507 912 3530 ⁴
940 3508 1020 3559 est]
1043 3508 1107 3552 sit,
1128 3507 1190 3546 ed.
1211 3520 1272 3559 pr.
1436 3507 1451 3529 ⁵
1479 3507 1598 3559 alias]
1621 3520 1703 3546 om.
1726 3507 1880 3549 A.B.C.
1901 3507 1964 3546 ed.
1985 3519 2045 3559 pr.
2175 3507 2191 3530 ⁶
2218 3506 2332 3559 quia]

561 3572 562 3612 ζ
590 3560 711 3607 quod,
733 3560 794 3598 ed.
817 3575 876 3612 pr.
1043 3561 1058 3583 ⁷
1087 3560 1285 3612 aliquam]
1307 3561 1442 3606 aliam,
1464 3562 1518 3599 D.
