2496 4108
1090 399 1515 464 JOANNIS
1586 398 1935 449 WICLIF
2235 415 2388 443 Lumv.

644 549 756 582 cum
779 532 1048 581 secundum
1072 532 1394 595 philosophos
1429 533 1488 580 de
1523 548 1610 580 suo
1644 533 1797 580 esibili
1827 531 2008 580 habent
2033 530 2270 578 notitiam.
2341 528 2388 578 O

644 617 686 663 si
720 615 885 662 fideles
921 615 970 660 in
994 613 1214 662 Domino
1244 614 1500 662 videbunt¹
1536 613 1868 661 antichristum
1904 627 2017 660 cum
2053 611 2150 659 suis
2188 609 2391 672 compli-

645 695 780 742 cibus
809 703 997 742 tantum
1031 710 1192 757 posse,
1219 695 1352 757 quod
1385 694 1681 742 condemnet
1712 702 1760 741 et
1796 700 2111 756 persequatur
2141 705 2296 755 usque
2327 690 2391 738 ad

643 783 853 823 mortem
889 776 1012 823 filios
1046 776 1292 834 ecclesiae,
1331 777 1414 838 qui
1449 776 1499 822 in
1533 775 1630 823 hoc
1666 775 1813 822 fidem
1849 773 2084 835 evangelii
2109 773 2178 820 sic
2213 785 2390 820 conce·
2465 788 2478 803 ·

646 858 791 905 dunt!
864 857 1036 905 Certus
1073 858 1271 919 quidem
1307 872 1428 915 sum,
1466 857 1600 919 quod
1635 857 1807 904 veritas
1850 855 2084 916 evangelii
2124 861 2287 916 potest
2328 852 2392 900 ad

644 947 834 1000 tempus
875 939 925 986 in
966 939 1135 1002 plateis
1177 954 1401 987 corruere
1443 947 1490 986 et
1530 954 1617 1000 per
1651 939 1807 985 minas
1843 936 2107 984 antichristi
2141 934 2390 982 modicum

644 1021 840 1078 reticeri,
867 1020 953 1068 sed
978 1020 1192 1082 extingui
1217 1035 1318 1067 non
1351 1027 1525 1082 potest,
1556 1034 1667 1066 curn
1691 1019 1882 1066 Veritas
1916 1018 2055 1074 dicat,
2081 1015 2215 1079 quod
2245 1015 2392 1062 verba

643 1117 732 1149 sua
756 1116 858 1148 non
882 1103 1113 1149 transient
1123 1101 1152 1159 2,
1172 1102 1282 1148 licet
1307 1102 1498 1148 coelum
1523 1108 1571 1147 et
1593 1109 1717 1147 terra
1736 1099 1900 1161 quoad
1919 1098 2284 1146 innovationem
2308 1096 2391 1143 ali-

644 1197 792 1245 quam
817 1184 885 1231 sic
913 1183 1222 1230 transibuntss.
1293 1183 1612 1244 Expergiscat
1635 1196 1752 1243 ergo
1778 1180 1929 1228 fidelis
1953 1180 2003 1226 in
2029 1179 2191 1226 anima
2214 1185 2262 1226 et
2285 1177 2391 1229 dili-

643 1272 812 1325 genter
843 1265 1053 1326 inquirat
1088 1280 1116 1311 a
1151 1264 1328 1311 nostris
1360 1264 1624 1321 haereticis,
1658 1263 1775 1324 quid
1811 1263 1869 1309 sit
1892 1263 1943 1308 in
1978 1268 2150 1309 natura
2185 1275 2271 1308 sua
2293 1259 2390 1307 hoc

643 1353 999 1392 sacramentum
1018 1346 1302 1403 venerabile,
1323 1345 1363 1392 si
1382 1360 1483 1392 non
1507 1345 1660 1406 panis,
1682 1359 1793 1391 curn
1813 1343 1933 1390 fides
1953 1341 2188 1404 evangelii
2211 1348 2259 1389 et
2283 1356 2390 1389 sen-

643 1426 788 1474 sualis
823 1427 994 1473 notitia
1026 1442 1138 1475 cum
1170 1427 1355 1473 ratione
1380 1426 1616 1487 probabili
1639 1425 1768 1473 istud
1793 1425 1920 1482 dicit,
1946 1425 2058 1486 quia
2082 1430 2240 1471 certus
2265 1437 2389 1480 sum,

642 1508 776 1570 quod
810 1507 1052 1566 idolatrae,
1079 1508 1161 1569 qui
1194 1507 1428 1555 fabricant
1462 1508 1550 1554 sibi
1575 1506 1725 1565 Deos,
1752 1507 1866 1554 satis
1899 1513 2122 1563 noscunt,
2148 1503 2266 1566 quid
2298 1504 2393 1552 sint

643 1590 693 1635 in
712 1589 810 1636 suis
835 1590 1030 1647 naturis,
1051 1589 1161 1636 licet
1181 1589 1380 1651 fingant,
1401 1589 1535 1650 quod
1559 1587 1770 1635 habeant
1793 1587 1973 1649 aliquid
1998 1586 2208 1633 numinis
2232 1599 2262 1632 a
2278 1584 2391 1632 Deo

642 1669 862 1718 Deorum
904 1671 1327 1732 supernaturaliter
1366 1670 1436 1717 eis
1479 1670 1658 1717 datum.
1729 1669 1851 1716 Ideo
1895 1668 2007 1716 dicit
2047 1666 2215 1725 fidelis,
2257 1665 2392 1728 quod

644 1750 720 1798 isti
761 1750 986 1799 haeretici
1029 1752 1078 1798 in
1120 1751 1416 1812 ignorantia4
1458 1751 1640 1798 nedum
1682 1749 1923 1798 excedunt
1970 1764 2132 1796 mures
2177 1755 2224 1796 et
2269 1747 2390 1799 tales

641 1833 818 1879 bestias
845 1833 932 1879 sed
956 1847 1193 1894 paganos.
1263 1832 1326 1879 Et
1350 1839 1481 1894 patet
1515 1832 1718 1879 fidelitas
1750 1830 2076 1879 conclusionis
2100 1829 2391 1892 praedictae,

641 1912 775 1974 quod
800 1912 894 1959 hoc
921 1920 1278 1960 sacramentum
1301 1913 1571 1960 venerabile
1597 1920 1669 1960 est
1694 1913 1743 1959 in
1767 1921 1939 1960 natura
1963 1927 2050 1960 sua
2073 1925 2214 1959 verus
2235 1911 2391 1974 panis,

641 2002 690 2042 et
713 1994 1119 2041 sacramentaliter
1143 1997 1318 2055 corpus
1345 1993 1535 2042 Christi.

1388 2304 1544 2353 CAP.
1585 2305 1646 2352 V.

1031 2425 1207 2474 Eadem
1230 2429 1449 2474 sententia
1474 2429 1651 2473 ratione
1673 2426 2000 2487 comprobatur.

712 2549 915 2596 Alz'tlzz'a.
989 2549 1151 2597 Placet
1193 2550 1309 2596 mihi
1353 2566 1464 2597 cum
1503 2550 1659 2608 video,
1697 2549 1830 2612 quod
1864 2550 1938 2598 vel
1976 2558 2169 2613 oportet
2209 2566 2389 2614 negare

645 2630 948 2691 evangelium
971 2639 1202 2693 tanquam
1236 2647 1425 2679 summe
1458 2631 1752 2679 haereticum
1775 2632 1851 2679 vel
1877 2631 1936 2679 de
1961 2631 2056 2679 hoc
2081 2640 2388 2680 sacramento

645 2713 927 2770 concedere,
955 2713 1077 2759 sicut
1102 2713 1235 2760 dicis.
1310 2712 1406 2760 Sed
1430 2727 1554 2774 rogo
1579 2720 1624 2759 te
1651 2714 1972 2760 commisceas
1998 2728 2109 2760 cum
2133 2714 2391 2762 auctorita-

643 2794 767 2841 tibus
791 2795 883 2841 tuis
907 2794 1154 2856 paululum
1179 2795 1390 2851 rationis,
1417 2795 1531 2856 quia
1555 2809 1729 2841 omnes
1762 2794 2073 2850 admittimus,
2099 2795 2231 2857 quod
2253 2794 2390 2844 Deus

643 2875 758 2922 nihil
792 2884 952 2937 potest
988 2875 1145 2923 facere
1181 2877 1272 2923 nisi
1306 2876 1544 2937 probabili
1568 2870 1778 2933 ¹ratione,
1805 2891 1896 2922 nec
1933 2876 2132 2923 destruit
2167 2883 2388 2924 naturam

642 2957 1020 3019 impeccabilem,
1055 2973 1146 3003 nec
1183 2956 1435 3004 confundit
1470 2957 1691 3003 notitiam
1728 2957 1999 3004 naturaliter
2030 2958 2173 3005 nobis
2208 2958 2386 3015 datam,

641 3038 731 3085 nisi
756 3039 906 3085 subsit
931 3038 1087 3099 major
1109 3038 1285 3084 utilitas
1310 3045 1355 3084 et
1381 3037 1713 3099 probabilitas5
1736 3038 1947 3086 rationis.
2270 3084 2275 3097 ,

708 3119 979 3166 Phronesz's.
1051 3118 1214 3165 Placet
1239 3119 1371 3180 quod
1397 3118 1542 3165 fidem
1573 3118 1632 3165 de
1657 3118 1768 3165 Deo
1802 3126 1902 3165 tam
1935 3127 2073 3166 acute
2098 3127 2145 3167 et
2169 3127 2388 3168 recenter

639 3201 851 3262 respicis,
877 3200 988 3247 ideo
1014 3198 1208 3261 expedit
1232 3214 1402 3260 parum
1427 3199 1692 3261 procedere
1726 3200 1994 3247 secundum
2019 3201 2153 3262 quod
2175 3201 2387 3248 rationes

639 3282 775 3329 istius
807 3281 1035 3328 materiae
1068 3281 1281 3342 exigunt,
1307 3288 1360 3327 ut
1390 3281 1561 3327 veritas
1594 3280 1705 3327 fidei
1738 3280 1846 3342 plus
1877 3281 2120 3330 clarescat.
2193 3281 2385 3344 Suppo-

693 3418 706 3440 1
735 3414 1147 3466 fideles—videbunt]
1169 3413 1522 3459 fidelis—videbit,
1545 3413 1598 3453 D.
1809 3413 1826 3436 ²
1854 3415 2070 3467 transient]
2093 3420 2315 3461 transeunt,
2336 3417 2385 3457 C.

638 3470 653 3508 .³
681 3471 731 3509 cf.
755 3470 904 3510 Matth.
924 3470 1054 3509 xxxiv.
1074 3481 1097 3517 3
1104 3480 1141 3518 5.
1387 3467 1401 3489 ‘¹
1429 3468 1471 3506 in
1491 3468 1742 3519 ignorantia]
1763 3468 2006 3520 ignorantia,
2028 3470 2105 3516 A.;
2136 3469 2179 3508 in
2198 3469 2386 3522 ignoran-

641 3525 754 3569 tiam,
775 3525 823 3563 C.
987 3524 1002 3546 ⁵
1030 3522 1319 3575 probabilitas]
1343 3521 1471 3573 major
1491 3522 1774 3573 probabilitas,
1794 3523 1858 3562 ed.
1880 3536 1941 3574 pr.
