2424 4120
336 428 443 478 440

1036 410 1458 475 JOANNIS
1529 412 1885 462 WICLIF
2196 431 2332 465 (τμη.

580 543 743 592 tertio¹
768 543 831 591 ad
862 543 1056 591 finalem
1089 546 1540 604 remunerationem,
1574 559 1676 594 non
1708 554 1904 609 propter
1936 560 2078 594 suum
2108 558 2329 593 commo-

581 626 696 673 dum
721 641 750 673 a
773 625 956 688 populo
981 640 1129 688 quem
1151 626 1417 678 visitaverat
1440 627 1800 690 reportandum,
1827 626 1913 675 sed
1944 627 2106 690 potius
2134 633 2333 688 propter

579 721 791 769 poenam
815 714 862 753 et
884 706 1107 769 injuriam
1131 708 1425 770 patiendum,
1450 717 1502 756 ut
1527 708 1639 756 dicit
1670 709 1826 771 prima
1858 707 2074 756 conditio
2103 706 2329 764 caritatis,

578 796 626 835 et
661 795 857 850 propter
890 788 1328 837 remunerationem
1364 789 1549 852 largam
1584 790 1683 837 suis
1720 789 1939 837 fidelibus
1973 787 2286 851 parciendam
2295 786 2330 845 ²,

577 876 631 916 ut
655 868 770 916 dicit
802 868 1014 917 secunda
1047 870 1275 918 conditio.
1347 869 1499 929 Quod
1532 871 1572 919 si
1606 870 1773 919 fratres
1807 871 1858 918 in
1889 870 1990 919 istis
2021 869 2334 920 adversantur

581 949 774 999 Christo
813 952 863 998 in
901 951 1132 1010 moribuS,
1171 952 1278 1014 quis
1319 952 1518 1010 dubitat,
1558 953 1676 1015 quin
1715 954 1810 1000 sint
1853 951 2033 1000 Satan?
2101 949 2334 1013 Legimus

579 1033 724 1091 enim,
749 1033 884 1094 quod
919 1033 1066 1081 Satan
1098 1033 1231 1081 affuit
1263 1034 1386 1082 inter
1419 1033 1542 1081 filios
1567 1033 1675 1091 Dei,
1701 1033 1788 1082 sed
1819 1041 2052 1096 tanquam
2084 1039 2336 1080 accusator

579 1114 777 1162 fratrum
799 1121 852 1162 ut
883 1114 1166 1172 malefaciat,
1192 1129 1294 1162 non
1317 1122 1369 1162 ut
1401 1115 1633 1177 proficiat,
1657 1122 1710 1163 ut
1741 1122 1874 1177 patet
1893 1113 2013 1177 sobi
2039 1114 2212 1177 primo.
2284 1110 2337 1173 Si

579 1203 741 1243 autem
765 1195 931 1244 fratres
957 1195 1171 1244 celeriter
1190 1204 1544 1259 congregantur
1568 1196 1632 1244 ad
1655 1196 1823 1244 fratres
1849 1210 1966 1244 suos
1991 1202 2162 1243 contra
2184 1209 2332 1242 evan-

580 1277 759 1339 gelium
791 1277 1119 1325 accusandum
1133 1293 1146 1336 3
1191 1277 1245 1335 si,
1269 1278 1352 1324 ubi
1377 1293 1556 1340 corpus
1588 1277 1742 1325 divitis
1769 1277 1898 1340 jacet
1928 1265 2188 1334 mortuum,
2213 1290 2336 1324 con-

580 1367 840 1420 gregantur
869 1366 919 1406 ut
952 1359 1138 1421 aquilae
1172 1359 1235 1407 ad
1258 1359 1391 1406 vivos
1425 1367 1470 1406 et
1503 1366 1722 1406 mortuos
1756 1344 2181 1420 depraedandum}
2230 1356 2332 1404 imo

580 1442 619 1488 si
662 1441 711 1486 in
754 1448 863 1488 actu
905 1440 1273 1503 praedicationis
1315 1455 1418 1487 non
1459 1440 1688 1488 assistunt
1730 1439 1821 1487 nisi
1863 1446 2059 1501 propter
2092 1437 2334 1486 honorem

580 1522 885 1570 mundanum
908 1522 982 1569 vel
1011 1522 1222 1570 lucrum³
1247 1530 1502 1584 speratum,
1529 1529 1576 1568 et
1608 1522 1676 1569 sic
1702 1520 1762 1569 de
1795 1521 2010 1584 prandiis
2047 1528 2190 1583 atque
2215 1535 2335 1568 con-

579 1603 940 1666 gregationibus
977 1603 1256 1651 hominum:
1311 1604 1418 1666 quis
1457 1602 1640 1651 dubitat
1681 1603 1800 1666 quin
1838 1599 1978 1650 sunt⁴
2011 1601 2332 1651 meridianum

579 1684 923 1733 daemonium?
998 1684 1204 1733 Possent
1239 1686 1369 1732 enim
1407 1684 1470 1732 ad
1507 1685 1762 1733 minimum
1797 1698 1988 1732 narrare
2023 1683 2246 1732 fidelibus
2283 1682 2336 1730 in

579 1781 666 1814 sua
700 1767 971 1815 assistentia
1005 1767 1056 1813 in
1080 1767 1181 1814 istis
1218 1766 1692 1829 congregationibuS,
1719 1765 1836 1828 quid
1871 1766 1931 1813 sit
1965 1764 2124 1813 hostia
2160 1779 2335 1813 conse-

579 1855 735 1907 crata;
785 1849 910 1896 circa
932 1847 1028 1896 hoc
1061 1849 1191 1895 enim
1227 1849 1477 1910 ambigunt
1509 1848 1591 1895 filii
1625 1847 1786 1895 multi5
1819 1847 2051 1895 ecclesiae
2084 1853 2132 1894 et
2163 1845 2335 1895 fratres

578 1930 628 1976 in
652 1930 743 1976 isto
777 1944 921 1992 super
953 1930 1140 1977 haeresi
1164 1930 1475 1991 probabiliter
1505 1925 1746 1991 impetiti⁶.
1817 1928 1963 1976 Unde
1994 1928 2035 1977 si
2057 1935 2330 1977 mutescunt

579 2009 628 2056 in
664 2010 836 2057 talibus
872 2011 1331 2072 congregationibus
1367 2025 1511 2071 super
1546 2010 1686 2068 istud,
1719 2017 1820 2057 tam
1854 2009 1948 2071 ipsi
1983 2008 2151 2057 fratres
2185 2022 2335 2072 quam

578 2092 711 2153 ipsos
730 2091 947 2139 foventes
973 2091 1035 2139 ad
1058 2091 1297 2138 haeresim
1321 2099 1432 2139 sunt
1459 2092 1682 2153 suspecti.
1745 2090 1796 2138 Si
1819 2090 1951 2138 enim
1974 2089 2143 2139 fratres
2167 2097 2335 2138 assunt

577 2173 854 2234 regulariter
891 2173 1064 2221 talibus
1106 2172 1563 2234 congregationibus
1605 2180 1801 2235 propter
1843 2179 2100 2235 quaestum
2142 2179 2335 2234 tempo-

575 2254 745 2300 ralium
770 2268 859 2301 suo
885 2253 1143 2301 conventui
1167 2253 1568 2314 congregandum
1601 2260 1648 2299 et
1672 2267 1774 2300 non
1806 2260 2003 2315 propter
2035 2252 2329 2314 spiritualem

575 2334 962 2383 aedificationem
998 2334 1242 2391 ecclesiae,
1282 2334 1391 2395 quis
1429 2333 1611 2381 dubitat
1655 2334 1774 2396 quin
1816 2330 1953 2382 sunt⁷
1991 2333 2100 2381 ‘filii
2135 2334 2333 2396 sangui-

577 2416 754 2478 sugae,'
804 2431 916 2463 cum
964 2416 1129 2463 dicunt
1179 2423 1279 2462 tam
1325 2416 1472 2462 verbo
1522 2429 1670 2477 quam
1715 2430 1863 2478 opere
1910 2415 2060 2463 instar
2099 2415 2332 2464 visitantis

576 2498 779 2546 diaboli:
819 2501 830 2522 ‘
847 2496 976 2554 affer,
1004 2495 1145 2544 affer8
1170 2496 1201 2542 l'

649 2578 810 2625 Tertia
842 2578 1057 2625 conditio
1094 2578 1302 2626 caritatis
1337 2585 1423 2635 est,
1458 2578 1592 2640 quod
1624 2593 1727 2626 non
1761 2579 2034 2627 aemulatur„
2106 2577 2257 2639 Quod
2293 2579 2337 2627 si

574 2660 741 2708 fratres
785 2666 896 2707 sunt
943 2659 1145 2708 invidia⁹
1187 2660 1238 2706 in
1279 2660 1534 2717 abstracto,
1578 2675 1680 2707 non
1722 2660 1880 2721 solum
1919 2659 2187 2709 invidentes
2225 2659 2332 2708 aliis

572 2741 823 2789 ordinibus
865 2748 913 2788 et
956 2741 1248 2789 secularibus
1284 2756 1409 2803 quos
1451 2741 1728 2803 depravant,
1769 2742 1855 2789 sed
1892 2742 2038 2790 etiam
2073 2742 2170 2790 sibi·
2199 2741 2332 2814 ipsis,

573 2823 681 2885 quis
719 2822 915 2881 dubitat,
952 2823 1069 2884 quin
1105 2838 1165 2869 ex
1202 2823 1379 2870 invidia
1416 2822 1594 2870 diaboli
1621 2823 1774 2870 sunt¹⁰
1807 2823 1858 2870 in
1894 2823 2150 2871 ecclesiam
2184 2824 2333 2871 intro-

574 2903 735 2952 ducti?
795 2903 979 2950 Divisio
1006 2904 1136 2950 enim
1162 2911 1209 2950 et
1233 2904 1441 2951 narratio
1466 2904 1516 2950 in
1550 2904 1647 2951 suis
1672 2905 1819 2967 signis
1853 2905 2156 2953 sensibilibus
2189 2919 2335 2968 supra

573 2986 623 3034 id
670 2985 804 3048 quod
851 2984 1071 3032 Christus
1122 2985 1336 3043 asseruit,
1384 2985 1539 3032 innuit
1593 2985 1727 3047 quod
1776 2993 1886 3032 sunt
1934 2985 2068 3033 tales.
2157 2984 2331 3034 Unitas
2408 3026 2409 3029 ,

571 3067 700 3114 enim
738 3064 1026 3113 armonica¹¹
1068 3067 1284 3128 corporis
1325 3065 1555 3113 ecclesiae
1596 3080 1740 3128 super
1781 3066 1885 3129 ejus
1929 3080 2163 3125 amorem,
2201 3067 2329 3115 sicut

627 3263 641 3286 1
671 3262 810 3314 tertio]
833 3263 952 3302 tertio
973 3262 1096 3307 venit,
1117 3262 1248 3301 a.b.C.
1445 3260 1461 3284 ²
1488 3261 1750 3314 parciendam
1771 3261 1816 3314 (i.
1827 3274 1861 3302 e.
1882 3262 2178 3316 partiendam)]
2198 3264 2329 3316 perci·

573 3317 778 3368 piendam,
799 3317 847 3356 C.
1013 3316 1027 3338 ³
1055 3316 1232 3368 lucrum]
1254 3315 1464 3361 honorem,
1486 3317 1533 3356 C.
1710 3315 1724 3338 ⁴
1750 3316 1864 3368 sunt]
1886 3316 1980 3363 sint,
2001 3317 2050 3358 C.
2213 3318 2228 3340 ⁵
2255 3317 2331 3356 filii

574 3370 713 3422 multi]
734 3370 852 3409 multi
873 3369 957 3416 filii,
979 3371 1028 3410 C.
1273 3370 1289 3392 ⁶
1317 3370 1511 3422 impetiti]
1533 3370 1558 3409 i.
1568 3382 1602 3409 e.
1623 3370 1772 3410 erroris
1793 3376 1916 3422 atque
1938 3371 2115 3410 haeresis
2134 3372 2327 3411 accusati.

575 3424 589 3446 ⁷
619 3425 729 3476 sunt]
752 3425 844 3469 sint,
867 3425 914 3464 C.
1138 3424 1152 3447 ⁸
1181 3423 1230 3464 cf.
1253 3425 1370 3464 Prov.
1391 3438 1481 3463 xxx.
1507 3434 1569 3473 15.
1803 3425 1818 3447 ⁹
1845 3424 2018 3476 invidia]
2038 3425 2082 3464 in
2100 3425 2266 3471 invidia,
2285 3438 2324 3464 a.

574 3478 611 3570 ¹1⁰)
633 3478 746 3529 sunt]
768 3478 861 3540 sint,
882 3479 930 3518 C.
1233 3479 1261 3502 1¹
1290 3478 1499 3518 armonica
1520 3478 1601 3529 (i.c.
1623 3478 1902 3531 harmonica)]
1925 3479 2143 3527 Aamnica,
2163 3478 2211 3520 C.
2229 3493 2239 3526 ς
2275 3479 2326 3519 cf.

613 3544 643 3571 s.
665 3545 820 3571 cxxxm.
848 3545 878 3579 1,
904 3544 937 3571 2.
