2436 4094
322 475 421 541 196
448 460 451 464 ’
985 471 1149 534 JOA
1175 471 1409 521 NNJS
1480 471 1833 521 WJCLJF
2137 491 2295 521 man.

1270 866 1428 914 CAP.
1466 866 1576 914 XX.

1355 996 1496 1046 Gula.

613 1119 817 1166 Alz’thz'a.
887 1118 1035 1181 Rogo
1077 1134 1222 1178 nunc,
1266 1119 1410 1169 frater
1451 1120 1725 1178 PhronesiS,
1767 1128 1819 1167 ut
1859 1119 1920 1168 de
1949 1121 2069 1183 gula
2103 1127 2152 1168 et
2187 1119 2292 1182 ejus

531 1200 786 1247 'contrario
822 1199 1072 1261 procedas,
1110 1200 1346 1248 servando
1386 1201 1596 1249 eundem
1639 1200 1859 1248 ordinem
1897 1214 2045 1262 quem
2079 1199 2290 1248 servasti.

546 1280 700 1327 Miror
723 1289 888 1327 tamen
912 1296 972 1327 ex
999 1280 1137 1328 dictis
1161 1283 1269 1339 tuis,
1296 1297 1407 1329 cum
1433 1282 1623 1330 coloras
1647 1282 1894 1344 implicite,
1919 1281 2055 1344 quod
2086 1281 2292 1330 ecclesia

544 1378 605 1409 ex
641 1361 759 1410 hoc1
794 1362 1012 1425 peccavit
1047 1363 1183 1424 quod
1218 1362 1519 1411 dotationem
1555 1362 1767 1424 accepit²
1802 1371 1848 1411 et
1871 1362 2088 1425 regulam
2111 1362 2291 1411 Christi

545 1444 766 1501 deseruit,
809 1458 921 1490 cum
967 1443 1195 1491 habendo
1242 1445 1572 1506 quodcunque
1620 1444 1892 1492 dominium
1931 1451 2092 1507 potest
2137 1443 2290 1492 homo

507 1527 510 1530 ’
543 1526 656 1572 satis
682 1523 852 1573 devote
875 1525 1033 1572 vivere
1056 1532 1104 1572 et
1127 1526 1194 1572 uti
1217 1525 1562 1587 temporalibus
1587 1526 1699 1573 satis
1724 1540 1882 1587 parce.

339 1609 465 1667 00:201&
608 1605 878 1653 Phrenesis.
948 1606 1112 1654 Placet
1131 1621 1318 1654 servare
1336 1606 1467 1654 hunc
1488 1607 1711 1654 ordinem
1730 1621 1877 1668 quem
1903 1606 2117 1669 signasti.
2189 1605 2288 1654 Sed

342 1674 454 1709 ‘'m‘'
542 1687 592 1734 in
626 1688 792 1749 primis
830 1687 1013 1735 videtur
1050 1688 1180 1745 mihi,
1217 1688 1351 1750 quod
1391 1688 1534 1735 nimis
1573 1688 1680 1735 laxe
1721 1695 1768 1735 et
1804 1687 1967 1735 leviter
2003 1688 2137 1751 capis
2178 1703 2288 1736 sen-

543 1768 743 1815 tentiam
778 1783 924 1830 quam
960 1769 1187 1830 praedixi.
1260 1769 1379 1816 Non
1417 1769 1547 1816 enim
1583 1768 1724 1817 video
1762 1769 1836 1816 vel
1877 1784 2118 1832 suppon0,
2154 1769 2289 1832 quod

543 1848 766 1896 Sz'lvester
788 1849 862 1896 vel
897 1850 1172 1911 quicunque
1210 1850 1327 1897 alius
1364 1851 1550 1912 accepit
1586 1850 1885 1898 dotationem
1922 1850 2144 1899 Caesaris
2177 1866 2289 1914 per-

541 1938 737 1992 petuam
773 1945 874 1977 non
909 1931 1175 1992 peccando,
1213 1931 1326 1992 quia
1361 1931 1470 1978 licet
1505 1931 1583 1977 illa
1618 1946 1829 1992 persona
1862 1932 2078 1993 peccavit
2109 1933 2287 1991 leviter,

542 2011 671 2058 dedit
707 2018 870 2057 tamen
906 2011 1046 2058 stulte
1082 2011 1389 2059 occasionem
1425 2011 1625 2059 infirmis
1660 2012 2005 2074 posterioribus
2037 2013 2146 2076 plus
2173 2029 2289 2076 pec-

533 2091 695 2148 candi,
723 2106 834 2138 cum
859 2099 969 2138 ante
994 2092 1309 2150 dotationem,
1335 2093 1533 2154 quando
1560 2093 1643 2140 viri
1677 2093 1930 2156 apostolici
1955 2093 2146 2142 fuerunt
2177 2095 2287 2157 plus

539 2173 747 2220 habiles³
779 2173 842 2220 ad
874 2174 1174 2231 merendum,
1209 2175 1508 2232 tenebantur,
1542 2182 1777 2236 quantum
1808 2183 1923 2224 tunc
1957 2175 2288 2235 suffecerunt⁴,

540 2254 769 2302 ecclesiae
804 2255 1080 2316 promereri,
1106 2263 1153 2302 et
1188 2256 1340 2303 modo
1376 2257 1560 2303 ratione
1598 2256 1855 2303 dotationis
1891 2265 2002 2304 sunt
2033 2257 2143 2319 plus
2166 2257 2289 2305 obli-

538 2336 635 2397 gati
671 2342 718 2381 et
753 2335 913 2381 minus
949 2335 1168 2393 habiles⁵,
1195 2337 1421 2398 sequitur,
1448 2337 1582 2398 quod
1618 2336 1756 2384 stulte
1793 2352 1939 2399 supra
1973 2339 2097 2385 vires
2134 2353 2186 2386 se
2221 2338 2286 2403 ad

538 2414 890 2477 proficiendum
937 2416 1167 2463 ecclesiae
1215 2416 1500 2477 obligarunt.
1592 2416 1688 2464 Sed
1736 2417 1930 2464 stultitia
1977 2417 2288 2467 insolubiliter

540 2504 630 2544 stat
664 2496 714 2542 in
750 2496 856 2553 isto,
894 2497 1027 2558 quod
1062 2513 1123 2544 ex
1157 2497 1253 2544 hoc
1289 2497 1350 2544 ad
1386 2498 1764 2559 promerendum
1789 2499 1862 2546 vel
1899 2499 2287 2560 prodessendum

539 2578 770 2625 ecclesiae
813 2592 864 2624 se
906 2578 1222 2636 inhabilitant,
1265 2587 1313 2626 et
1353 2579 1637 2626 mandatum
1675 2580 1772 2627 sive
1813 2579 1991 2628 Christi
2032 2582 2287 2630 consilium

538 2667 737 2721 propter
762 2676 980 2708 amorem
1003 2660 1342 2722 temporalium
1367 2661 1441 2707 vel
1465 2675 1634 2708 eorum
1660 2661 1931 2709 dominium
1962 2662 2256 2724 reliquerunt
2269 2680 2282 2723 3

539 2741 626 2788 sed
660 2757 784 2803 quae
818 2743 1064 2789 excusatio
1100 2750 1172 2789 est
1207 2742 1257 2788 in
1292 2742 1418 2790 isto?
1485 2733 1706 2804 Supponi
1747 2749 1908 2790 autem
1943 2750 2116 2804 potest,
2153 2745 2287 2806 quod

539 2821 761 2870 silvester
785 2832 832 2871 et
868 2824 1021 2871 sancti
1056 2824 1199 2871 ceteri
1236 2831 1346 2871 ante
1383 2833 1590 2871 mortem
1616 2823 1675 2871 de
1710 2824 1793 2871 tali
1817 2825 2010 2873 stultitia
2035 2834 2146 2873 sunt
2170 2841 2287 2895 con-

535 2905 640 2951 triti.
717 2905 813 2953 Sed
849 2905 972 2952 absit
1008 2905 1104 2952 hoc
1142 2904 1349 2962 credere,
1375 2905 1509 2967 quod
1544 2905 1595 2951 in
1631 2905 1966 2953 conversando
1991 2905 2186 2955 Christo
2211 2909 2286 2956 vel

537 2987 633 3033 suis
674 2986 907 3047 apostolis
945 2993 1081 3032 erant
1121 3001 1276 3047 pares,
1315 3001 1426 3032 curn
1464 3000 1612 3034 nemo
1649 2986 1792 3033 debet
1833 2987 2081 3048 sequelam
2116 3003 2285 3036 eorum

536 3067 768 3128 accipere,
809 3067 901 3114 nisi
944 3067 1004 3116 de
1051 3074 1234 3128 quanto
1283 3064 1585 3114 choraulam⁶
1631 3067 1997 3128 impeccabilem
2039 3068 2284 3118 Christum

537 3147 712 3195 ducem
737 3149 974 3196 exercitus
1000 3148 1337 3210 sequebantur.

604 3228 667 3276 Et
708 3237 941 3290 quantum
990 3229 1053 3275 ad
1098 3228 1363 3285 intentumj‘
1403 3235 1540 3274 tuum
1581 3228 1641 3275 de
1677 3229 1811 3291 gula,
1851 3227 2036 3276 videtur
2077 3218 2195 3278 mihi
2233 3231 2283 3279 in

537 3311 717 3372 primis,
743 3311 877 3372 quod
911 3310 1063 3358 taliter
1098 3310 1305 3358 describi
1323 3307 1528 3372 poterit,
1561 3309 1694 3372 quod
1728 3310 1841 3372 gula
1876 3318 1949 3357 est
1982 3311 2282 3360 inordinatus

591 3451 603 3473 ¹
633 3450 730 3502 hoc]
752 3450 832 3490 hoc
852 3464 947 3496 non,
963 3451 1117 3491 A.B.C.
1231 3451 1246 3473 2
1271 3450 1448 3503 accepit]
1465 3451 1678 3503 acceperit,
1695 3451 1748 3490 A.
1857 3450 1872 3473 ³
1900 3450 2075 3502 habiles]
2092 3450 2282 3498 humiles,

536 3504 598 3542 ed.
620 3518 679 3555 pr.
863 3504 878 3527 4
905 3506 1164 3556 suffecerunt]
1188 3505 1428 3550 sufficerent,
1450 3505 1504 3544 D.
1690 3506 1704 3528 ⁵
1732 3504 1908 3555 habiles]
1930 3504 2116 3550 humiles,
2135 3505 2198 3545 ed.
2219 3519 2280 3558 pr.

536 3557 836 3662 {elffii-agam]
857 3558 950 3598 libri
971 3559 1089 3600 MSS.
1110 3559 1263 3602 habent
1282 3561 1493 3599 coraulam.
1759 3559 1774 3582 ⁷
1800 3557 2022 3610 intentum]
2042 3557 2280 3610 injunctum,
