2456 4088
0 0 27 135 ‘⁴2³0ae

124 472 275 502 cim
358 420 361 424 ’
732 452 1302 504 TRJALOGUS.

127 601 220 650 pro
269 587 455 636 eodem'
495 587 694 637 instanti
739 588 847 651 ipsa
893 589 990 637 est¹
1047 590 1315 647 immunda,
1365 605 1479 638 cum
1526 589 1669 638 tunc²
1714 598 1885 654 peccat

126 669 422 732 originaliter
431 670 462 717 ³.

193 750 256 799 Et
277 750 359 800 hic
382 753 705 800 communiter
737 752 991 810 dubitatur,
1018 755 1068 801 in
1101 769 1200 817 quo
1234 762 1493 816 peccatum
1529 753 1763 816 originale
1793 752 1884 802 ho-

123 831 270 881 minis
293 833 615 896 subjectatur;
653 842 701 882 et
724 842 923 897 propter
946 835 1088 883 istam
1121 836 1359 884 rationem
1385 851 1413 884 a
1436 835 1600 883 multis
1633 835 1788 884 stultis
1815 834 1884 884 di-

124 914 259 972 citur,
296 914 431 977 quod
473 915 770 978 subjectatur
810 915 861 962 in
904 916 1106 964 semine.
1194 915 1291 965 Sed
1333 916 1450 979 quid
1492 916 1714 965 stultius?
1769 932 1882 965 cum

122 1003 316 1059 oportet
361 1011 510 1044 omne
559 996 833 1060 subjectum
876 998 1064 1059 peccati
1105 1013 1310 1061 peccare
1353 999 1778 1061 proportionaliter
1819 998 1882 1047 ad

122 1085 409 1141 peccatum3
448 1077 536 1126 sed
561 1093 673 1127 cum
700 1093 870 1126 semen
895 1094 997 1127 non
1022 1080 1083 1128 sit
1105 1079 1258 1129 homo
1283 1095 1376 1128 nec
1400 1079 1596 1129 natura⁴
1620 1080 1883 1143 peccabilis

120 1160 196 1209 vel
219 1161 464 1219 meribiliS‚
490 1161 610 1224 quid
634 1162 796 1224 ipsum
822 1160 1059 1210 demeruit
1083 1162 1214 1225 apud
1238 1161 1437 1211 Deum?
1506 1161 1569 1210 Et
1593 1169 1727 1225 patet
1751 1176 1884 1210 error

121 1241 427 1305 ponentium,
451 1242 587 1306 quod
610 1258 639 1291 a
662 1243 822 1306 primo
855 1252 1055 1307 parente
1080 1243 1131 1291 in
1156 1244 1384 1292 omnibus
1407 1244 1624 1306 patribus
1647 1258 1736 1306 per
1759 1257 1884 1306 quos

122 1321 342 1372 Christus
366 1324 696 1384 descenderat,
722 1325 812 1374 fuit
835 1326 1078 1390 quaedam
1097 1341 1258 1374 massa
1275 1325 1476 1374 seminis
1497 1333 1682 1373 servata
1699 1324 1885 1373 munda

121 1420 153 1454 a
175 1406 390 1464 crimine,
414 1415 468 1455 ut
493 1422 553 1455 ex
578 1407 656 1455 illa
682 1407 902 1458 Christus
925 1408 1205 1456 humanitus
1229 1416 1509 1470 procreetur
1522 1424 1534 1467 ;
1573 1422 1688 1455 nam
1713 1422 1883 1456 semen

122 1502 213 1551 pro
246 1496 469 1551 tempore
504 1489 807 1550 intermedio,
848 1498 1109 1553 antequam
1145 1490 1309 1537 anima
1346 1490 1672 1552 conjungatur
1707 1489 1881 1547 eidem,

121 1570 296 1618 mereri
331 1585 434 1618 non
469 1571 629 1634 potuit
662 1580 744 1621 aut
767 1587 986 1635 peccare.
1058 1571 1197 1630 Ide0,
1224 1571 1347 1620 sicut
1374 1572 1503 1619 bene
1528 1571 1703 1633 probat
1735 1569 1883 1618 Pela-

114 1652 245 1714 gius,
269 1660 528 1715 peccatum
555 1653 788 1716 originale
814 1669 917 1702 non
940 1650 1097 1701 in‘illo
1123 1653 1310 1701 semine
1335 1653 1642 1715 subjectatur‚
1662 1653 1883 1716 quamvis

121 1733 239 1782 illud
264 1749 433 1782 semen
470 1735 529 1782 sit
565 1735 758 1798 signum
793 1735 869 1783 vel
904 1735 1102 1783 occasio
1139 1734 1207 1783 sic
1231 1733 1500 1796 peccandi3
1551 1742 1599 1782 et
1634 1749 1748 1782 cum
1781 1742 1883 1782 tota

121 1814 443 1878 personalitas
474 1815 690 1864 hominis
724 1824 936 1865 servatur
959 1817 1010 1863 in
1035 1816 1116 1863 illo
1149 1816 1308 1878 primo
1343 1823 1506 1864 creato
1540 1815 1723 1879 spiritu,
1749 1824 1883 1878 patet

121 1897 257 1960 quod
283 1912 375 1960 pro
399 1898 558 1960 primo
582 1898 778 1946 instanti
807 1913 913 1947 esse
937 1897 1150 1946 hominis
1175 1897 1470 1960 originaliter
1494 1897 1742 1960 peccantis
1766 1912 1882 1959 pec-

122 1986 286 2028 catum
318 1979 434 2028 illud
457 1980 508 2027 in
531 1980 729 2041 spiritu⁵
755 1981 1062 2044 subjectatur.
1132 1979 1197 2028 Et
1221 1980 1290 2028 sic
1315 1979 1568 2027 limitando
1594 1979 1883 2028 munditiam

119 2059 183 2108 ad
201 2060 439 2124 justitiam
461 2060 688 2120 hominiS,
715 2077 864 2126 quam
887 2062 1066 2111 habere
1101 2061 1275 2110 debeat
1299 2076 1398 2124 quo
1429 2061 1492 2109 ad
1515 2061 1693 2119 Deum,
1720 2069 1768 2109 et
1793 2061 1883 2109 im-

120 2142 411 2191 munditiam
445 2143 510 2192 ad
545 2159 744 2192 sensum
779 2145 1077 2207 oppositum,
1109 2151 1157 2192 et
1189 2142 1516 2206 supponendo
1550 2142 1684 2205 quod
1718 2143 1883 2191 anima

121 2239 224 2273 non
247 2224 393 2274 habet
413 2227 720 2275 existentiam
744 2234 1006 2290 antequam
1032 2226 1226 2288 corpori
1251 2225 1517 2288 copuletur,
1543 2225 1730 2273 videtur
1747 2219 1878 2272 ‘mihi

120 2306 387 2370 probabile,
413 2307 546 2371 quod
570 2307 705 2358 Deus
730 2324 822 2357 nec
847 2316 978 2357 creat
1013 2323 1124 2355 eam
1156 2307 1393 2357 mundam
1426 2322 1519 2355 nec
1543 2307 1877 2367 immundam;

121 2403 224 2437 non
256 2389 388 2437 enim
413 2397 545 2438 creat
577 2405 687 2438 eam
720 2390 970 2447 mundam,
998 2390 1111 2453 quia
1135 2397 1253 2437 tunc
1285 2387 1410 2437 foret
1433 2388 1540 2437 talis
1566 2404 1656 2451 pro
1683 2389 1881 2438 instanti

120 2469 380 2519 creationis
394 2486 407 2530 ς
450 2486 542 2519 nec
567 2480 696 2520 creat
720 2487 829 2519 eam
861 2470 1179 2528 immundam,
1207 2486 1318 2518 cum
1343 2485 1445 2517 non
1469 2469 1584 2518 facit
1618 2485 1727 2518 earn
1763 2469 1881 2518 defi-

123 2566 232 2600 cere
257 2552 320 2600 ab
345 2552 566 2614 originali
586 2553 782 2615 justitia,
814 2561 861 2600 et
886 2567 1034 2600 omne
1069 2567 1232 2600 creare
1258 2560 1330 2600 est
1353 2551 1527 2600 facere.
1603 2551 1737 2600 Sicut
1761 2566 1881 2614 ergo

120 2633 258 2682 Deus
280 2647 382 2681 non
406 2633 598 2681 ordinat
623 2634 755 2697 quod
781 2634 972 2696 spiritus
997 2633 1074 2681 ille
1100 2634 1169 2681 sic
1194 2633 1399 2690 deficiat,
1421 2633 1490 2681 sic
1510 2648 1602 2681 nec
1627 2640 1772 2690 creat,
1795 2633 1881 2680 sed

121 2716 247 2763 bene
273 2723 403 2763 creat
427 2715 584 2778 ipsam
609 2716 837 2772 animam,
863 2730 988 2778 quae
1013 2730 1102 2777 pro
1138 2715 1333 2762 instanti
1367 2728 1482 2762 suae
1517 2714 1774 2762 creationis
1809 2722 1882 2762 est

123 2797 393 2845 immunda.
464 2796 527 2845 Et
546 2797 584 2845 si
604 2811 821 2860 quaeras,
845 2795 974 2844 unde
994 2795 1291 2845 contrahitur
1315 2794 1394 2843 illa
1417 2795 1737 2853 immunditia,
1764 2795 1880 2843 dici·
1926 2831 1931 2836 κ

121 2886 197 2927 tur
219 2877 355 2942 quod
378 2893 407 2926 a
430 2878 556 2927 linea
587 2878 774 2941 peccati
799 2894 828 2926 a
859 2878 1017 2940 primo
1051 2876 1251 2925 homine
1283 2891 1438 2939 usque
1470 2876 1533 2924 ad
1556 2876 1690 2923 illum
1721 2875 1880 2924 homi-

119 2975 235 3009 nem
269 2961 609 3010 descendente.
681 2960 1033 3009 Verumtamen
1057 2960 1095 3008 si
1129 2959 1322 3022 spiritus
1345 2958 1421 3006 ille
1445 2966 1715 3006 remaneret
1746 2958 1880 3006 inco-

118 3042 312 3107 pulatus
348 3043 555 3106 corpori,
582 3051 852 3091 remaneret
882 3041 1112 3100 mundus,
1142 3049 1190 3089 et
1225 3041 1486 3090 occasione
1521 3039 1656 3088 istius
1680 3039 1879 3088 trahitur

121 3139 299 3183 serm0‚
325 3125 461 3189 quod
486 3125 650 3173 anima
681 3124 960 3173 contrahat⁶
985 3137 1126 3172 suam
1158 3122 1515 3171 immunditiam
1540 3136 1570 3170 a
1594 3122 1778 3169 semine
1811 3121 1878 3170 sic

123 3205 320 3255 infecto,
407 3206 762 3255 Verumtamen
802 3206 1071 3269 placentius
1112 3213 1186 3253 est
1226 3204 1360 3262 mihi,
1397 3203 1532 3267 quod
1571 3202 1667 3251 hoc
1703 3218 1877 3267 pecca-

119 3295 224 3336 tum
259 3287 492 3352 originale
529 3287 828 3336 contrahitur
860 3304 889 3336 a
921 3288 1080 3351 primo
1116 3287 1315 3336 homine
1351 3294 1399 3335 et
1435 3301 1464 3334 a
1494 3285 1622 3334 linea
1657 3285 1876 3333 omnium

174 3430 190 3455 ¹
218 3435 279 3472 est
321 3443 404 3471 om.
425 3430 488 3471 ed,
509 3443 570 3483 pr.
680 3430 696 3454 ²
724 3431 841 3483 tunc]
863 3437 1016 3477 autem,
1038 3431 1111 3477 C.;
1145 3430 1251 3476 talis,
1272 3430 1334 3470 ed.
1356 3442 1419 3482 pr.
1555 3428 1571 3452 ³
1599 3428 1855 3482 originaliter

120 3484 279 3538 origina
297 3484 394 3541 ‘ten
429 3497 528 3538 ergo
548 3485 669 3525 simul
682 3492 743 3526 est
763 3486 916 3526 munda
935 3491 974 3525 et
995 3486 1219 3530 immunda,
1234 3484 1389 3524 A.B.C.
1410 3483 1471 3524 ed.
1492 3496 1554 3536 pr.
1664 3483 1678 3505 ⁴
1707 3488 1851 3523 natura

120 3545 317 3585 creatura.
339 3539 403 3580 ed.
424 3553 485 3592 pr.
636 3540 652 3563 ⁵
681 3540 844 3593 spiritu]
867 3540 958 3593 ipso
979 3540 1135 3593 spiritu,
1158 3539 1211 3577 D.
1350 3538 1365 3561 ⁶
1394 3536 1632 3590 contrahat]
1653 3537 1874 3584 contrahit,

121 3593 185 3634 ed,
206 3606 269 3646 pr.
286 3607 296 3639 ;
327 3606 421 3634 eum
443 3593 490 3633 Β.
511 3594 669 3646 primae
688 3607 847 3635 manus.

2023 469 2118 510 221
