2456 4088
271 1706 363 1725 eeeeee

334 440 434 495 228
1020 440 1186 504 JOA
1207 440 1442 491 NNJS
1512 443 1738 493 WJCL
1757 443 1861 491 [Γ
2080 423 2086 428 ’
2169 461 2332 514 mm.

571 576 768 638 angelis,
806 575 917 622 ideo
957 574 1073 623 dicit
1113 574 1268 634 Plato,
1313 576 1447 639 quod
1489 578 1686 639 ponitur
1726 579 1777 625 in
1819 564 2036 626 confinio
2078 577 2330 626 horizonte

572 656 881 706 aeternitatis.
1920 647 1923 649 ’

640 738 703 786 Et
740 746 872 801 patet
910 738 973 786 ad
1005 738 1217 801 primum
1258 739 1506 801 objectum
1548 749 1701 799 tuum,
1739 741 1875 803 quod
1916 741 2078 789 anima
2116 739 2333 788 humana

574 827 734 883 potest
767 819 968 881 intelligi
1004 820 1282 883 simpliciter
1316 829 1368 868 ut
1402 837 1514 883 pars
1550 823 1825 884 qualitativa
1857 822 1932 870 vel
1967 821 2208 885 quidditas
2244 820 2333 868 ho-

576 902 735 958 miniS,
776 909 830 948 ut
871 909 943 948 est
985 901 1045 949 de
1087 901 1189 950 aliis
1235 902 1403 951 formis
1450 903 1789 960 materialibuS‚
1836 912 1883 953 et
1931 911 2091 966 potest
2135 901 2334 964 intelligi

578 983 891 1045 personaliter
915 998 1004 1045 pro
1041 983 1122 1031 illo
1160 985 1340 1047 spiritu,
1378 986 1454 1033 cui
1491 985 1663 1034 accidit
1697 985 1853 1033 taliter
1888 994 2095 1034 actuare.
2163 985 2228 1035 Et
2259 1000 2335 1034 se-

578 1065 791 1114 cundum
815 1066 956 1112 istam
980 1065 1430 1129 aequivocationem
1452 1067 1723 1128 procedunt
1757 1067 1884 1114 dicta
1914 1066 2332 1129 philosophorum,

579 1162 787 1210 quorum
811 1146 1009 1207 quidam
1035 1147 1327 1195 sententiant
1350 1148 1484 1210 quod
1509 1148 1672 1196 anima
1695 1157 1768 1196 est
1789 1157 1908 1210 pars
1931 1148 2157 1202 hominis,
2181 1155 2230 1196 et
2255 1147 2335 1197 alii

580 1230 701 1276 Sicut
725 1228 971 1289 scriptura,
997 1227 1131 1289 quod
1156 1228 1318 1276 anima
1343 1237 1415 1276 est
1440 1230 1755 1291 personaliter
1780 1231 1872 1292 ipse
1894 1231 2023 1278 homo
2035 1246 2049 1290 ;
2086 1229 2337 1293 apostolus

580 1318 743 1357 tamen
767 1307 1053 1371 specificat1,
1079 1308 1214 1371 quod
1246 1317 1320 1356 est
1351 1309 1503 1356 homo
1536 1310 1745 1357 interior.

651 1390 902 1449 Quantum
935 1390 996 1437 ad
1031 1391 1269 1437 secundam
1305 1391 1582 1438 instantiam
1617 1399 1765 1450 tuam,
1795 1398 1928 1454 patet
1962 1391 2153 1450 solutio,
2178 1390 2340 1454 quod²

270 1493 526 1535 Exnordinatione
583 1473 748 1520 omnia
772 1486 898 1534 quae
923 1472 1157 1530 evenient,
1179 1471 1238 1519 de
1264 1473 1548 1520 necessitate
1576 1474 1812 1520 evenient.
1871 1472 2003 1520 Nam
2027 1489 2088 1521 ex
2112 1473 2339 1521 determi-

268 1529 528 1628 {ffirifffigfsslfii-
583 1555 780 1601 natione
805 1561 852 1600 et
876 1553 1179 1600 ordinatione
1205 1552 1324 1600 Dei3
1346 1562 1541 1602 aeterna
1565 1555 1778 1616 oportuit
1802 1553 2051 1603 Christum
2074 1554 2208 1602 illum
2241 1555 2340 1618 spi-

270 1630 511 1698 ῧὲἐιῖὶῖῗῗᾎζὲἒῬ
584 1637 726 1683 ritum
745 1635 1093 1697 assumpsisse;
1130 1650 1221 1682 nec
1248 1635 1393 1682 credo
1420 1635 1553 1697 quod
1578 1636 1724 1683 alium
1749 1636 1839 1683 sibi
1862 1636 2018 1698 potuit
2040 1635 2341 1699 hypostatice

584 1717 792 1778 univisse
807 1733 819 1775 ;
857 1717 1012 1778 potuit
1035 1724 1198 1763 tamen
1232 1717 1271 1764 si
1296 1708 1572 1775 voluisset4‚'
1588 1717 1722 1779 quod
1755 1724 1827 1765 est
1851 1717 1979 1774 satis,
2007 1716 2093 1764 sed
2125 1732 2240 1765 cum
2262 1717 2343 1766 illa

586 1798 851 1859 assumptio
889 1798 948 1844 sit
983 1798 1115 1859 prius
1151 1812 1297 1859 quam
1330 1799 1553 1845 meritum
1585 1798 1707 1846 illius
1740 1799 1946 1860 spiritus,
1981 1806 2180 1861 apparet
2207 1798 2340 1856 mihi,

587 1878 720 1941 quod
744 1879 819 1926 ille
845 1893 946 1925 non
970 1879 1142 1925 meruit
1165 1887 1217 1929 ut
1242 1879 1310 1926 sic
1335 1887 1659 1931 assumeretur
1682 1880 1756 1927 vel
1780 1880 1933 1928 taliter
1951 1887 2203 1938 crearetur,
2229 1894 2342 1928 cum

588 1960 859 2008 secundum
878 1959 1078 2007 omnes⁵
1094 1960 1347 2022 loquentes
1370 1975 1518 2008 nemo
1545 1962 1633 2009 sibi
1658 1969 1866 2010 meretur
1889 1962 2098 2023 primam
2121 1962 2341 2024 gratiam.

588 2042 651 2090 Et
670 2049 904 2103 quantum
929 2041 992 2088 ad
1014 2041 1266 2088 libertatem
1289 2043 1674 2100 contradictionis,
1700 2043 1870 2090 vellem
1893 2050 1949 2091 ut
1972 2043 2345 2106 suspenderetur

590 2124 667 2171 illa
689 2123 883 2180 locutio,
909 2137 1021 2169 cum
1046 2137 1148 2169 non
1173 2123 1232 2170 sit
1264 2124 1503 2171 autentica
1535 2139 1626 2172 nec
1660 2124 1918 2172 fundabilis
1949 2125 2150 2174 ratione.
2220 2124 2344 2184 Qui-

591 2205 704 2251 dam
738 2212 902 2251 tamen
937 2212 1113 2251 vocant
1146 2204 1413 2252 libertatem
1455 2205 1849 2253 contradictionis
1889 2206 2158 2254 libertatem
2198 2206 2342 2265 illam,

591 2302 715 2348 quae
740 2294 812 2332 est
844 2285 906 2332 ad
929 2301 1078 2332 unam
1110 2294 1297 2347 partem
1329 2287 1599 2348 positivam,
1626 2295 1672 2334 et
1703 2294 1870 2349 posset
1907 2288 1960 2334 in
1989 2303 2130 2336 suum
2153 2295 2344 2336 contra-

593 2368 861 2423 dictorium,
888 2367 927 2414 si
951 2368 1165 2428 potentia
1188 2367 1267 2415 illa
1290 2367 1439 2415 libera
1462 2367 1577 2415 illud
1601 2368 1778 2426 vellet⁶‚
1804 2376 1852 2415 et
1876 2368 1966 2416 ista
1991 2384 2181 2417 summa
2203 2369 2345 2417 liber-

592 2458 664 2496 tas
714 2449 1106 2497 contradictionis
1153 2457 1225 2497 est
1272 2450 1342 2495 in*
1369 2449 1494 2496 Deo.
1583 2448 1840 2507 Quaedam
1886 2457 2051 2497 tamen
2095 2451 2344 2512 perceptio

590 2530 818 2578 libertatis
841 2529 1118 2592 hujusmodi
1143 2538 1216 2577 est
1248 2531 1391 2577 nobis
1424 2530 1662 2578 sensibilis
1696 2539 1743 2578 et
1767 2530 2009 2593 quaedam
2034 2546 2063 2578 a
2086 2531 2228 2580 nobi's
2260 2532 2345 2579 ab·

593 2613 828 2669 scondita,
852 2619 905 2658 ut
940 2612 1250 2660 necessitates
1286 2612 1555 2660 futurorum
1592 2620 1850 2660 eventuum
1885 2628 1915 2660 a
1949 2613 2090 2661 nobis
2125 2628 2344 2662 commu-

593 2694 714 2740 niter
749 2693 1124 2740 absconduntur.
1195 2694 1258 2740 Et
1288 2702 1341 2740 ut
1375 2694 1573 2756 quidam
1599 2695 1866 2752 aestimant,
1890 2694 1969 2742 illa
2001 2702 2113 2742 sunt
2144 2692 2345 2743 arcana?

591 2774 750 2831 verba,
777 2789 899 2836 quae
926 2774 1103 2821 audivit
1127 2774 1317 2833 PauluS‚
1344 2791 1434 2823 nec
1459 2775 1571 2823 licet
1595 2775 1781 2823 homini
1806 2776 1898 2823 nisi
1930 2777 2217 2838 generaliter
2241 2777 2347 2838 ipsa

592 2854 739 2917 loqui.
809 2854 873 2902 Et
911 2863 1041 2917 patet
1083 2855 1216 2918 quod
1251 2856 1386 2904 Deus
1421 2872 1524 2904 non
1558 2857 1835 2905 illibertatur
1870 2858 2136 2920 quidquam
2171 2857 2345 2913 facere,

592 2937 703 2984 licet
728 2937 948 2984 absolute
980 2939 1254 2986 necessario
1288 2938 1403 2986 illud
1426 2937 1549 2996 fiat⁸,
1574 2939 1694 2986 sicut
1726 2953 1828 2987 non
1860 2940 2137 2987 illibertatur
2167 2940 2348 3003 produ-

596 3033 703 3066 cere
739 3018 960 3066 Verbum
993 3019 1068 3066 vel
1110 3018 1340 3082 Spiritum
1379 3018 1624 3078 Sanctum,
1666 3020 1776 3067 licet
1814 3021 2033 3068 absolute
2071 3022 2347 3069 necessario

595 3099 710 3146 illud
746 3107 894 3162 agatJ
931 3101 1056 3147 actio
1081 3108 1245 3147 tamen
1269 3101 1359 3148 ista
1383 3101 1445 3148 ad
1481 3101 1604 3147 intra
1638 3102 1913 3148 necessario
1948 3110 2020 3150 est
2055 3110 2263 3161 aeterna,
2300 3111 2349 3151 et

595 3182 739 3234 factio
765 3189 837 3228 est
861 3181 1139 3243 temporalis
1153 3197 1166 3240 ;
1205 3181 1315 3228 ideo
1341 3181 1511 3228 dicitur
1536 3182 1670 3242 quod
1695 3182 1839 3229 factio
1865 3191 1937 3229 est
1963 3183 2268 3246 contingens.

664 3261 914 3320 Quantum
952 3262 1010 3309 ad
1038 3264 1219 3309 tertiam
1245 3263 1513 3309 instantiam
1538 3270 1684 3330 tuam,
1722 3263 1824 3310 scio
1860 3263 1992 3325 quod
2027 3265 2203 3313 multas
2235 3267 2348 3313 sub-

651 3419 663 3442 ¹
693 3418 918 3471 specificat]
941 3420 1183 3471 specivocat,
1205 3420 1267 3459 ed.
1288 3433 1349 3471 pr.
1513 3419 1528 3441 ²
1557 3419 1686 3472 quod]
1709 3419 1928 3471 quomodo,
1949 3419 2012 3459 ed.
2031 3432 2092 3472 pr.
2201 3419 2217 3443 ³
2245 3420 2347 3473 Dei]

597 3485 678 3510 om.
700 3474 850 3512 A.B.C.
1071 3473 1085 3496 4
1112 3473 1328 3525 voluisset]
1350 3473 1493 3519 voluit,
1515 3474 1577 3514 ed.
1597 3487 1658 3525 pr.
1877 3473 1893 3496 ⁵
1921 3473 2081 3525 ornnes]
2102 3479 2277 3521 nostros,
2298 3475 2347 3515 C.

603 3527 804 3566 secundae
823 3541 980 3574 manus,
1003 3528 1065 3568 ed.
1086 3540 1148 3580 pr.
1403 3528 1418 3550 ⁶
1445 3527 1588 3580 vellet]
1610 3527 1720 3573 velit,
1741 3527 1789 3566 C.
1811 3527 2009 3567 secundae
2027 3541 2184 3573 manus,
2204 3529 2267 3568 ed.
2285 3541 2347 3580 pr.

598 3578 611 3599 ⁷
642 3581 807 3632 arcana]
830 3582 1020 3628 archana,
1041 3582 1132 3621 libri
1155 3582 1300 3627 MSS.;
1333 3581 1383 3621 cf.
1408 3593 1427 3620 2
1451 3582 1547 3621 Cor.
1569 3582 1633 3620 xii.
1655 3595 1695 3631 4.
1861 3581 1875 3603 ⁸
1904 3580 1994 3633 fiat]
2016 3587 2124 3633 agat,
2146 3582 2209 3621 ed.
2229 3595 2291 3634 pr.
