2436 4094
26 460 30 470 -
0 0 51 424 ‘ammtmfflm

166 435 318 465 citam.
765 417 1333 470 TRIALOGUS.

165 551 439 610 extrinseci,
459 551 831 616 quodammodo
855 556 1154 602 conveniens
1178 569 1291 602 cum
1315 563 1536 618 utroque.
1607 554 1670 603 Et
1693 569 1780 619 per
1797 555 1919 603 haec

165 641 299 696 patet
321 635 577 697 responsio
602 636 666 684 ad
690 643 824 684 tuam
853 636 1105 699 argutiam,
1133 637 1476 686 concedendo1
1501 638 1636 701 quod
1667 647 1924 701 peccatum

164 714 447 764 omissionis
499 725 574 766 est
626 717 837 780 primum
892 719 1116 766 omnium
1171 727 1499 781 peccatorum,
1546 729 1647 768 tam
1704 729 1925 783 tempore

164 811 316 860 quam
350 805 536 846 natura.
605 799 957 848 Verumtamen
993 799 1055 847 ad
1096 800 1224 847 istud
1260 809 1515 863 peccatum
1558 802 1929 850 convertibiliter

163 879 379 942 sequitur
413 880 601 929 accidia
634 889 683 930 et
717 881 868 929 multa
902 881 994 930 alia
1017 890 1232 944 peccata,
1271 883 1356 930 sed
1393 883 1532 931 decet
1568 884 1704 946 quod
1738 885 1927 946 species

162 968 476 1024 peccatorum
530 970 787 1025 peccatum
842 963 1120 1012 omissionis
1166 963 1378 1012 habeant
1425 972 1658 1028 tanquam
1716 981 1927 1014 causam.

164 1039 272 1105 Nec
297 1041 538 1101 sollicitor,
566 1043 605 1091 si
629 1051 886 1106 peccatum
911 1044 1124 1092 accidiae
1149 1045 1210 1092 sit
1243 1060 1389 1092 causa
1418 1046 1672 1107 superbiae
1698 1055 1744 1094 et
1769 1048 1927 1110 cujus-

161 1137 355 1186 cunque
395 1124 582 1186 peccati
628 1125 837 1183 alterius,
878 1141 991 1173 cum
1038 1126 1209 1174 dicitur
1251 1129 1586 1186 communiter,
1629 1128 1764 1190 quod
1805 1128 1927 1176 haec

161 1213 351 1268 septem
369 1207 571 1254 crimina
595 1221 700 1255 sese
720 1215 933 1256 causant.
1012 1207 1371 1256 Enumerantur
1391 1209 1580 1256 autem2
1604 1211 1927 1258 communiter

161 1288 391 1348 sedecim,
416 1303 542 1352 quae
574 1290 812 1338 accidiam
844 1299 1076 1354 tanquam
1110 1292 1298 1354 species
1322 1292 1395 1340 vel
1429 1292 1782 1341 convertibilia3
1807 1308 1926 1340 con-

159 1378 438 1433 sequuntur,
464 1386 589 1434 quae
622 1379 735 1420 sunt
768 1372 1003 1435 tepiditas,
1037 1374 1274 1433 mollities,
1309 1373 1650 1432 somnolentia,
1688 1375 1923 1431 otiositaS,

158 1451 339 1512 dilatio,
364 1453 577 1512 tarditas,
609 1454 918 1517 negligentia,
942 1455 1243 1518 imperfectio
1277 1456 1352 1504 vel
1383 1456 1823 1519 imperseverantia,
1848 1471 1922 1503 re-

158 1533 342 1593 missi0‚
384 1534 651 1594 dissoluti0,
694 1537 891 1595 incuria,
934 1537 1140 1599 ignavia,
1167 1537 1429 1596 indevotiO,
1464 1537 1668 1596 tristitia,
1707 1538 1922 1586 taedium

156 1617 297 1675 vitae,
323 1617 612 1680 desperatio.
683 1618 771 1666 Est
801 1626 964 1666 autem
995 1619 1204 1681 tepiditas
1235 1634 1411 1682 parvus
1436 1634 1574 1667 amor
1597 1620 1730 1677 boni,
1755 1633 1921 1667 amore

159 1696 254 1762 Dei
294 1699 585 1762 postposito.
655 1699 720 1747 Et
759 1708 833 1748 est
873 1701 1030 1763 prima
1071 1701 1207 1748 radix
1242 1701 1457 1749 accidiae
1493 1701 1566 1749 vel
1603 1701 1924 1750 convertibilis

157 1795 273 1828 cum
313 1781 501 1830 eadem.
586 1781 664 1828 Ex
702 1782 796 1830 ista
837 1790 1000 1831 autem
1047 1791 1309 1831 nascuntur
1350 1783 1540 1846 species
1582 1783 1702 1833 aliae
1749 1799 1923 1833 conse-

155 1869 376 1925 quenteS‚
409 1863 477 1911 sic
511 1863 661 1926 quod,
693 1864 1134 1927 correspondenter
1168 1872 1221 1913 ut
1253 1873 1472 1913 creatura
1497 1865 1755 1927 peccabilis
1792 1865 1923 1913 inor-

155 1945 320 1994 dinate
361 1944 562 1993 afficitur
603 1954 863 2005 creaturae,
901 1947 968 1995 sic
1007 1954 1120 1996 sunt
1155 1947 1343 2010 species
1380 1947 1593 1997 accidiae
1637 1946 1918 2009 capiendae,

155 2042 271 2076 cum
295 2027 491 2076 accidus
523 2028 751 2091 quiescit4
775 2029 827 2076 in
861 2043 1028 2077 amore
1061 2029 1278 2078 indebito
1312 2037 1572 2078 creaturae.
1643 2028 1791 2078 Unde
1816 2029 1921 2077 talis

154 2109 406 2173 cupiditas,
431 2125 544 2159 cum
575 2111 635 2159 sit
667 2111 945 2174 propinqua
976 2111 1234 2176 hypocrisi,
1259 2112 1496 2159 vomitum
1520 2119 1756 2174 provocat
1780 2111 1918 2173 spiri-

154 2192 352 2241 tualem.
424 2191 558 2241 Sicut
580 2193 712 2241 enim
737 2193 876 2241 sunt⁵
909 2193 1242 2241 exhalationes
1273 2193 1458 2242 calidae
1487 2194 1780 2243 commixtae
1806 2209 1918 2241 cum

153 2274 332 2338 frigido
357 2289 515 2338 aqueo
549 2276 601 2323 in
637 2290 766 2338 aqua
800 2276 977 2340 tepida,
1004 2290 1131 2339 quae
1167 2283 1437 2338 provocant
1473 2275 1535 2324 ad
1571 2276 1822 2334 vomitum,
1849 2276 1916 2324 sic

152 2364 267 2406 sunt
297 2357 348 2404 in
378 2357 645 2421 hypocrisi⁶
669 2358 911 2421 quaedam
944 2358 1253 2421 operationes
1287 2358 1448 2407 bonae
1481 2357 1541 2405 de
1574 2372 1754 2419 genere
1779 2372 1914 2405 com-

150 2439 332 2503 mixtae
372 2454 487 2488 eum
526 2448 730 2503 peccato
766 2440 1047 2503 hypocrisis,
1119 2439 1184 2487 Et
1219 2439 1329 2488 ideo
1366 2438 1569 2502 Apocal.
1606 2439 1669 2486 iii.
1707 2439 1903 2487 dicitur:

150 2525 162 2546 ‘
180 2521 295 2585 quia
318 2537 478 2585 neque
514 2522 699 2570 calidus
723 2538 776 2571 es
802 2537 960 2585 neque
997 2521 1197 2585 frigidus
1235 2522 1323 2570 sed
1358 2521 1563 2584 tepiduS,
1590 2520 1822 2583 incipiam
1865 2528 1911 2569 te

150 2618 376 2652 evomere
401 2602 463 2651 de
487 2617 572 2651 ore
596 2603 738 2651 me0.'
811 2602 945 2650 Nihil
969 2603 1101 2650 enim
1125 2603 1252 2650 tam⁷
1276 2610 1509 2665 provocat
1533 2601 1711 2659 Deum,
1737 2601 1820 2664 qui
1839 2610 1911 2649 est

147 2685 355 2744 Veritas,
381 2685 446 2733 ad
469 2683 918 2733 abhominationem
942 2685 1205 2747 peccantiS,
1231 2685 1352 2737 sicut
1376 2683 1658 2746 hypocrisis,
1686 2697 1812 2744 quae
1837 2691 1910 2731 est

148 2767 389 2816 simulatio
415 2767 692 2815 sanctitatis.
763 2766 939 2816 Omnis
964 2781 1082 2829 ergo
1107 2765 1316 2823 accidus,
1338 2766 1459 2813 sicut
1484 2765 1645 2812 omnis
1664 2771 1909 2826 peccator,
1920 2786 1933 2838 ss

148 2856 321 2912 peccat
343 2849 394 2896 in
422 2847 681 2911 hypocrisi,
708 2863 821 2896 cum
855 2848 970 2896 false
1005 2847 1196 2896 simulat
1221 2847 1526 2904 sanctitatem
1542 2862 1554 2906 ;
1592 2854 1640 2895 et
1673 2847 1766 2894 ista
1789 2845 1908 2908 tepi-

147 2931 295 2980 ditate
336 2930 543 2980 inficitur
583 2938 712 2979 totus
754 2930 979 2978 munduS.
1066 2928 1143 2978 Ex
1185 2929 1281 2978 hoc
1325 2929 1456 2976 enim
1499 2936 1721 2977 causatur
1761 2942 1909 2990 quae-

147 3028 342 3077 cunque
367 3013 557 3077 pigritia
580 3012 654 3060 vel
679 3011 932 3061 delectatio
967 3019 1211 3060 creaturae
1242 3010 1486 3061 rationalis
1520 3009 1746 3067 indebita,
1773 3009 1901 3072 quia,

145 3095 189 3144 si
213 3095 412 3144 haberet
434 3109 655 3143 amorem
679 3094 729 3142 in
753 3094 864 3142 Deo
890 3093 1005 3142 satis
1029 3095 1287 3151 intensum,
1314 3101 1561 3157 torporem
1594 3091 1728 3140 illum
1760 3106 1906 3138 excu-

147 3185 282 3236 teret,
308 3185 358 3226 et
381 3177 593 3240 perfecte
619 3177 832 3226 amando
858 3176 1022 3225 Deum
1047 3176 1137 3224 sibi
1162 3175 1320 3224 debite
1353 3174 1624 3223 deserviret.
1695 3173 1759 3221 Et
1792 3187 1905 3221 cum

149 3268 406 3324 peccatum
446 3259 775 3323 quodcunque
815 3267 1038 3308 causatur
1079 3259 1129 3306 in
1165 3257 1413 3321 tepiditate
1455 3255 1738 3315 dilectioniS,
1774 3263 1907 3319 patet

203 3418 218 3442 ¹
246 3418 532 3472 concedendo]
554 3420 750 3466 concedo,
772 3419 820 3459 B.
842 3419 905 3460 ed.
926 3433 987 3473 pr.
1127 3419 1143 3441 ²
1171 3417 1328 3470 autem]
1351 3430 1433 3457 om.
1455 3416 1502 3456 B.
1523 3416 1586 3456 ed.
1601 3429 1661 3469 pr.
1799 3417 1814 3442 ³
1842 3418 1906 3458 vel

147 3473 450 3527 convertibilia]
481 3487 563 3515 om.
595 3475 661 3520 Α.,
691 3476 740 3515 C.
762 3475 918 3527 primae
946 3487 1104 3515 manus.
1446 3471 1460 3493 ⁴
1488 3471 1679 3525 quiescit]
1711 3471 1904 3525 quiescat,

146 3527 214 3568 ed.
233 3540 295 3580 pr.
478 3529 493 3553 ⁵
522 3529 636 3582 sunt]
658 3543 740 3570 om.
763 3531 815 3570 A.
1000 3529 1015 3552 ⁶
1042 3526 1269 3581 hypocrisi]
1292 3526 1489 3579 ypocrita,
1512 3526 1566 3567 D.
1753 3526 1769 3550 ⁷
1798 3527 1904 3580 tam]

148 3587 321 3630 tantum,
343 3582 397 3623 D.

2066 419 2167 489 183

1982 1635 2030 1661 De
2041 1636 2204 1696 tqpiditate

1978 1676 2048 1708 curn
2084 1671 2181 1698 esrdra

1978 1709 2156 1738 conjuncta.
