2456 4088
334 430 435 487 208
1010 431 1452 496 JOANNIS
1522 433 1879 484 WICLIF
2159 451 2323 480 maur.

637 562 911 614 Phrenesis.
984 564 1220 614 Moveris¹
1254 565 1581 629 probabiliter,
1615 567 1725 614 licet
1756 572 1852 629 ego
1885 553 1998 615 cum
2029 565 2152 614 meis
2190 563 2324 613 simi-

569 646 693 694 libus
740 643 1029 695 re'calcitravi
1086 646 1276 709 saepius
1332 654 1503 695 contra
1556 648 1698 696 istam
1745 649 2034 696 sententiam
2089 653 2323 710 tanquam

571 742 760 775 summe
779 726 1070 776 haereticam
1090 736 1137 776 et
1155 728 1425 777 libertatem
1443 728 1538 776 Dei
1561 730 1753 792 penitus
1778 729 2171 790 extinguentem;
2208 727 2322 776 ideo

567 810 755 856 bonum
790 816 862 857 est
897 808 960 856 ad
994 817 1186 873 tempus
1222 809 1589 858 conclusionem
1626 810 1768 858 istam
1807 825 1920 857 cum
1961 805 2327 857 moderatione²

569 890 818 938 subticere.
888 889 1239 938 Verumtamen
1263 891 1341 938 illa
1371 906 1606 940 concessa
1640 906 1850 954 sequens
1883 898 1969 948 est,
1995 890 2131 953 quod
2154 889 2323 938 omnia

567 979 768 1034 peccata
792 971 962 1019 mundi
986 972 1047 1019 de
1071 973 1357 1020 necessitate
1381 973 1607 1020 eveniunt
1616 972 1645 1030 ³,
1672 980 1718 1020 et
1742 988 1829 1034 per
1854 985 2162 1034 consequens
2186 970 2321 1034 quod

567 1067 740 1100 omnes
775 1061 1055 1114 peccatores
1092 1053 1363 1101 secundum
1397 1052 1619 1111 formam,
1658 1053 1832 1116 quarn4
1856 1052 1992 1101 Deus
2028 1052 2321 1110 decreverat,

566 1134 839 1197 punientur,
866 1142 913 1182 et
936 1142 1093 1182 totum
1127 1134 1224 1182 hoc
1247 1134 1360 1183 facit
1396 1134 1457 1182 ad
1488 1134 1895 1197 pulchritudinem
1927 1133 2150 1182 universi.
2223 1132 2323 1182 Sed

287 1232 445 1263 castitatis
569 1215 854 1264 dimittendo
902 1216 1045 1264 istam
1092 1216 1357 1274 materiam,
1400 1215 1617 1265 notanda
1663 1223 1737 1263 est
1778 1215 2005 1263 dictinctio
2051 1215 2282 1262 castitalz's
2291 1213 2323 1262 ⁶.

287 1276 414 1303 genem
566 1296 744 1359 Aliqua
779 1297 911 1344 enim
946 1304 1019 1345 est
1054 1297 1247 1345 castitas
1278 1297 1520 1359 virginalis
1555 1312 1679 1359 quae
1715 1305 1914 1344 vocatur
1947 1295 2207 1359 virginitas,
2233 1295 2325 1343 alia

564 1386 639 1426 est
661 1378 853 1427 castitas
877 1378 1160 1441 conjugaliS,
1187 1378 1279 1426 alia
1302 1365 1504 1426 vidualis
1528 1378 1692 1426 etalia
1714 1377 1998 1441 generaliter
2021 1385 2093 1426 est
2116 1377 2309 1426 castitas

567 1475 664 1522 qua
682 1460 789 1522 quis
807 1459 1017 1507 virtuose
1044 1475 1095 1508 se
1121 1460 1380 1508 contincta
1402 1467 1605 1523 peccato
1623 1459 1852 1517 luxuriae,
1870 1451 2316 1522 quomodocunque

569 1542 618 1588 in
644 1540 1011 1589 circumstantiis
1038 1539 1178 1588 fuerit
1201 1540 1420 1588 variatus.
1494 1539 1635 1588 Haec
1655 1548 1817 1588 autem
1835 1540 1982 1588 virtus
2001 1539 2232 1588 castitatis
2256 1538 2327 1587 di-

570 1622 690 1670 citur
716 1621 990 1680 caelibatus,
1016 1622 1130 1685 quia
1163 1621 1292 1669 beati
1328 1622 1380 1669 in
1417 1621 1557 1670 coelo
1592 1636 1695 1669 non
1731 1628 1976 1669 tentantur
1998 1628 2200 1684 peccato
2237 1619 2327 1669 sibi

571 1703 818 1766 opposito,
857 1702 943 1750 sed
981 1702 1206 1751 dicuntur
1232 1703 1489 1765 ‘virgines’
1522 1703 1968 1766 quomodocunque
2002 1702 2106 1751 hie⁶
2140 1702 2329 1750 luxuria

571 1784 746 1832 fuerint
769 1783 994 1832 maculati
1009 1799 1021 1844 3
1080 1798 1254 1832 omnes
1288 1785 1420 1832 enim
1452 1784 1541 1842 isti,
1574 1792 1628 1832 ut
1651 1784 1822 1832 dicitur
1845 1783 2050 1847 Apocal.
2083 1783 2193 1842 xiV„
2226 1786 2239 1808 ‘
2255 1798 2329 1831 se-

572 1872 776 1927 quentes
800 1879 982 1928 agnum
1012 1871 1124 1912 sunt
1147 1865 1370 1928 virgines,
1399 1865 1516 1912 dum
1549 1879 1662 1912 cum
1694 1865 1972 1912 mulieribus
2003 1879 2106 1912 non
2137 1863 2330 1913 fuerunt

571 1961 726 2008 usque
762 1946 825 1994 ad
860 1953 1068 1994 mortem
1104 1946 1430 2008 coinquinati:
1456 1946 1544 1994 sed
1568 1961 1596 1993 a
1622 1946 1935 1994 damnatione
1971 1953 2208 2008 perpetua
2241 1959 2329 2007 per

574 2026 817 2075 Christum
858 2035 905 2074 et
946 2035 1151 2074 matrem
1193 2042 1332 2075 suam
1373 2027 1581 2090 virgines
1622 2026 1926 2088 praeservati.
2016 2025 2148 2074 Sicut
2193 2027 2328 2074 enim

573 2115 725 2156 mater
748 2106 925 2156 Christi
947 2115 1021 2155 est
1051 2109 1186 2170 virgo
1220 2107 1441 2165 fecunda,
1468 2109 1536 2156 sic
1569 2107 1872 2170 triumphans
1904 2106 2110 2155 ecclesia
2147 2121 2331 2170 sponsa

575 2204 673 2238 sua.
745 2188 852 2236 Nec
896 2188 1098 2236 dubium
1137 2189 1256 2251 quin
1296 2189 1365 2236 vir
1406 2189 1683 2251 quicunque
1733 2189 1811 2236 cui
1852 2188 2084 2250 placuerit
2126 2203 2155 2235 a
2193 2186 2330 2235 Deo⁷

575 2270 838 2331 suffragari,
876 2269 1020 2317 habet
1063 2269 1378 2317 sufficientem
1416 2271 1686 2331 potentiam
1725 2277 1772 2317 et
1813 2270 1973 2317 media
2013 2270 2129 2317 satis
2167 2269 2330 2331 dispo,-

576 2352 740 2399 nentia
763 2351 826 2398 ad
849 2350 1086 2398 luxuriam
1110 2350 1515 2413 praecavendum.
1585 2350 1759 2413 Fugiat
1791 2358 1952 2399 autem
1984 2351 2186 2398 omnino
2212 2365 2331 2398 con-

575 2433 776 2481 sortium
822 2447 1060 2494 personae
1101 2432 1176 2479 vel
1219 2433 1469 2494 suppositi,
1493 2447 1613 2494 ,quo
1657 2439 1824 2494 posset
1863 2432 1914 2479 in
1958 2432 2051 2480 isto
2092 2431 2238 2488 abuti,
2281 2438 2330 2478 et

575 2514 778 2562 omnino
804 2513 1042 2561 abstineat
1066 2529 1095 2561 a
1125 2513 1320 2570 cibari0‚
1349 2528 1411 2559 ne
1445 2527 1622 2574 corpus
1655 2528 1798 2560 suum
1830 2512 1893 2560 ad
1926 2512 2328 2560 commissionem

572 2595 716 2658 hujus
752 2594 964 2642 criminis
1006 2594 1066 2641 sit
1107 2592 1431 2655 spumosum⁸.
1518 2593 1640 2642 Ideo
1683 2602 1848 2641 caveat
1890 2593 2197 2642 damnandus
2238 2607 2329 2655 pro

574 2677 669 2724 hoc
695 2676 893 2723 crimine
918 2675 978 2723 de
1010 2676 1189 2723 mediis·
1217 2675 1279 2722 ad
1303 2675 1465 2737 ipsum
1489 2661 1903 2723 necessitantibuS.
1974 2673 2125 2733 Quod
2149 2674 2188 2722 si
2213 2673 2330 2722 dicit

539 2776 542 2778 ’
576 2757 710 2820 quod
734 2772 932 2804 necesse
957 2764 1031 2804 est
1053 2756 1215 2804 media
1238 2756 1316 2803 illa
1340 2756 1473 2818 poni,
1499 2755 1635 2803 Deus
1659 2756 1819 2818 ipsum
1843 2756 2052 2818 puniens
2084 2769 2188 2802 non
2217 2755 2330 2803 facit

577 2839 667 2887 sibi
691 2838 928 2901 injuriam,
956 2837 1044 2886 sed
1068 2837 1149 2886 dat
1181 2837 1270 2885 sibi
1296 2852 1400 2885 esse
1434 2837 1737 2896 naturalium*
1754 2844 1801 2884 et
1833 2836 2197 2885 damnationem
2229 2844 2329 2885 tam

576 2921 793 2982 corporis
823 2935 969 2982 quam
1002 2919 1192 2967 animae
1225 2920 1502 2981 gratiosam,
1528 2934 1642 2966 cum
1666 2918 1801 2966 Deus
1837 2934 1940 2967 non
1968 2926 2128 2981 potest
2159 2919 2331 2981 punire

577 3009 843 3060 creaturam
880 3015 1031 3058 suam,
1058 3001 1149 3047 nisi
1185 3001 1342 3061 ipsam
1379 2999 1588 3060 punierit
1623 3000 1848 3061 gratiose.
1919 2998 2040 3047 Ideo
2075 3000 2329 3048 inexcusa-

577 3081 755 3130 biliter⁹
780 3082 940 3129 omnis
963 3082 1116 3128 homo
1150 3081 1293 3128 debet
1326 3080 1573 3127 intendere
1608 3080 1826 3137 castitati,
1852 3079 1985 3143 quod
2018 3080 2057 3127 si
2082 3095 2185 3128 non
2217 3080 2331 3129 facit

578 3164 873 3227 culpabiliter
896 3178 986 3226 pro
1012 3177 1188 3225 poena,
1215 3170 1261 3209 et
1285 3161 1379 3209 Dei
1400 3162 1582 3224 justitia
1615 3177 1676 3209 ex
1708 3162 1897 3223 integro
1931 3162 2020 3210 erit
2053 3163 2196 3211 salva.
2267 3163 2330 3211 Et

633 3307 644 3329 ¹
675 3306 870 3358 moveris]
887 3305 1079 3351 moneris,
1099 3305 1162 3344 ed.
1184 3317 1246 3357 pr.
1515 3303 1530 3326 2
1558 3302 1857 3355 moderatione]
1878 3303 2168 3349 moderamine,
2189 3304 2252 3351 C.‚
2275 3305 2323 3344 B.

576 3360 732 3411 primae
751 3372 908 3406 manus,
930 3359 992 3400 ed.
1014 3372 1074 3411 pr.
1285 3357 1299 3380 ³
1329 3358 1540 3410 eveniunt]
1562 3358 1759 3402 evenient,
1780 3357 1842 3397 ed.
1862 3370 1924 3410 pr.
2144 3357 2159 3380 ⁴
2185 3358 2329 3410 quam]

579 3426 670 3464 qua,
691 3414 754 3453 ed.
774 3428 835 3466 pr.
1008 3413 1024 3436 ⁵
1052 3411 1271 3464 eastitatis]
1293 3412 1504 3451 charitatis
1523 3418 1563 3452 et
1579 3412 1790 3456 castitatis,
1810 3412 1873 3451 ed.
1894 3423 1955 3463 pr.
2092 3411 2108 3434 ⁶
2136 3411 2222 3463 hic]
2239 3411 2330 3457 hac,

580 3467 733 3507 ΑΒΕ.
754 3469 816 3507 ed.
837 3480 897 3520 pr.
1061 3466 1077 3489 ⁷
1105 3480 1130 3505 a
1151 3465 1264 3517 Deo]
1288 3466 1380 3505 Deo
1402 3466 1518 3511 adeo,
1540 3467 1600 3511 C.‚
1623 3466 1669 3505 Β.
1690 3466 1846 3518 primae
1864 3476 2032 3510 manus;
2065 3464 2158 3504 Deo
2178 3478 2203 3504 a
2224 3465 2330 3510 Deo,

581 3520 642 3559 ed.
664 3534 724 3571 pr.
890 3521 905 3543 ⁸
934 3521 986 3560 sit
1006 3519 1264 3573 spumosum]
1287 3526 1461 3572 spumet,
1483 3520 1637 3561 A.B.C.
1659 3520 1721 3560 ed.
1741 3533 1802 3572 pr.
1939 3519 1956 3542 ⁹
1982 3518 2329 3570 inexcusabiliter]

580 3574 959 3627 inexpugnabiliter,
981 3575 1043 3615 ed.
1063 3587 1124 3627 pr.

2076 3655 2264 3689 WIOLIF
