2436 4094
411 351 475 401 18
977 342 1730 400 PROLEGOMENA.

405 503 492 536 eos
529 488 698 536 dixerit
734 499 1029 534 GURVANTES
1054 484 1196 547 fidem
1225 484 1495 543 scripturae,
1521 481 1572 529 id
1607 479 1739 543 quod
1773 479 1877 526 libri
1913 493 1943 526 a
1977 475 2119 525 nobis
2154 473 2315 524 collati

405 591 578 624 omnes
603 576 841 624 exhibent.
913 571 1211 635 Hujusmodi
1238 585 1436 627 errores,
1462 569 1636 632 quibus
1667 568 1887 615 locorum
1921 580 2091 615 sensus
2113 577 2312 627 prorsus

407 665 700 727 pervertitur,
727 662 966 710 innumeri
992 659 1414 722 deprehenduntur
1428 653 1549 705 Qum
1574 658 1623 704 in
1641 657 1834 719 reliquis
1858 655 2075 717 Trialogi
2099 652 2315 716 partibus

405 761 507 800 tum
541 754 590 799 in
618 760 863 814 postrema
895 750 1054 812 operis
1087 756 1235 810 parte,
1262 762 1474 808 namque
1510 746 1623 794 inde
1655 761 1684 793 a
1711 754 1840 807 301110
1863 745 1968 792 libri
1991 743 2077 791 IV.
2105 740 2315 804 capitulo

406 841 612 888 editores
647 839 798 886 multo
834 838 989 899 magis
1025 851 1171 899 quam
1209 844 1350 883 antea
1385 835 1718 898 properavisse
1754 843 1896 897 atque
1932 847 2042 882 eam
2065 832 2223 894 ipsam
2246 829 2314 876 ob

408 945 604 978 causam
630 928 822 990 saepius
847 927 990 974 etiam
1014 926 1136 988 lapsi
1161 940 1268 973 esse
1292 925 1524 972 videntur.

473 1017 721 1065 Nonnulla
745 1030 941 1078 quoque
974 1015 1085 1061 vitia
1109 1014 1222 1062 inde
1248 1022 1361 1061 nata
1385 1028 1491 1062 esse
1517 1013 1785 1070 credamus,
1812 1011 1946 1074 quod
1965 1011 2027 1059 ab
2051 1007 2314 1058 editoribus

404 1103 633 1150 lectiones
681 1101 909 1159 diversae,
958 1103 1009 1148 in
1057 1102 1248 1149 duobus
1295 1101 1424 1149 libris
1477 1110 1708 1159 extantes,
1758 1101 2166 1163 conjungerentur
2215 1095 2314 1144 sive

403 1192 730 1238 miscerentur.
803 1189 923 1237 Sunt
943 1189 1074 1236 enim
1092 1190 1291 1251 vestigia
1310 1189 1565 1251 quaedam,
1585 1188 1714 1237 unde
1735 1189 2031 1250 colligamus,
2052 1184 2316 1234 editoribus

403 1295 505 1327 non
529 1295 681 1327 unum
700 1280 786 1328 sed
812 1279 935 1327 duos
955 1288 1082 1327 certe
1101 1279 1249 1326 libros
1268 1294 1417 1326 manu
1435 1287 1657 1326 exaratos
1676 1286 1868 1341 praesto
1889 1277 2048 1325 fuisse.
2119 1274 2340 1344 Horumv

403 1384 516 1416 vero
541 1368 770 1416 lectiones
794 1369 875 1415 ubi
902 1368 1252 1429 discrepabant,
1274 1367 1513 1414 interdum
1539 1367 1840 1414 festinantius
1864 1380 2012 1428 quam
2031 1362 2316 1427 judiciosius

404 1460 525 1506 inter
564 1473 616 1506 se
658 1458 911 1505 conciliata
952 1458 1050 1505 sive
1089 1457 1239 1504 mixta
1278 1464 1403 1504 sunt.
1474 1456 1636 1519 Hujus
1672 1457 1863 1518 generis
1899 1455 2124 1518 exempla
2159 1468 2318 1516 pauca

406 1547 575 1595 afferre
609 1548 761 1595 liceat.
832 1547 937 1594 Lib.
967 1546 1053 1594 IV.
1081 1562 1120 1594 c.
1162 1548 1236 1594 18.
1263 1546 1353 1593 sub
1389 1546 1538 1593 finem
1574 1546 1719 1593 editio
1755 1546 1982 1608 princeps
2015 1543 2137 1591 haec
2171 1542 2317 1590 habet

407 1638 580 1684 verba:
617 1638 728 1698 quia
758 1651 822 1684 ex
845 1636 944 1698 fide
968 1649 1266 1683 SUPPONERE
1291 1648 1563 1694 HABEMUs;
1601 1649 1726 1697 quae
1757 1634 1938 1682 locutio
1974 1641 2021 1682 et
2044 1631 2237 1681 Wiclifo
2269 1640 2316 1680 et

405 1725 508 1773 aliis
534 1726 809 1772 auctoribus
833 1724 1025 1771 insolita
1057 1724 1170 1771 inde
1204 1731 1308 1771 orta
1341 1730 1424 1780 est,
1451 1723 1599 1784 quod,
1626 1738 1737 1771 cum
1762 1723 1879 1771 alter
1902 1721 2060 1770 codex
2077 1720 2288 1780 ‚haberet
2304 1704 2324 1767 :⁵

405 1814 606 1860 debemus
640 1821 894 1875 supponere,
921 1812 1061 1859 alter:
1119 1816 1130 1837 ‘
1145 1827 1209 1859 ex
1238 1813 1337 1874 fide
1368 1811 1595 1868 habemus,
1637 1811 1780 1873 quod,'
1818 1811 2027 1859 editores
2061 1818 2317 1871 utrumque

407 1900 807 1963 conjungendum
843 1915 950 1948 esse
989 1907 1291 1947 censuerunt.
1364 1900 1496 1948 Inter
1530 1900 1638 1948 illos
1674 1902 1818 1958 enim,
1855 1900 1936 1962 qui
1971 1914 2101 1946 nunc
2136 1905 2318 1955 extant,

404 1989 552 2036 libros
584 2003 710 2036 unus
748 1989 973 2051 priorem,
998 1997 1093 2035 tres
1125 1989 1444 2050 posteriorem
1476 1988 1735 2036 lectionem
1761 1996 1966 2036 tuentur.
2035 1986 2227 2035 Deinde
2250 1986 2316 2034 ΙΙ.

407 2093 447 2124 c.
483 2087 508 2137 7
546 2092 656 2124 cum
689 2077 739 2123 in
771 2076 919 2123 altero
954 2075 1122 2124 codice
1157 2077 1389 2139 scriptum
1422 2085 1573 2124 esset:
1624 2077 1746 2139 quod
1771 2078 1929 2124 anima
1961 2077 2227 2124 intellectiva
2257 2077 2322 2122 sit

407 2177 533 2211 PARS
574 2165 785 2222 hominis,
825 2164 875 2211 in
914 2164 1063 2211 altero
1105 2171 1292 2211 autem:
1346 2165 1467 2224 quod
1497 2166 1655 2212 anima
1685 2165 1954 2213 intellectiva
1984 2165 2049 2211 sit
2085 2176 2317 2211 PERSONA

405 2254 617 2311 hominis,
645 2253 852 2300 editores
876 2260 1133 2313 utrumque
1159 2252 1559 2314 conjungendum
1585 2267 1692 2300 esse
1717 2253 1806 2300 rati
1837 2253 2001 2300 locum
2031 2253 2097 2300 ita
2120 2267 2316 2315 expres·-

407 2349 596 2389 serunt:
632 2341 754 2402 quod
766 2341 923 2387 anima
947 2339 1215 2386 intellectiva
1238 2340 1303 2385 sit
1318 2353 1443 2386 PARS
1467 2353 1695 2387 PERsoNA
1712 2340 1922 2397 hominz's,
1941 2339 1991 2387 id
2014 2341 2147 2403 quod
2171 2356 2318 2390 sensu

408 2444 570 2476 carere
610 2436 753 2490 patet.
823 2428 976 2475 Porro
1020 2426 1112 2478 ΙΙΙ.
1138 2442 1178 2474 c.
1218 2437 1292 2486 17,
1332 2442 1445 2474 cum
1482 2427 1588 2475 libri
1628 2444 1779 2476 manu
1823 2430 2004 2477 exarati
2045 2437 2127 2478 aut
2163 2434 2317 2477 ‘vana

406 2513 690 2578 temporalia'
712 2522 793 2562 aut
814 2519 824 2539 ‘
844 2513 980 2561 bassa
998 2512 1287 2574 temporalia'
1308 2513 1529 2572 habeant,
1549 2515 1599 2561 in
1619 2515 1828 2564 editione
1847 2517 2064 2580 principe
2081 2517 2317 2580 legimus:

409 2610 419 2630 ‘
436 2618 604 2661 BASSA,
641 2616 789 2650 ALIAs
825 2615 963 2648 VANA
998 2599 1293 2662 temporalia!
1365 2601 1478 2650 Hac
1513 2611 1674 2651 autem
1709 2605 1895 2653 ratione
1930 2606 2108 2669 regulis
2143 2606 2323 2664 criticis»

407 2692 647 2741 contraria
678 2691 778 2738 fieri
803 2689 933 2737 haud
956 2690 1186 2752 potuisse,
1213 2697 1264 2736 ut
1289 2697 1445 2737 textus
1470 2691 1771 2740 emendatior
1794 2694 2022 2756 prodiret,
2041 2709 2189 2744 nemo
2213 2710 2318 2744 non

406 2781 636 2842 intelligit.
2080 2832 2089 2834 ‚

473 2868 697 2931 Denique
739 2867 986 2925 vocabula,
1030 2882 1154 2929 quae
1201 2867 1544 2930 interpretandi
1587 2885 1733 2919 causa
1772 2871 1823 2918 in
1869 2873 2087 2936 margine
2134 2873 2317 2922 codicis

407 2956 605 3019 alicujus
631 2956 793 3004 addita
816 2965 966 3014 erant,
994 2971 1080 3018 per
1099 2956 1308 3004 editores
1333 2958 1481 3004 textui
1505 2958 1596 3020 ipsi
1614 2958 1878 3007 identidem
1897 2961 2075 3010 inserta
2098 2970 2208 3010 sunt
2221 2979 2234 3022 ;
2272 2951 2313 3011 v.

407 3059 446 3091 c.
484 3045 522 3091 I.
561 3061 600 3092 c.
640 3048 683 3092 8.
721 3053 888 3093 auctor
931 3045 1104 3092 habet:
1166 3048 1178 3069 ‘
1197 3050 1250 3091 ut
1291 3050 1483 3092 testatur
1528 3045 1708 3094 subtilis
1746 3049 2023 3110 evangelista
2038 3047 2073 3108 3'
2134 3049 2221 3098 sed
2267 3051 2317 3098 in

407 3133 616 3180 editione
670 3135 886 3196 principe
942 3134 1105 3182 addita
1160 3141 1283 3182 sunt‘
1325 3134 1482 3181 verbis
1533 3139 1544 3159 ‘
1559 3135 1741 3183 subtilzs
1794 3138 2093 3200 evangelista'
2142 3140 2316 3188 verba:

409 3219 661 3282 ‘Johannis
683 3222 739 3269 X
742 3221 768 3280 ‚’
794 3239 921 3286 quae
946 3223 1052 3271 libri
1075 3231 1170 3270 tres
1193 3223 1243 3269 in
1267 3223 1485 3285 margine
1509 3222 1748 3286 adscripta
1771 3225 2011 3274 exhibent.

475 3306 626 3368 Igitur
657 3310 769 3358 satis
803 3312 1196 3373 comprobavisse
1232 3311 1375 3358 nobis
1406 3311 1637 3369 videmur,
1661 3311 1922 3362 editionem
1946 3314 2164 3378 Trialogi
2186 3315 2317 3378 prin—

409 3395 570 3455 cipem
594 3404 843 3459 tantopere
868 3399 1157 3448 mendosam
1182 3414 1302 3456 esse,
1329 3407 1382 3446 ut
1404 3400 1728 3447 necessarium
1753 3402 1825 3459 sit,
1850 3402 2080 3450 librorum
2098 3403 2317 3465 ipsorum

409 3495 504 3542 ope
529 3490 711 3529 textum
736 3487 1115 3534 emendatiorem
1140 3495 1201 3545 et,
1222 3496 1456 3549 quantum
1475 3488 1575 3535 fieri
1599 3489 1764 3551 possit,
1789 3492 2055 3552 genuinum
2078 3490 2294 3540 reddere.

480 3567 575 3616 Sed
619 3573 857 3632 quaeritur
899 3590 1016 3622 num
1056 3576 1188 3623 editio
1217 3577 1442 3637 posterior
1483 3575 1578 3624 hoc
1620 3578 1916 3640 praestiterit.
1987 3577 2127 3627 Haec
2168 3579 2316 3628 editio
