2496 4108
143 447 299 483 enas.
746 427 1312 477 TRJALOGUS.

143 561 249 612 sine
284 562 458 611 talibus
493 563 737 626 episcopis
773 578 961 611 servare
999 579 1061 611 ex
1102 564 1292 626 integro
1335 572 1511 612 statum
1554 565 1727 612 suum?
1807 561 1905 610 Sed

6 623 12 702 ὲ
54 642 55 646 ’
139 657 299 698 unum
323 642 510 692 videtur
543 644 594 692 in
625 645 798 708 majori
826 653 962 708 parte
990 646 1288 708 contingere,
1314 645 1449 708 quod
1480 645 1752 708 implicatur
1774 645 1904 693 blas-

5 716 10 763 ἶ
53 770 55 774 Α
141 722 361 789 pheme¹,
384 739 705 789 quoscunque
730 727 990 789 episcopos
1020 726 1175 774 taliter
1209 727 1553 774 confirmantes
1585 742 1646 774 ex
1679 726 1906 790 pactione

141 803 238 855 Dei
257 805 486 869 Spiritum
511 805 744 855 Sanctum
762 807 891 855 dare.
953 807 1197 872 Relinquo
1215 817 1379 857 autem
1397 808 1500 857 aliis
1519 805 1903 858 discussionem²

142 886 441 937 subtiliorem
464 888 602 938 istius
624 889 868 939 materiae.

877 1257 1035 1307 CAP.
1073 1257 1183 1304 XV.

733 1403 808 1452 De
831 1410 1114 1453 sacramento
1137 1403 1325 1451 ordinis.

145 1575 148 1577 Δ
213 1547 419 1598 Alitlu‘a.
488 1547 609 1597 Non
655 1548 798 1597 video
845 1548 1114 1598 efficaciam
1160 1549 1210 1596 in
1256 1555 1462 1596 tractatu
1513 1547 1725 1595 ulteriori
1770 1545 1907 1594 istius

145 1632 380 1680 materiae
431 1646 526 1679 nec
576 1645 815 1693 magnum
861 1630 1085 1687 fructum,
1134 1629 1246 1678 licet
1297 1628 1603 1676 consuetudo
1651 1627 1907 1676 Romanae

129 1706 306 1761 'curiae
329 1712 407 1761 vel
441 1713 640 1776 antiqua
675 1710 979 1760 consuetudo
1016 1710 1248 1759 ecclesiae
1286 1711 1355 1757 sic
1391 1725 1443 1757 se
1479 1709 1638 1767 habet,
1665 1709 1779 1772 quia
1813 1708 1908 1756 hoc

145 1807 250 1842 non
289 1801 368 1853 est·
384 1832 386 1834 v
402 1794 566 1857 potius
608 1793 850 1842 evidentia
890 1791 953 1841 ad
993 1791 1359 1840 rectificandum
1397 1791 1494 1839 hoc
1534 1798 1907 1848 sacramentum,

145 1876 309 1938 quam‘
331 1874 398 1923 si³
430 1875 611 1923 abusus
647 1875 921 1937 antiquatus
956 1872 1283 1936 praelatorum
1319 1872 1600 1935 hujusmodi
1635 1871 1711 1920 ad»
1734 1871 1909 1919 rectifi-

124 1956 362 2006 'candum
396 1971 541 2005 suum
581 1951 862 2019 peccatum4
903 1970 964 2002 ex
1005 1956 1202 2017 antiqua
1244 1953 1597 2002 consuetudine
1638 1953 1907 2016 allegetur⁵.

5 2033 36 2112 uf
123 2035 131 2053 ⁵
148 2036 249 2087 Sed
270 2052 396 2101 rogo
428 2038 507 2086 dic
538 2037 738 2101 parum⁰
761 2038 813 2084 de
842 2041 1131 2084 sacramento
1162 2036 1357 2094 ordinis,
1382 2043 1430 2083 et
1462 2036 1621 2098 primo
1655 2035 1907 2098 quomodo

149 2118 356 2168 describi
379 2119 569 2179 debeat,
594 2118 739 2182 quid⁷
762 2119 820 2167 sit
844 2119 982 2167 ordo.

150 2240 158 2244 .,
215 2192 488 2250 Phronesis.
559 2199 832 2249 Considero
872 2200 1009 2263 quod
1048 2199 1144 2248 hoc
1192 2207 1548 2247 sacramentum
1595 2196 1804 2247 ordinis⁸
1847 2200 1906 2247 sit
1963 2216 2086 2284 “32³2ss
2100 2223 2139 2242 110
2165 2224 2184 2242 0

145 2283 262 2333 satis
301 2283 580 2346 analogum,
623 2290 671 2330 et
712 2282 908 2344 signum
949 2282 1054 2344 ejus
1092 2289 1165 2329 est
1199 2281 1337 2328 valde
1373 2281 1706 2343 aequivocum.
1779 2280 1908 2329 Cum

105 2365 123 2371 ”
147 2365 283 2418 enim
305 2365 429 2414 ordo
454 2365 516 2413 sit
538 2373 786 2413 creaturae
811 2379 873 2411 ex
898 2363 1204 2411 ordinatione
1229 2363 1391 2410 divina
1415 2371 1564 2410 status
1590 2363 1689 2411 sive
1715 2363 1908 2425 positi0,

141 2455 298 2512 patet,
331 2447 470 2510 quod
504 2447 626 2495 sicut
660 2447 710 2493 in
746 2445 932 2508 angelis
971 2453 1081 2493 sunt
1116 2445 1253 2492 multi
1277 2444 1487 2501 ordines,
1515 2445 1582 2492 sic
1614 2445 1665 2491 in
1698 2445 1911 2507 qualibet

150 2536 313 2579 creata
334 2528 639 2577 multitudine
665 2527 927 2576 sublunari.
999 2527 1074 2574 Illi
1099 2534 1260 2574 autem
1286 2527 1368 2588 qui
1401 2525 1709 2587 disrumpunt
1734 2525 1912 2574 Christi

149 2610 388 2669 ordinem,
424 2609 651 2658 dicuntur
685 2623 794 2656 esse
830 2608 935 2655 sine
973 2607 1144 2655 ordine
1184 2607 1431 2669 puniendi.
1505 2605 1603 2655 Sed
1638 2607 1688 2653 in
1722 2607 1913 2653 secundo

150 2692 309 2758 'gradu
331 2690 503 2740 dicitur
538 2690 662 2738 ordo
698 2689 835 2752 quasi
871 2689 1234 2736 antonomatice
1272 2688 1332 2735 de
1360 2695 1487 2735 statu
1522 2689 1619 2735 sive
1644 2686 1912 2749 positione⁹

150 2773 400 2838 religionis
423 2772 658 2830 novellae,
683 2786 741 2819 ac
774 2771 814 2818 si
846 2770 1152 2818 antichristus
1185 2769 1531 2816 antecelleret¹⁰
1554 2769 1911 2816 ordinationem

119 2875 122 2878 ·
150 2863 202 2907 et
221 2854 441 2919 regulam
471 2853 590 2918 Jesu
615 2850 852 2901 Christifl.
927 2850 1026 2899 Sed
1057 2852 1191 2899 lertio
1216 2851 1423 2898 strictius
1455 2858 1502 2898 et
1530 2850 1687 2912 magis
1712 2850 1775 2897 ad
1798 2865 1911 2912 pro-

152 2937 368 3002 positum
407 2935 531 2984 ordo
566 2941 767 2982 vocatur
808 2941 1025 2997 potestas
1067 2932 1180 2980 data
1215 2933 1390 2980 clerico
1431 2947 1460 2980 a
1495 2931 1605 2979 Deo
1645 2932 1910 2982 ministerio

72 3072 78 3093 Α
121 3015 125 3020 Α
150 3019 371 3084 episcopi
405 3017 469 3067 ad
503 3016 664 3066 debite
698 3015 932 3065 ecclesiae
967 3013 1365 3074 ministrandum;
1418 3022 1465 3062 et
1501 3013 1577 3065 ille
1613 3013 1736 3065 ordo
1773 3013 1912 3063 datur

210 3197 225 3223 ¹
252 3195 513 3272 blaspheme]
534 3193 807 3257 blasphemia,
827 3193 890 3235 ed.
911 3206 972 3247 p.r
1212 3191 1228 3214 ²
1255 3190 1570 3242 discussionem]
1592 3190 1911 3237 distinctionem,

155 3251 211 3294 A.
213 3251 261 3293 Β.
264 3251 315 3292 C.
480 3250 648 3302 ⁸quam
668 3248 722 3301 si]
743 3248 942 3301 quamviS,
964 3248 1037 3294 C.;
1067 3259 1203 3299 quam,
1225 3247 1278 3285 A.
1282 3247 1328 3286 B.
1493 3244 1508 3268 ⁴
1536 3258 1654 3286 suum
1674 3245 1909 3298 peccatum]

155 3318 231 3347 sua
255 3301 1091 3364 peceata,A.B.C.⁶a11egetur]
1112 3301 1302 3353 allegata,
1318 3301 1371 3341 A.
1377 3299 1422 3338 B
1428 3300 1477 3340 C.
1697 3299 1712 3322 ⁶
1740 3299 1905 3352 parum]

156 3372 271 3413 pure,
291 3360 345 3399 A.
348 3359 395 3400 Β.
397 3359 447 3400 C.
467 3358 530 3399 ed.
550 3371 613 3411 pr.
759 3355 938 3409 'primo
959 3355 1168 3408 quomodo
1187 3355 1363 3395 describi
1383 3354 1543 3399 debeat,
1563 3353 1679 3405 quid]
1701 3354 1910 3406 quomodo

155 3413 345 3455 distribui
384 3413 532 3453 debeat
563 3417 605 3452 et
634 3410 769 3464 primo
807 3410 917 3463 quid,
951 3411 1004 3450 A.
1008 3410 1054 3450 B.
1058 3410 1132 3455 C.;
1176 3409 1385 3461 quomodo
1417 3407 1592 3447 describi
1625 3408 1784 3448 debeat.
1858 3407 1911 3448 Et

221 3481 292 3509 mo
311 3467 422 3520 quid,
441 3466 504 3507 ed.
522 3479 583 3518 pr.
714 3465 730 3488 ⁸
757 3464 932 3516 ordinis]
953 3477 1036 3504 om.
1057 3464 1110 3503 A.
1113 3440 1160 3502 Β.
1164 3463 1213 3503 C.
1350 3461 1619 3514 ”positione]
1641 3461 1911 3514 possessione,

156 3480 399 3585 ffprimae.
419 3521 468 3561 C.
489 3519 690 3561 secundae
710 3531 869 3564 manus,
889 3518 952 3558 ed.
973 3531 1034 3571 pr.
1166 3518 1196 3540 ¹⁰
1224 3516 1504 3568 antecelleret]
1525 3516 1795 3562 antecederet,
1815 3516 1911 3556 ΟΒ.

158 3575 316 3632 primae
333 3588 491 3623 manua
506 3574 570 3619 ed.
590 3587 651 3631 pr.
739 3618 742 3622 Δ
837 3573 864 3597 ¹¹
885 3573 981 3629 Jesu
1002 3570 1175 3623 Christi]
1197 3572 1293 3627 Jesu
1312 3570 1454 3617 nostri,
1476 3571 1529 3614 A.
