2462 4114
56 398 262 493 1ηϊιιιιηιε.
711 417 1278 482 TRIALOGUS.
2003 428 2108 485 375

52 568 59 574 ··
116 552 411 612 haereticos3
465 560 516 600 et
554 553 605 600 in
653 553 890 616 majorem
936 553 1288 615 blasphemiam
1334 567 1436 600 non
1484 559 1744 616 potuerunt
1791 553 1866 600 isti

30 671 33 675 -
114 634 342 684 haeretici
365 635 616 683 corruisse.
680 634 812 683 Olim
835 636 967 683 enim
991 636 1210 697 episcopi
1233 636 1386 683 nostri
1410 634 1632 683 dicuntur
1655 633 1867 696 pseudo-

7 732 12 792 ζ
116 715 287 764 fratres
331 722 567 778 tanquam
613 716 835 764 diabolos
881 716 1104 773 odivisse‚
1157 731 1270 763 cum
1318 716 1368 762 in
1414 724 1634 778 tempore
1681 714 1868 762 domini

19 787 35 814 ¹⁴
114 795 386 845 Amacani
421 797 646 845 dicuntur
690 798 851 859 ipsum
898 797 948 843 in
989 797 1260 859 sumptibus
1301 804 1468 844 contra
1515 796 1606 844 hos
1654 795 1863 858 pseudo-

54 870 57 890 ³
115 877 314 927 ordines
343 874 644 926 defendisse.
717 877 815 925 Sed
855 877 1007 924 modo
1051 877 1164 925 facti
1206 885 1318 924 sunt
1359 878 1503 925 amici
1545 876 1774 925 Herodes
1821 884 1869 924 et

0 989 1 993 =
53 999 56 1018 2
117 958 315 1018 Pilattrs,
351 959 435 1023 qui
473 960 607 1022 prius
642 957 788 1006 inter¹
829 973 881 1006 se
917 958 1108 1006 fuerant
1142 959 1337 1007 inimici.
1407 958 1522 1006 Duo
1555 967 1720 1007 tamen
1755 973 1869 1021 pro-
1926 958 2118 1020 {23500‘3‘21

5 1066 14 1104 -χ
49 1066 52 1095 2
115 1041 341 1104 gnostico
372 1040 424 1088 in
453 1039 547 1088 hac
579 1047 715 1102 parte
730 1055 743 1098 ;
787 1039 1013 1102 primum,
1041 1054 1154 1087 cum
1178 1040 1268 1087 ista
1293 1040 1657 1088 confoederatio
1682 1055 1784 1088 non
1809 1041 1870 1088 sit
1927 1027 2179 1100 Siqss‘ssssssfflffssn'

11 1151 13 1154 <
47 1122 49 1129 ‘
65 1185 73 1198 ,.
115 1121 318 1172 fundata
339 1122 392 1170 in
414 1121 522 1184 lege
545 1121 749 1170 Domini
773 1121 924 1168 nostri
949 1119 1067 1183 Jesu
1091 1119 1282 1179 Christi,
1309 1121 1444 1183 quod
1467 1137 1570 1169 non
1600 1122 1758 1179 stabit,
1785 1120 1870 1169 sed
1926 1095 2114 1156 ssgffgffspgt

7 1208 9 1212 ’
51 1234 55 1238 -
117 1203 350 1255 cessabitff·
373 1203 437 1252 ad
460 1203 696 1252 damnum
727 1203 973 1265 utriusque
1006 1202 1154 1264 partis
1187 1203 1285 1250 sive
1318 1203 1522 1260 alterius,
1548 1218 1662 1250 cum
1685 1217 1787 1250 non
1812 1203 1873 1249 sit

7 1277 10 1280 ’
51 1282 54 1283 ’
118 1287 252 1336 bona
285 1285 493 1357 societas
517 1283 804 1333 Christiani³
824 1284 888 1332 ad
913 1283 1076 1331 Belial.
1151 1282 1431 1331 Secundum
1463 1283 1599 1346 quod
1631 1298 1725 1346 ego
1759 1298 1873 1345 pro-

8 1359 9 1362 *
47 1392 50 1394 v
119 1367 345 1431 gnostico
380 1373 456 1415 est
480 1365 622 1424 istud,
650 1365 727 1413 vel
762 1365 897 1428 quod
932 1373 1125 1427 oportet
1151 1374 1344 1414 nostros
1381 1365 1642 1427 episcopos
1665 1373 1714 1412 et
1737 1365 1875 1426 regni

120 1463 350 1513 proceres
365 1448 624 1511 opiniones
642 1447 847 1495 istorum
872 1445 1264 1508 pseudofratrum
1289 1446 1510 1494 deserere
1534 1447 1584 1493 in
1607 1446 1700 1494 hac
1725 1454 1875 1508 parte,

5 1541 9 1549 ”
39 1522 50 1558 s
120 1529 198 1579 vel
231 1528 367 1593 quod
401 1543 516 1577 cum
549 1528 641 1576 illis
677 1529 774 1576 sint
807 1529 859 1575 in
893 1526 1159 1575 haeresim4
1195 1527 1409 1575 involuti.
1481 1527 1613 1575 Nam
1647 1528 1695 1574 in
1718 1528 1877 1590 primo

122 1611 324 1663 articulo
356 1609 720 1660 diffinierunthi
752 1609 937 1667 fratres,
961 1616 1013 1657 ut
1045 1624 1324 1672 repugnans
1356 1608 1557 1666 haeresi,
1583 1609 1718 1671 quod
1750 1608 1880 1655 nulla

0 1707 12 1715 ’
35 1698 39 1735 ὶ
123 1693 394 1743 substantia
406 1693 548 1755 panis
569 1691 829 1739 materialis
849 1691 923 1738 vel
942 1692 1039 1738 vini
1063 1698 1230 1738 manet
1252 1698 1366 1752 post
1390 1690 1811 1737 consecrationem
1829 1689 1880 1736 in

3 1778 41 1836 Ξς’,
122 1781 430 1830 sacramento
448 1773 608 1822 altaris
623 1789 636 1833 3
667 1773 965 1835 oppositum,
985 1772 1221 1834 inquiunt,
1239 1771 1384 1834 hujus
1403 1779 1477 1818 est
1494 1770 1707 1818 haeresis
1725 1770 1879 1818 mani-

5 1859 46 1925 ³33
124 1856 262 1915 festa,
286 1855 410 1904 sicut
432 1862 506 1903 est
528 1854 741 1902 haeresis
764 1853 900 1916 quod
934 1853 1204 1901 accidentia
1233 1867 1335 1900 non
1368 1859 1599 1899 maneant
1630 1852 1735 1899 sine
1770 1852 1881 1899 sub-

121 1938 255 2003 Jecto
294 1944 409 2001 post
454 1936 876 1984 consecrationem
921 1935 972 1982 in
1021 1935 1200 1982 eodem
1248 1941 1567 1982 sacramento.
1646 1931 1883 1990 Quamvis

125 2027 289 2070 autem
311 2018 478 2082 pepigi
494 2025 631 2082 extra
649 2017 869 2066 scholam
893 2031 995 2064 non
1014 2030 1215 2064 usurum
1234 2016 1336 2063 istis
1355 2015 1571 2062 terminis
1590 2018 1600 2038 ‘
1619 2014 1886 2062 substantia

125 2101 269 2165 panis
290 2099 552 2149 materialis
575 2107 658 2148 aut
680 2096 807 2157 vini,'
834 2106 999 2146 tamen
1024 2098 1146 2146 fides
1171 2097 1429 2144 necessitat
1462 2095 1733 2143 concedere
1767 2109 1884 2142 con-

125 2181 341 2232 vertibile
367 2181 691 2244 propositioni
714 2180 1033 2228 terminorum
1057 2181 1275 2227 istorum.
1346 2177 1479 2225 Nam
1503 2184 1555 2223 ut
1580 2176 1692 2224 dicit
1716 2177 1887 2223 beatus

126 2263 455 2324 Hieronymus,
474 2261 641 2325 panis⁵
666 2277 812 2324 quem
840 2262 968 2323 cepit
993 2260 1213 2308 Christus
1239 2260 1288 2306 in
1313 2259 1536 2306 manibus
1561 2266 1706 2320 atque
1731 2257 1886 2319 fregit,

90 2404 98 2411 ι
128 2353 203 2395 est
238 2359 418 2407 corpus
453 2343 656 2391 Domini
695 2343 959 2390 salvatoris,
1034 2341 1132 2389 Sed
1170 2355 1292 2402 rogo
1331 2341 1439 2402 quis
1475 2340 1616 2402 panis
1652 2339 1739 2386 fuit
1778 2339 1887 2385 ille?

128 2425 384 2488 Numquid
415 2425 684 2473 substantia
707 2425 848 2486 panis
873 2423 1132 2470 materialis
1157 2422 1231 2468 vel
1264 2422 1356 2468 alia
1387 2436 1465 2468 res
1497 2421 1699 2483 ignota?
1761 2419 1887 2467 Cum

16 2505 32 2538 ³³
77 2547 80 2550 ⁴
129 2521 250 2570 ergo
275 2505 498 2555 Christus
523 2505 643 2553 dixit
665 2505 797 2552 hunc
822 2518 1002 2566 panem
1028 2519 1134 2551 esse
1161 2507 1339 2564 corpus
1365 2516 1522 2559 suum,
1547 2510 1595 2548 et
1619 2501 1787 2548 fratres
1812 2500 1886 2547 isti

131 2596 314 2652 negant
336 2588 468 2636 idem
492 2594 727 2649 tanquam
761 2600 950 2633 summe
987 2585 1294 2639 haereticum,
1321 2590 1452 2644 patet
1487 2582 1621 2643 quod
1653 2589 1887 2643 quantum

130 2671 182 2719 in
204 2669 295 2718 illis
316 2676 403 2726 est,
429 2668 664 2716 damnant
689 2665 936 2715 Christum
960 2674 1194 2727 tanquam
1225 2678 1414 2711 summe
1447 2663 1754 2710 haereticum.
1826 2661 1889 2708 Et

132 2766 247 2800 cum
270 2757 464 2813 oportet
489 2749 550 2797 de
575 2748 683 2810 lege
704 2747 1029 2795 damnationis
1047 2745 1153 2792 talis
1172 2744 1369 2792 alteram
1388 2751 1574 2806 partem
1594 2757 1700 2790 esse
1720 2742 1888 2789 haere-

131 2834 298 2890 ticam,
315 2838 447 2894 patet
472 2845 584 2879 cum
604 2828 822 2877 Christus
841 2842 943 2875 non
962 2835 1130 2890 posset
1147 2841 1254 2874 esse
1273 2825 1554 2881 haereticus,
1577 2824 1737 2885 quod⁶
1759 2831 1891 2871 secta
1941 2857 1947 2863 -

6 2967 7 2970 ,
133 2915 226 2968 ista
249 2913 448 2962 fratrum
473 2913 534 2960 sit
567 2912 770 2960 omnino
795 2910 1036 2958 haeretica
1068 2908 1308 2970 expressis
1333 2906 1638 2954 sermonibus
1671 2906 1745 2953 vel
1774 2920 1891 2953 con-

29 2987 31 3004 ⁵
82 3048 87 3063 ¹!
135 3010 298 3045 sensu.
370 2994 496 3043 Item
531 2993 801 3042 substantia
837 2991 1056 3053 corporis
1082 2989 1260 3037 Christi
1294 2995 1459 3035 manet
1491 2996 1601 3049 post
1634 3001 1891 3035 consecra-

135 3077 322 3127 tionem
338 3077 390 3124 in
410 3081 714 3124 sacramento
734 3073 907 3129 altaris,
927 3079 978 3119 ut
997 3078 1188 3133 oportet
1206 3070 1373 3118 fratres
1393 3068 1662 3117 concedere
1672 3068 1704 3126 ⁷,
1723 3075 1772 3115 et
1789 3067 1892 3115 ubi·

137 3174 349 3223 cumque
373 3166 446 3207 est
469 3156 737 3206 substantia
761 3155 980 3217 corporis
1001 3152 1175 3201 Christi
1201 3160 1271 3200 est
1295 3150 1712 3213 generalissimum
1736 3164 1893 3211 genus

139 3239 450 3296 substantiae,
487 3252 604 3299 ergo
640 3237 803 3299 ipsum
837 3242 1004 3282 manet
1040 3241 1151 3296 post
1187 3231 1603 3280 consecrationem
1646 3230 1696 3276 in
1734 3243 1894 3277 sacra-

194 3402 209 3427 ¹
237 3400 364 3453 inter]
386 3401 505 3446 intra,
525 3399 589 3440 ed.
611 3412 671 3452 pr.
839 3400 854 3421 ²
884 3397 1077 3449 cessabit]
1095 3397 1333 3442 cassabitur,
1348 3395 1450 3435 A.B.
1604 3393 1620 3416 ⁸
1650 3392 1892 3444 Christiani]

141 3469 226 3498 om.
246 3455 352 3496 Α.Β.
372 3469 382 3501 ;
421 3453 473 3494 cf.
498 3465 518 3493 2
542 3453 731 3497 Corinth.
753 3454 803 3493 vi.
831 3465 892 3505 14,
917 3463 979 3503 15.
1282 3450 1294 3472 ¹
1323 3447 1542 3499 haeresim]
1563 3447 1731 3492 haeresi,
1750 3446 1814 3486 ed.
1835 3459 1896 3499 pr.

139 3509 157 3540 ⁸
186 3509 325 3563 panis]
347 3521 509 3561 panem,
532 3507 577 3547 B.
600 3508 662 3548 ed.
684 3521 745 3560 pr.
956 3507 972 3530 ⁶
1002 3505 1131 3557 quod]
1155 3504 1238 3549 sed,
1258 3504 1320 3543 ed.
1343 3517 1403 3555 pr.
1608 3502 1623 3525 ⁷
1653 3500 1894 3552 concedere]

149 3564 328 3610 credere,
348 3562 412 3603 ed.
433 3575 493 3614 pr.

2019 1001 2058 1026 ep
2071 999 2183 1025 scopos
