2424 4120
353 412 463 463 424

1036 395 1463 459 JOANNIS
1531 397 1877 446 WICLIF
2201 415 2331 448 cium
2410 423 2412 425 >

280 549 540 579 Auctorscffisma
593 539 723 579 verat
747 531 837 579 sibi
862 537 1013 578 totam
1038 530 1292 578 ecclesiam
1316 530 1585 578 occiduam.
1658 529 1754 577 Sed
1785 530 2068 579 benedictus
2091 529 2335 578 Dominus

280 584 391 617 papale
406 592 486 612 anno

279 619 345 651 1378
358 620 458 645 ortum

279 655 504 680 commemorat.

593 611 735 675 Jesus
776 610 1010 669 Christus,
1053 612 1136 672 qui
1176 618 1248 659 est
1289 619 1433 673 caput
1472 611 1718 668 ecclesiae,
1757 612 1808 658 in
1849 620 1986 674 parte
2027 610 2247 659 contrivit
2286 617 2336 656 et

595 692 748 740 divisit
772 693 821 739 in
846 700 1006 754 partes
1031 693 1294 739 contrarias
1318 700 1462 754 caput
1489 692 1767 754 hujusmodi
1798 692 2135 740 maledictum!
2192 689 2336 739 Unus

592 774 722 820 enim
748 773 861 821 dicit
885 788 936 821 se
961 788 1067 821 esse
1093 781 1238 835 caput
1261 773 1506 831 ecclesiae,
1528 774 1919 821 excommunicat
1942 781 1991 821 et
2014 771 2338 836 multipliciter

589 854 891 916 persequitur
921 854 1156 916 reliquum
1180 861 1227 901 et
1259 869 1286 901 e
1319 862 1499 902 contra.
1569 854 1633 901 Et
1663 854 1790 902 tum1
1826 855 2078 903 deficiente
2114 853 2211 902 fide
2247 867 2335 915 spe

591 942 639 982 et
680 937 875 983 caritate
916 935 980 983 ad
1016 943 1204 983 tantum
1250 935 1501 983 hebetatur
1542 944 1707 983 nostra
1749 936 1968 993 ecclesia,
2006 934 2141 998 quod
2180 935 2336 982 nescit

589 1017 758 1064 ambas
782 1016 868 1064 has
892 1023 1052 1077 partes
1086 1016 1253 1078 capitis
1285 1017 1547 1065 antichristi
1579 1017 1820 1079 aufugere,
1847 1017 1934 1064 sed
1966 1016 2116 1065 credit
2143 1008 2251 1064 esse
2275 1014 2337 1062 de

590 1098 856 1145 substantia
879 1097 991 1145 fidei
1015 1097 1147 1144 alteri
1172 1097 1442 1146 adhaerere.
1516 1098 1646 1145 Nam
1690 1099 1810 1146 fides
1839 1098 2075 1161 evangelii
2101 1096 2336 1145 Matthaei

589 1180 713 1226 xviii.
750 1187 924 1236 narrat,
961 1179 1212 1241 quomodo
1250 1180 1462 1242 apostoli
1498 1180 1818 1242 quaesierunt,
1856 1179 1964 1241 quis
2000 1179 2060 1227 sit
2095 1178 2252 1242 maj01·
2284 1178 2337 1225 in

588 1274 740 1322 regno
777 1260 1024 1307 coelorum
1037 1276 1050 1318 3
1101 1267 1148 1306 et
1182 1260 1294 1322 quia
1329 1261 1419 1308 ista
1455 1261 1673 1322 quaestio
1697 1260 1932 1322 quaesivit
1954 1259 2111 1317 tacite,
2137 1259 2244 1322 quis
2276 1259 2336 1306 sit

587 1343 743 1404 major
780 1342 831 1388 in
872 1341 1077 1389 ecclesia
1118 1341 1348 1388 militante
1389 1350 1436 1388 et
1473 1349 1824 1403 consequenter
1858 1341 2045 1388 futurus
2087 1341 2244 1403 maJor
2283 1340 2335 1387 in

587 1423 791 1470 ecclesia
816 1423 1156 1484 triumphante,
1184 1438 1295 1470 cum
1318 1425 1576 1485 ut‘rumque
1599 1430 1798 1470 vocatur
1829 1437 2037 1484 regnum
2070 1421 2335 1480 coelorum,

588 1502 806 1551 Christus
839 1504 1113 1569 praesciens
1147 1504 1478 1551 antichristum
1499 1503 1721 1551 'futurum
1755 1502 2030 1566 respondit²
2060 1511 2162 1551 tam
2185 1503 2333 1551 verbo

587 1599 735 1647 quam
770 1599 917 1646 opere
931 1600 944 1643 3
997 1585 1158 1632 statuit
1195 1585 1325 1632 enim
1360 1586 1611 1647 parvulum
1645 1586 1695 1632 in
1730 1585 1893 1633 medio
1929 1600 2099 1633 eorum
2136 1592 2184 1632 et
2219 1584 2334 1633 sub-

583 1666 754 1727 junxit,
793 1669 805 1690 ‘
821 1666 912 1713 nisi
949 1667 1168 1713 conversi
1208 1665 1390 1715 fueritis
1431 1675 1478 1714 et
1521 1667 1793 1715 efficiamini
1835 1668 1957 1715 sicut
1995 1666 2192 1730 parvuli,
2229 1679 2333 1714 non

587 1747 819 1795 intrabitis
844 1748 894 1794 in
914 1762 1118 1809 regnum
1143 1747 1424 1796 coelorum.'
1483 1748 1560 1796 Ex
1584 1764 1682 1812 qua
1704 1749 1814 1807 fide,
1841 1763 1954 1797 cum
1977 1748 2072 1797 fide
2096 1747 2336 1810 evangelii

589 1827 821 1876 Matthaei
856 1844 934 1875 xx,
972 1836 1018 1876 et
1053 1827 1215 1876 Lucae
1252 1829 1379 1888 xxii„
1417 1837 1547 1892 patet
1582 1831 1688 1879 luce
1724 1831 1908 1888 clariuS,
1943 1828 2078 1892 quod
2114 1828 2333 1877 diffinitio

591 1909 767 1957 Christi
801 1918 887 1966 est,
912 1917 965 1956 ut
997 1911 1299 1972 quicunque³
1323 1912 1404 1973 qui
1436 1919 1509 1959 est
1541 1912 1777 1970 humilior,
1808 1912 2040 1960 ecclesiae
2073 1910 2335 1959 servitivior

588 1999 635 2039 et
658 1992 708 2038 in
728 2005 892 2038 amore
913 1990 1088 2038 Christi
1107 1992 1271 2053 quoad
1296 2007 1434 2040 suam
1459 1993 1710 2040 ecclesiam
1736 1988 2012 2051 amantior4,
2031 1991 2108 2040 ille
2132 1991 2333 2053 inquam

587 2073 638 2119 in
678 2072 881 2119 ecclesia
921 2072 1151 2120 militante
1193 2073 1287 2120 est5
1328 2075 1483 2136 maj0r
1523 2081 1571 2121 et
1616 2075 1867 2136 proximus
1908 2072 2087 2122 Christi
2130 2073 2335 2121 vicarius

588 2153 899 2215 reputandus.
995 2153 1095 2200 Ista
1149 2162 1311 2202 autem
1373 2156 1469 2203 duo
1529 2163 1747 2203 monstra
1799 2155 2030 2203 ecclesiae
2087 2154 2332 2202 militantis

590 2235 778 2282 astruo⁶
813 2234 977 2297 quoad
1017 2235 1124 2283 illos
1165 2236 1345 2283 nullam
1379 2237 1523 2283 trium
1560 2236 1906 2292 conditionum,
1943 2251 2069 2298 quae
2105 2234 2333 2284 diffinitae

590 2324 702 2364 sunt
734 2331 763 2363 a
796 2315 1003 2374 Christo,
1027 2317 1340 2379 participant3
1378 2319 1491 2381 quia
1515 2319 1554 2366 si
1579 2325 1741 2366 essent
1763 2317 2032 2376 humillimi,
2055 2325 2332 2380 reputarent

590 2413 642 2446 se
666 2398 852 2461 positos
884 2399 934 2445 in
967 2398 1077 2445 loco
1110 2399 1390 2457 novissime,
1416 2414 1529 2447 cum
1552 2399 1716 2447 Lucae
1740 2400 1832 2447 xiv,
1857 2398 2088 2462 praecipit
2112 2397 2333 2447 Christus

588 2479 888 2542 generaliter,
912 2488 1113 2527 vocatos
1145 2481 1195 2527 in
1227 2482 1419 2543 nuptias
1449 2481 1500 2528 in
1533 2496 1619 2528 sua
1650 2481 1952 2543 reputatione
1985 2480 2036 2527 in
2066 2480 2333 2528 novissimo

586 2562 696 2608 loco
721 2561 1014 2608 recumbere.
1087 2560 1183 2608 Sed
1206 2562 1294 2608 iste
1320 2561 1622 2609 antichristus
1645 2569 1882 2624 repugnat
1913 2560 2334 2623 contemptibiliter

587 2643 663 2690 isti
686 2641 794 2704 legi,
815 2657 927 2690 cum
950 2657 1077 2690 unus
1102 2642 1215 2690 dicit
1239 2658 1290 2690 se
1314 2643 1645 2691 beatissimum
1668 2650 1812 2705 caput
1835 2642 2065 2691 ecclesiae
2088 2642 2334 2691 militantis

587 2732 635 2771 et
670 2723 870 2772 alterum
905 2724 1219 2786 praecipuum
1253 2725 1527 2771 membrum
1559 2724 1763 2783 diaboli;
1813 2732 1860 2772 et
1891 2724 2074 2787 reliqua
2107 2724 2333 2772 meretrix

587 2804 887 2852 contendens
913 2812 1081 2852 contra
1102 2804 1446 2852 Salomonem⁷
1470 2813 1689 2854 nostrum
1715 2804 1961 2854 Christum
1985 2805 2189 2853 affirmat
2212 2820 2333 2854 con-

586 2887 799 2934 trarium.
861 2885 923 2934 Et
946 2901 1035 2948 pro
1061 2886 1274 2948 partibus
1293 2886 1391 2935 suis
1414 2875 1653 2949 majorem
1677 2894 1863 2950 partem
1887 2887 2116 2936 ecclesiae
2139 2894 2333 2936 nostrae

587 2967 818 3016 occiduae
855 2975 1167 3015 commovent
1202 2975 1249 3014 et
1284 2969 1563 3030 perturbant
1597 2970 1648 3016 in
1682 2977 1883 3027 tantum,
1920 2968 2056 3031 quod
2088 2983 2215 3017 unus
2249 2983 2333 3017 ex-

640 3089 655 3112 1
684 3087 794 3140 tum]
820 3100 926 3135 cum,
947 3089 1079 3129 a.b.C.
1261 3088 1277 3112 ²
1304 3088 1533 3142 respondit]
1555 3089 1785 3141 respondet,
1805 3088 1854 3129 C.
2036 3087 2053 3111 ⁸
2080 3087 2330 3142 quicunque]

587 3142 770 3194 quilibet,
791 3144 837 3181 C.
1054 3143 1069 3165 4
1096 3143 1319 3194 amantior]
1339 3143 1595 3189 amantivior,
1614 3157 1651 3182 a.
1875 3142 1892 3166 ⁵
1917 3142 1998 3195 est]
2019 3142 2079 3183 sic
2095 3143 2190 3182 libri
2210 3142 2331 3183 MSS.

587 3197 603 3220 ⁶
632 3196 892 3236 Vocabulum
912 3201 1008 3248 post
1021 3201 1030 3218 ‘
1044 3197 1270 3236 militantis'
1289 3197 1332 3236 in
1349 3197 1465 3237 libris
1483 3210 1608 3237 manu
1626 3196 1787 3250 scriptis
1805 3197 1988 3250 positum
2005 3202 2129 3249 atque
2146 3196 2331 3237 difficilli-

586 3263 700 3289 mum
718 3250 826 3290 lectu
846 3250 953 3290 hanc
971 3250 1096 3291 habet
1116 3251 1293 3303 speeiem
1309 3265 1318 3290 :
1347 3265 1478 3291 asceno
1493 3251 1569 3303 (a.)
1583 3252 1667 3291 sive
1686 3264 1817 3290 asceuo
1838 3251 1932 3303 (A.)
1953 3251 2037 3291 sive
2054 3259 2180 3290 asteuo
2201 3250 2331 3303 (C.b.)

587 3302 898 3355 Conji‘ciendum
926 3305 1179 3344 censuimus:
1221 3314 1364 3351 astruo,
1394 3306 1504 3357 quod
1530 3306 1700 3346 verbum
1727 3306 1838 3358 apud
1864 3306 2013 3344 Bedam
2038 3304 2222 3357 aliosque
2252 3317 2332 3357 pro

586 3359 735 3398 verbo:
772 3358 970 3411 affirmare
996 3360 1180 3399 usitatur.
1238 3359 1376 3400 Verba
1397 3366 1406 3381 ‘
1420 3365 1560 3399 astruo
1588 3359 1724 3411 quoad
1741 3359 1856 3399 illos’
1875 3359 1919 3399 in
1945 3359 2176 3412 parenthesi
2194 3358 2332 3412 posita

588 3411 818 3464 significant
857 3418 1078 3460 auctorem,
1112 3414 1223 3465 quod
1259 3415 1313 3453 ad
1355 3418 1571 3466 utrumque
1607 3426 1757 3466 papam
1795 3413 1955 3460 attinet,
1991 3413 2191 3453 affirmare
2227 3423 2332 3465 quae

587 3472 820 3518 sequuntur.
877 3468 1031 3507 Verum
1052 3469 1085 3507 si
1113 3468 1308 3508 deleveris
1327 3469 1450 3508 verba
1470 3474 1479 3489 ⁵
1494 3473 1633 3508 astruo
1653 3468 1788 3520 quoad
1805 3468 1924 3514 illos,'
1942 3467 2046 3507 nihil
2063 3467 2204 3507 deesse
2221 3467 2330 3507 vide-

556 3556 559 3577 ⁵
586 3520 708 3566 bitur,
725 3521 861 3561 omnia
876 3522 1140 3573 quadi-abunt.
1224 3522 1239 3545 ⁷
1267 3521 1549 3575 Salomonem]
1564 3521 1819 3570 salvatorem,
1835 3522 1885 3563 C.
1901 3536 1910 3568 ;
1931 3521 1981 3562 cf.
1999 3532 2016 3560 1
2034 3521 2136 3574 Reg.
2147 3520 2218 3568 iii„
2232 3532 2316 3572 ssq.
