2496 4108
137 454 276 490 etms.
736 433 1320 484 TRIALOGUS.
2033 437 2136 495 259

137 583 313 618 namus
347 584 481 632 erg0,
509 569 642 632 quod
677 570 799 617 inter
834 583 1007 617 omnes
1043 584 1215 618 sensus
1251 571 1564 628 extrinseCOS‚
1599 585 1725 633 quos
1751 570 1887 619 Deus
1949 579 2174 620 seen—“umm-

136 651 222 700 ‘dat
243 650 446 710 homini,
471 658 626 699 tactus
651 658 698 699 et
721 657 890 714 gustus
915 657 1026 698 sunt
1049 651 1099 697 in
1126 651 1223 699 suis
1244 651 1436 714 judiciis
1461 652 1617 714 magis
1643 652 1772 710 certi,
1801 652 1888 700 sed
1947 616 2180 713 ἓῇἓέἐὲἐὲξῖι

134 731 243 782 illos
267 747 437 781 sensus
461 732 673 781 haeresis
698 733 787 780 ista
811 731 1129 780 confunderet
1154 732 1257 780 sine
1282 747 1442 790 causa,
1471 733 1594 781 foret
1624 750 1742 797 ergo
1767 733 1888 783 anti·
1944 720 2181 816 {ffiffiffisnge’

136 813 451 863 christianum
497 821 853 862 sacramentum
901 813 1035 876 quod
1087 814 1212 862 istud
1259 814 1450 879 fac-eret.
1545 815 1677 863 Nam
1724 815 1889 879 quoad

135 900 319 954 tactum,
362 895 424 944 de
464 901 745 943 sacramento
777 895 945 958 panis¹
988 903 1121 958 patet
1169 897 1502 958 experimento
1552 896 1712 946 certo²
1754 896 1889 960 quod

135 977 404 1026 haereticus
443 992 546 1026 non
581 978 792 1040 negabit,
830 977 964 1040 quod
999 978 1087 1026 iste
1128 979 1270 1040 panis
1308 987 1536 1038 sacratuS,
1574 980 1716 1028 dum⁸
1753 979 1892 1029 fuerit

114 1058 289 1123 =pistus
320 1059 520 1117 noviter,
547 1059 798 1122 dispariter
831 1059 1076 1122 frangitur,
1105 1067 1158 1107 ut
1190 1067 1322 1122 patet
1356 1060 1416 1108 de
1449 1058 1813 1123 frangibilitate4
1845 1068 1893 1109 et

137 1144 264 1190 sono
286 1140 338 1188 in
362 1141 728 1204 comparatione
754 1140 816 1189 ad
840 1156 1020 1204 panem
1045 1141 1311 1203 antiquum,
1338 1150 1386 1189 et
1410 1143 1679 1204 specialiter
1702 1143 1753 1190 in
1778 1158 1892 1190 aura

136 1220 340 1271 humida
378 1222 609 1270 tenaciter
649 1222 1008 1270 adhaerentem.
1082 1222 1180 1270 Sed
1220 1223 1333 1271 talia
1370 1223 1653 1282 accidentia,
1692 1224 1887 1273 durities

137 1303 361 1352 mollities
395 1303 653 1367 fragilitas⁵
685 1312 734 1352 et
765 1305 1012 1363 tenacitas,
1037 1320 1128 1353 nec
1152 1313 1359 1367 possunt
1391 1321 1480 1368 per
1513 1321 1565 1354 se
1591 1321 1699 1355 esse
1724 1321 1815 1355 nec
1839 1307 1891 1354 in

136 1385 242 1435 aliis
265 1384 595 1434 accidentibus
628 1386 898 1449 subjectari,
924 1401 1043 1448 ergo
1076 1386 1355 1449 relinquitur
1379 1386 1512 1449 quod
1535 1387 1595 1435 sit
1620 1388 1892 1451 subjectum

135 1466 350 1530 aliquod,
385 1475 438 1515 ut
472 1468 613 1530 panis
648 1468 724 1515 vel
759 1467 910 1516 aliud⁶
945 1468 1066 1516 haec
1105 1468 1392 1531 subjectans,
1466 1468 1594 1517 Cum
1629 1469 1760 1517 enim
1795 1469 1893 1518 hoc

138 1556 496 1598 sacramentum
541 1565 747 1598 manens
793 1550 925 1598 idem
974 1551 1202 1598 continue
1243 1566 1374 1598 nunc
1422 1559 1495 1599 est
1543 1551 1716 1600 durum
1759 1568 1890 1600 nunc

137 1631 301 1691 molle,
325 1646 458 1679 nunc
489 1629 769 1695 frangibile⁷
802 1639 850 1679 et
873 1646 1005 1679 nunc
1040 1639 1201 1690 tenaX‚
1238 1639 1370 1694 patet
1405 1632 1722 1695 philosophis,
1757 1634 1892 1696 quod

138 1720 328 1776 praeter
351 1712 602 1775 qualitates
626 1721 851 1776 quattuor
869 1720 1062 1776 oportet
1086 1713 1200 1761 dare
1228 1714 1499 1776 subjectum
1525 1714 1736 1777 aliquod,
1757 1716 1893 1778 quod

136 1794 191 1842 ‘in
214 1793 305 1843 illis
336 1794 491 1843 taliter
522 1801 880 1853 transmutatur,
906 1795 1020 1857 quia
1052 1794 1186 1842 aliter
1217 1802 1461 1857 oporteret
1491 1810 1669 1858 negare
1695 1796 1893 1846 distine-
1916 1805 1920 1808 ⁴

137 1879 322 1928 tionem
366 1878 534 1928 talium
581 1879 919 1937 accidentium,
963 1879 1039 1926 vel
1086 1877 1220 1941 quod
1265 1879 1318 1926 in
1363 1879 1444 1926 tali
1491 1879 1894 1927 transmutatione

134 1968 497 2011 sacramentum
531 1975 714 2009 novum
749 1961 978 2008 continue
1015 1968 1086 2009 est
1123 1968 1365 2020 creatum3
1420 1961 1555 2023 quod
1597 1962 1636 2009 si
1683 1961 1895 2023 primum

139 2043 292 2102 deun,
314 2050 430 2092 tunc
462 2043 649 2092 nullum
680 2042 905 2091 accidens
941 2043 1245 2106 distinguitur
1279 2059 1308 2091 a
1343 2042 1576 2090 materiali
1613 2043 1892 2101 substantia,

135 2132 186 2173 et
211 2139 324 2173 cum
346 2132 546 2173 manent
570 2124 851 2183 accidentia,
877 2124 956 2173 illa
979 2123 1139 2173 forent
1171 2124 1430 2173 materialis
1463 2125 1743 2183 substantia,
1771 2124 1892 2173 sicut

137 2206 312 2270 primo.
385 2204 610 2254 Similiter
639 2207 691 2254 in
713 2211 997 2254 sacramento
1028 2207 1190 2254 calicis
1213 2206 1377 2269 quoad
1402 2222 1601 2255 sensum
1623 2212 1796 2269 gustus
1820 2214 1892 2254 est
1948 2219 2047 2248 Gustu
2061 2226 2134 2280 3³52-

137 2287 310 2337 eadem
333 2287 670 2347 consideratiO,
695 2302 807 2336 cum
830 2295 992 2350 potest
1016 2289 1311 2351 contingere,
1338 2289 1470 2351 quod
1489 2290 1654 2336 vinum
1679 2288 1890 2337 existens
1948 2286 2162 2349 {0-⁶¹¹³V{,¹;⁰¹¹¹
2187 2285 2211 2319 Ξ

138 2369 189 2418 in
206 2369 447 2433 principio
472 2369 612 2418 dulce
637 2377 685 2417 et
709 2369 932 2432 sapidum
951 2385 1038 2432 per
1057 2371 1479 2418 conservationem
1503 2370 1554 2417 in
1572 2386 1685 2418 vase
1711 2370 1889 2418 diutur-
1949 2354 2213 2451 Ξξαῖῗῧῖἶιῖῗω

140 2467 270 2510 nam,
297 2451 420 2500 foret
444 2466 610 2500 acrum
634 2459 682 2499 et
705 2453 908 2499 omnino
933 2452 1211 2514 insipidum.
1282 2452 1346 2500 Et
1370 2461 1606 2515 quantum
1631 2467 1723 2500 nos
1747 2458 1894 2514 gustu
2025 2442 2033 2451 ”

138 2535 215 2584 vel
246 2535 432 2583 ratione
468 2548 729 2596 possumus
757 2534 987 2596 judicare,
1022 2541 1213 2596 oportet
1245 2534 1359 2582 dare
1393 2534 1590 2596 aliquod
1623 2534 1894 2596 subjectum

139 2616 274 2680 quod
313 2616 366 2664 in
406 2615 496 2664 illis
536 2615 841 2678 qualitatibus
888 2623 1229 2662 transmutetur
1238 2615 1269 2662 ⁸.
1357 2614 1616 2673 Quantitas
1657 2616 1802 2673 enim,
1843 2622 1896 2662 ut

140 2697 444 2763 profunditas
476 2696 552 2745 vel
594 2696 887 2759 superficies,
923 2711 1025 2744 non
1061 2697 1230 2759 recipit
1272 2697 1693 2744 denominationes
1731 2696 1897 2759 hujus-

139 2780 278 2830 modi
317 2779 613 2843 qualitatum,
651 2794 763 2827 cum
800 2787 915 2826 tunc
951 2780 1001 2825 in
1036 2779 1170 2825 omni
1206 2793 1411 2841 corpore
1446 2778 1654 2827 habente
1687 2779 1898 2841 longitu-

140 2861 309 2912 dinem
339 2861 640 2910 latitudinem
673 2868 719 2908 et
743 2860 1120 2923 profunditatem
1145 2860 1269 2908 foret
1299 2861 1540 2924 quantitas
1573 2861 1726 2908 taliter
1749 2860 1897 2908 infor·
1945 2880 1950 2885 “

142 2950 290 2992 mata.
362 2942 572 3006 Oportet
594 2957 714 3005 ergo
738 2949 927 3005 praeter
951 2942 1270 3005 quantitatem
1304 2942 1418 2990 dare
1450 2942 1736 3004 subjectum,
1763 2942 1899 3004 quod

147 3039 236 3089 per
258 3024 510 3088 qualitates
533 3023 812 3087 hujusmodi
836 3023 1071 3082 alteretur,
1100 3039 1212 3072 curn
1246 3024 1473 3072 continue
1507 3024 1567 3072 sit
1593 3038 1720 3071 nova
1744 3038 1900 3086 quan-

146 3106 259 3156 titas
282 3105 540 3155 rarefacta⁹
557 3105 636 3154 vel
656 3105 872 3154 densata.

215 3187 314 3238 Sed
360 3187 473 3252 quia
518 3187 569 3236 in
615 3187 706 3235 ista
751 3187 952 3236 materia
999 3187 1306 3250 multiplicavi
1352 3187 1470 3235 alias
1511 3194 1810 3249 argumenta,
1854 3194 1902 3235 et

202 3351 214 3376 ¹
245 3352 364 3406 panis
405 3365 488 3394 om.
509 3353 572 3394 ed.
593 3366 654 3406 pr.
865 3353 881 3376 ²
909 3352 1041 3404 certo]
1063 3365 1147 3392 om.
1169 3351 1324 3392 A.B.C.
1530 3350 1546 3373 ⁸
1574 3349 1693 3402 dum]
1714 3361 1823 3396 cum,
1844 3350 1901 3390 D.

147 3405 164 3431 ⁴
190 3405 366 3460 frangibi
383 3407 503 3460 itate]
526 3406 760 3460 fragilitate,
780 3407 834 3447 A.
856 3407 1058 3448 secundae
1077 3419 1235 3446 manus.
1470 3405 1486 3428 ⁶
1512 3403 1732 3457 fragilitas]
1754 3403 1904 3456 frangi-

147 3458 298 3508 bilitas,
317 3461 382 3502 ed.
402 3475 464 3515 pr.
683 3462 700 3485 ⁶
727 3461 859 3514 aliud]
881 3461 1048 3514 aliquid,
1069 3461 1223 3500 A.B.C.
1244 3459 1306 3499 ed.
1327 3471 1388 3511 pr.
1622 3458 1638 3482 ⁷
1666 3457 1901 3511 frangibile]

147 3514 303 3568 fragile,
323 3515 378 3556 A.
562 3516 578 3539 ⁸
606 3516 917 3568 transmutetur]
935 3520 1241 3559 transmutatur,
1263 3513 1418 3553 A.B.C.
1640 3513 1656 3536 ⁹
1686 3512 1903 3566 rarefacta]

148 3568 346 3611 rarefacta
364 3570 606 3618 substantia,
627 3571 689 3618 C„
711 3571 780 3619 D„
802 3571 847 3610 Β.
868 3570 1025 3623 primae
1045 3582 1201 3614 manus,
1222 3567 1284 3608 ed.
1306 3580 1366 3619 pr.

992 3653 1015 3686 S
1047 3655 1070 3685 2
