2424 4120
1013 454 1435 517 JOANNIS
1506 454 1859 504 WICLIF
2145 471 2304 500 LIB.1v.

629 588 797 636 Tertio
840 594 1001 634 autem
1043 587 1291 649 apostolus
1331 588 1487 650 prima
1529 588 1591 636 ad
1633 587 1853 635 Thessal.
1891 594 2059 649 quarto
2099 592 2299 634 testatur

560 670 766 718 eandem
791 668 937 714 fidem
962 668 1250 716 catholicam
1276 670 1365 716 sub
1388 668 1463 716 his
1487 670 1666 717 verbis:
1713 673 1723 693 ‘
1740 667 1984 716 Nolumus
2012 682 2099 715 vos
2131 666 2300 714 fratres

559 752 782 812 ignorare
815 749 875 796 de
909 748 1272 808 dormientibus,
1304 758 1356 797 ut
1388 765 1490 797 non
1523 749 1869 797 contristemini
1893 749 2016 798 sicut
2048 747 2192 796 ceteri
2215 746 2302 809 qui

561 845 698 892 spem
731 845 833 877 non
865 829 1058 878 habent.
1131 830 1181 878 Si
1214 832 1346 879 enim
1378 831 1617 879 credimus
1642 830 1775 893 quod
1806 830 1947 894 Jesus
1979 836 2198 877 mortuus
2229 835 2301 876 est

560 919 605 958 et
637 911 904 968 resurrexit,
930 912 996 958 ita
1020 919 1067 958 et
1092 910 1227 959 Deus
1252 927 1338 960 eos
1362 913 1443 974 qui
1468 913 1765 960 dormierunt
1789 927 1874 975 per
1896 911 2066 975 Jesum
2094 908 2301 957 adducet

559 1007 672 1040 cum
696 1006 770 1039 eo.
842 991 958 1039 Hoc
995 993 1124 1039 enim
1154 994 1290 1040 vobis
1327 993 1530 1041 dicimus
1565 995 1616 1041 in
1651 995 1801 1041 verbo
1825 992 2044 1049 Domini,
2070 990 2184 1052 quia
2208 1003 2301 1037 nos

516 1083 521 1086 ·
560 1074 643 1135 qui
676 1073 889 1131 vivimus,
927 1073 1035 1135 qui1
1067 1073 1243 1121 residui
1280 1089 1445 1123 sumus
1477 1075 1526 1121 in
1559 1075 1767 1122 adventu
1789 1073 2004 1130 Domini,
2029 1086 2133 1120 non
2163 1085 2303 1134 prae-

559 1155 807 1202 veniemus
841 1169 928 1202 eos
964 1156 1046 1217 qui
1083 1155 1391 1214 dormierunt,
1417 1156 1648 1218 quoniam
1682 1157 1784 1217 ipse
1809 1155 2051 1204 Dominus
2085 1155 2137 1202 in
2167 1154 2304 1221 jussu

561 1244 608 1283 et
643 1235 719 1282 in2
752 1251 872 1283 voce
914 1236 1186 1297 archangeli
1224 1244 1282 1300 et
1311 1236 1360 1283 in
1394 1238 1510 1284 tuba
1544 1236 1638 1284 Dei
1674 1236 1935 1284 descendet
1970 1237 2031 1284 de
2067 1237 2221 1295 coelo,
2257 1243 2306 1283 et

561 1318 739 1364 mortui
763 1317 845 1379 qui
870 1317 919 1363 in
945 1316 1137 1364 Christo
1163 1325 1288 1375 sunt,
1313 1326 1564 1380 resurgent
1587 1318 1741 1379 primi,
1768 1317 1942 1366 deinde
1967 1333 2060 1366 nos
2083 1318 2167 1381 qui
2190 1317 2304 1365 vivi-

563 1414 684 1456 mus,
706 1399 787 1461 qui
806 1399 1132 1461 relinquimur,
1153 1398 1292 1446 simul
1311 1400 1552 1461 rapiemur
1577 1414 1687 1446 cum
1706 1399 1791 1446 illis
1810 1400 1861 1445 in
1878 1400 2088 1447 nubibus
2107 1399 2302 1447 obviam

565 1479 757 1527 Christo
781 1480 832 1526 in
862 1485 985 1537 aera,
1011 1488 1058 1527 et
1090 1480 1158 1527 sic
1192 1495 1383 1542 semper
1416 1496 1528 1527 cum
1551 1480 1769 1527 Domino
1801 1481 2032 1528 erimus³.'
2101 1480 2166 1528 Et
2195 1480 2308 1528 talia

565 1568 674 1608 sunt
706 1561 857 1608 multa
880 1562 1157 1608 testimonia
1180 1562 1458 1623 evangelica
1481 1578 1542 1610 ex
1565 1562 1672 1624 lege
1696 1570 1796 1610 tam
1819 1577 1947 1610 nova
1970 1577 2118 1625 quam
2141 1561 2302 1619 veteri,

565 1658 689 1704 quae
714 1641 921 1689 eandem
956 1642 1103 1690 fidem
1129 1643 1417 1691 catholicam
1442 1651 1786 1691 contestantur.

632 1723 913 1772 Concordat
949 1732 1110 1771 autem
1145 1726 1266 1771 ratio
1307 1725 1406 1772 istis
1449 1724 1586 1772 dictis
1626 1733 1724 1772 tam
1763 1739 1824 1772 ex
1865 1731 2000 1786 parte
2035 1723 2309 1786 praemian-

565 1805 738 1853 dorum
762 1820 910 1867 quam
934 1821 995 1852 ex
1019 1813 1154 1867 parte
1178 1805 1378 1853 Domini
1411 1806 1735 1867 praemiantis.
1807 1805 1938 1854 Nam
1969 1806 2090 1854 sicut
2114 1806 2308 1855 asserit4

565 1886 831 1933 Aristoteles
866 1894 912 1933 et
946 1890 1117 1933 veritas
1155 1894 1463 1944 contestatur,
1499 1887 1635 1933 multi
1669 1887 1866 1934 virtuosi
1903 1894 1951 1934 et
1985 1886 2139 1935 sancti
2178 1887 2309 1935 occi-

567 1967 743 2014 duntur
783 1982 872 2028 pro
914 1968 1108 2014 veritate
1151 1967 1399 2025 catholica,
1441 1983 1560 2029 ergo
1603 1968 1812 2030 aliquam
1853 1967 2131 2016 mercedem
2171 1967 2308 2016 Deus

562 2049 719 2111 justus
744 2049 812 2095 eis
837 2048 1076 2105 retribuet,
1103 2048 1189 2095 sed
1213 2063 1315 2095 non
1339 2049 1390 2094 in
1413 2047 1504 2095 hac
1528 2049 1636 2106 vita,
1664 2064 1776 2096 cum
1809 2049 2038 2096 continue
2062 2049 2225 2097 vivunt
2257 2050 2309 2096 in

567 2129 857 2192 poenalitate
905 2137 951 2175 et
998 2129 1149 2176 etiam
1189 2144 1342 2191 usque
1389 2129 1453 2176 ad
1493 2137 1701 2177 mortem
1742 2129 2009 2192 poenaliter
2048 2131 2308 2192 patiuntur,

567 2225 683 2272 ergo
726 2209 1005 2271 relinquitur
1046 2210 1114 2257 eis
1156 2210 1478 2258 remuneratio
1516 2217 1629 2272 post
1668 2210 1796 2259 hanc
1838 2212 1998 2259 vitam.
2068 2211 2131 2259 Et
2168 2211 2311 2260 istam

564 2291 800 2338 rationem
857 2290 1073 2337 fecerunt
1127 2290 1394 2337 Arzlrloteles
1451 2298 1497 2337 et
1550 2298 1744 2339 sanctus
1791 2292 2053 2353 apostolus,
2100 2307 2163 2340 ex
2210 2308 2312 2355 quo

566 2370 837 2419 deducunt⁵
872 2371 1152 2433 specialiter,
1189 2371 1323 2433 quod
1358 2371 1471 2418 mali
1508 2380 1760 2434 resurgent
1796 2387 1886 2434 pro
1929 2373 2030 2420 suis
2067 2373 2312 2423 demeritis

565 2452 813 2514 puniendi,
841 2467 953 2499 cum
979 2452 1041 2499 ab
1073 2453 1367 2514 experientia
1399 2453 1648 2500 communi
1681 2453 1993 2511 convincitur,
2019 2455 2154 2517 quod
2175 2455 2314 2507 multi

566 2549 652 2596 per
675 2541 829 2580 totam
859 2532 986 2579 hanc
1011 2533 1157 2580 vitam
1189 2534 1351 2580 vivunt
1382 2533 1432 2580 in
1464 2534 1787 2596 voluptatibus
1810 2535 1990 2583 vitiosis
2004 2551 2017 2595 ;
2067 2536 2154 2584 sed
2176 2535 2313 2585 Deus

565 2622 636 2662 est
677 2613 949 2661 necessario
992 2621 1038 2660 et
1078 2614 1406 2661 universaliter
1448 2630 1631 2677 aequus
1668 2615 1834 2677 judex,
1871 2630 1990 2678 ergo
2031 2616 2312 2680 relinquitur

566 2694 699 2757 quod
728 2694 863 2741 Deus
899 2695 1064 2756 puniet
1099 2703 1302 2756 peccata
1336 2696 1488 2743 taliter
1523 2705 1841 2755 mortuorum,
1879 2697 1967 2746 sed
2001 2712 2102 2746 non
2136 2699 2188 2746 in
2221 2699 2314 2748 hac

566 2777 673 2833 vita,
711 2776 825 2837 quia
859 2775 933 2822 vel
968 2776 1130 2823 vivunt
1167 2776 1334 2824 vitiose
1378 2777 1605 2825 continue
1640 2778 1715 2824 vel
1749 2778 1799 2824 in
1840 2778 1937 2826 fine
1974 2777 2316 2827 involuntarie⁶

566 2858 841 2919 puniuntur.
912 2856 1030 2904 Non
1067 2872 1184 2919 ergo
1222 2865 1420 2920 propter
1454 2858 1550 2906 hoc
1587 2858 1720 2921 quod
1754 2860 2044 2920 peccantxin
2078 2859 2171 2909 hac
2205 2861 2314 2919 vita,

569 2937 655 2985 sed
693 2945 890 2999 propter
926 2937 1022 2985 hoc
1064 2938 1199 3000 quod
1240 2939 1290 2985 in
1332 2939 1427 2986 fine
1469 2947 1723 3001 apponunt
1762 2940 1948 2988 nodum
1988 2941 2316 3004 blasphemiae

569 3034 713 3081 super
735 3026 936 3080 peccata
961 3033 1048 3066 sua
1070 3019 1338 3080 praeterita,
1363 3027 1550 3067 tantum
1573 3028 1625 3067 ut
1645 3021 1827 3082 justitia
1859 3021 2006 3083 exigit
2037 3023 2318 3084 puniuntur.

571 3099 779 3161 Oportet
804 3114 923 3161 ergo
948 3100 1082 3161 quod
1106 3108 1218 3161 post
1241 3101 1642 3148 resurrectionem
1665 3101 1716 3147 in
1739 3102 1834 3148 vita
1858 3101 1948 3149 alia
1973 3103 2067 3150 sint
2090 3103 2242 3165 puniti
2251 3104 2283 3151 ⁷.

637 3179 731 3228 Ex
752 3186 899 3242 parte·
925 3188 1087 3228 autem
1111 3179 1211 3227 Dei
1236 3181 1366 3229 idem
1400 3181 1663 3240 deducitur,
1689 3197 1800 3229 cum
1825 3181 1960 3230 Deus
1986 3184 2045 3231 sit
2076 3183 2315 3232 infinitum

625 3349 639 3373 ¹
669 3349 756 3401 qui]
779 3362 861 3389 om.
883 3349 944 3389 ed.
966 3362 1026 3401 pr.
1315 3349 1330 3372 ²
1357 3348 1419 3402 in]
1442 3362 1524 3389 om.
1545 3350 1607 3389 ed.
1628 3364 1689 3403 pr.
1977 3352 1993 3375 ³
2019 3357 2060 3392 et
2079 3352 2138 3392 sic
2156 3365 2315 3406 semper

572 3415 666 3441 curn
695 3403 879 3443 Domino
907 3402 1076 3455 erimus]
1107 3416 1189 3442 om.
1220 3403 1324 3443 A.C.
1578 3403 1595 3426 ⁴
1621 3405 1784 3457 asserit]
1814 3406 1997 3452 assumit,
2027 3406 2130 3446 A.B.
2159 3407 2316 3459 primae

571 3468 728 3502 manus,
749 3457 811 3496 ed.
832 3470 894 3509 pr.
1045 3457 1061 3480 ⁵
1089 3470 1138 3496 ex
1157 3469 1237 3508 quo
1257 3457 1480 3508 deducunt]
1503 3458 1760 3504 Aristoteles,
1781 3472 1875 3499 cum
1894 3473 1943 3500 ex
1961 3459 2042 3500 hoc
2059 3460 2235 3507 deducit,
2257 3462 2311 3501 D.

572 3509 587 3530 ⁶
597 3510 903 3600 dinvoluntarie]
924 3512 965 3550 in
984 3510 1206 3557 voluntate,
1225 3511 1379 3551 A.B.C.
1400 3511 1555 3563 primae
1574 3524 1729 3552 manus.
1892 3513 1908 3536 ⁷
1935 3513 2088 3566 puniti]
2107 3515 2314 3567 puniendi,

573 3574 595 3600 e
628 3594 633 3600 .
654 3577 714 3614 pr.
