2496 4108
372 453 474 504 252
1070 429 1492 494 JOANNIS
1560 431 1910 479 WICLIF
2209 449 2364 479 1.113.1v.

607 567 731 614 foret
773 564 1057 613 omnimode
1100 565 1245 613 nimis
1284 565 1440 623 stulta,
1476 573 1579 612 tum
1625 565 1769 612 etiam
1812 567 1926 628 quia
1966 565 2187 614 Christus
2228 563 2365 612 aliter

606 649 749 695 nimis
780 647 996 694 illuderet
1029 663 1143 694 suae
1177 647 1436 707 ecclesiae;
1486 655 1533 694 et
1566 648 1655 696 ista
1689 649 1810 695 ratio
1845 648 1905 695 de
1942 647 2359 695 demonstratione

607 729 912 790 pronominis
939 729 1073 776 daret
1099 728 1320 776 fidelibus
1346 729 1542 790 plenam
1569 731 1730 778 fidem.

674 809 798 857 Item
835 809 1247 857 demonstratione
1289 811 1546 858 verborum
1588 811 1766 860 Christi
1807 810 2075 859 ostenditur
2116 809 2234 858 illud
2271 823 2363 872 per

607 891 741 953 quod
777 891 1006 952 apostolis
1043 892 1289 953 pertinens
1325 893 1493 940 notitia
1515 894 1792 955 gigneretur
1809 907 1823 951 ;
1876 892 1962 940 sed
1997 891 2094 939 hoc
2131 905 2233 938 non
2269 897 2363 938 stat

607 988 718 1019 cum
754 971 864 1031 hoc,
890 973 1024 1034 quod
1059 973 1188 1020 nude
1225 988 1404 1035 corpus
1431 973 1608 1022 Christi
1631 975 1680 1021 in
1717 981 1888 1021 natura
1923 973 2120 1036 propria
2157 971 2362 1019 demon-

607 1053 819 1112 stretur¹,
845 1069 964 1115 ergo
1001 1055 1248 1115 pertinens
1285 1063 1356 1102 est
1393 1057 1555 1103 sensui
1591 1057 1848 1103 verborum
1873 1055 2075 1102 Domini
2112 1053 2242 1102 aliud
2278 1053 2363 1100 de-

606 1136 876 1193 monstrari,
905 1136 993 1183 sed
1028 1136 1145 1182 nihil
1179 1137 1492 1198 pertinentius
1526 1152 1673 1199 quam
1706 1138 1845 1198 panis
1879 1151 2025 1198 quem
2051 1135 2271 1184 Christus
2295 1131 2366 1182 eis

606 1225 897 1278 porrexerat.
971 1216 1021 1263 Si
1067 1218 1198 1264 enim
1246 1217 1374 1264 nude
1423 1218 1800 1265 demonstretur2
1847 1233 2023 1280 corpus
2063 1217 2267 1265 Domini
2313 1217 2365 1263 in

606 1306 789 1356 natura,
823 1307 938 1345 tunc
971 1299 1060 1346 ista
1092 1298 1215 1346 foret
1247 1299 1422 1347 horum
1454 1301 1712 1347 verborum
1742 1299 1919 1348 Christi
1957 1300 2206 1356 sententia,
2241 1297 2366 1346 ‘hoe

607 1395 782 1442 corpus
807 1395 971 1427 meum
991 1390 1063 1428 est
1089 1396 1265 1443 corpus
1290 1397 1455 1428 meum
1468 1381 1497 1440 ;’
1536 1382 1621 1429 sed
1639 1382 1765 1429 istud
1785 1381 1992 1444 apostoli
2011 1381 2124 1428 satis
2143 1381 2366 1444 superius

607 1470 954 1523 cognoverunt,
981 1471 1028 1509 et
1059 1462 1182 1509 foret
1215 1464 1577 1525 impertinenter
1611 1478 1890 1511 connexum
1925 1463 2014 1521 isti,
2045 1462 2181 1525 quod
2215 1477 2360 1509 man-

608 1543 843 1590 ducarent
870 1545 1045 1606 singuli
1070 1561 1131 1591 ex
1157 1545 1252 1591 hoc
1278 1560 1420 1607 pane.
1479 1545 1606 1591 Item
1631 1545 1670 1592 si
1691 1544 2039 1591 demonstratio
2063 1542 2366 1606 pronominis

610 1626 967 1673 sacramentalis
1003 1625 1126 1673 foret
1158 1626 1473 1687 impertinens
1509 1626 1573 1673 illi
1609 1627 1738 1688 pani,
1777 1625 2028 1688 quomodo
2074 1625 2367 1688 pertinenter

612 1705 778 1752 doceri
794 1707 984 1767 poterit,
1006 1707 1141 1768 quod
1159 1707 1327 1754 virtute
1352 1707 1543 1754 illorum
1568 1708 1825 1753 verborum
1850 1705 2270 1754 sacramentalium
2291 1711 2367 1752 est

610 1787 733 1833 illius
759 1788 900 1848 panis
930 1789 1373 1835 transubstantiatio
1405 1788 1658 1836 accidens3
1682 1789 1783 1835 sine
1817 1788 2050 1850 subjecto,
2075 1794 2124 1835 et
2149 1787 2366 1849 corporis

612 1868 787 1915 Christi
812 1869 860 1914 in
892 1869 1003 1916 loco
1039 1871 1180 1931 panis
1218 1870 1575 1917 sacramentalis
1612 1870 1892 1917 innovatio?
1953 1870 2053 1917 Ista
2085 1877 2247 1917 autem
2282 1868 2367 1916 fic-

611 1950 710 1996 titia
735 1950 1160 1998 demonstrationis
1196 1951 1543 2012 pronominum
1579 1952 1782 1999 omnino
1814 1951 2042 1998 interimit
2074 1951 2364 1999 sententiam

298 2126 407 2155 Verbis
417 2134 549 2160 quoque,

301 2164 307 2174 ¹
316 2161 365 2187 hic
375 2164 423 2187 est
433 2160 556 2194 sanguis

299 2194 391 2222 meus'
406 2195 531 2221 demon-

298 2232 420 2258 stratur,
436 2236 545 2262 prono-

299 2262 380 2289 mine
393 2261 556 2296 significari

299 2296 458 2323 materiam
471 2295 538 2322 visi-

300 2329 401 2357 bilem.

679 2111 804 2158 Item
829 2113 1052 2160 secundis
1071 2114 1226 2161 verbis
1251 2115 1689 2172 sacramentalibus,
1710 2115 1884 2176 quibus
1903 2115 2068 2161 vinum
2093 2113 2367 2172 conficitur,

612 2193 727 2240 illud
751 2194 916 2240 vinum
940 2195 991 2240 in
1024 2195 1171 2243 calice
1206 2196 1575 2254 demonstratur,
1602 2212 1720 2258 ergo
1755 2212 1841 2258 per
1874 2196 2038 2243 locum
2062 2211 2091 2243 a
2115 2195 2368 2243 sufficienti

615 2274 926 2321 similitudine
970 2276 1188 2338 subjecto
1230 2277 1576 2338 propositionis
1619 2274 2006 2324 sacramentali&
2041 2277 2227 2339 prioris,
2271 2292 2369 2340 qua

614 2356 751 2417 panis
772 2357 1021 2415 sacratur⁵,
1040 2357 1358 2405 demonstrari
1378 2359 1522 2406 debet
1537 2360 1682 2406 etiam
1701 2359 1830 2405 idem
1845 2359 2000 2420 panis.
2047 2358 2368 2421 Assumptum

613 2445 743 2498 patet
777 2453 837 2484 ex
872 2438 983 2496 hoc,
1020 2440 1155 2501 quod
1190 2440 1347 2487 nullus
1384 2440 1648 2487 catholicus
1684 2440 1848 2501 finget,
1887 2440 2005 2501 quin
2039 2440 2367 2487 metonomice

614 2518 892 2566 manifeste⁶
917 2520 1273 2567 demonstratur
1298 2529 1583 2568 contentum
1608 2522 1658 2568 in
1683 2521 1846 2579 calice,
1871 2521 2069 2583 quando
2095 2521 2165 2569 sic
2194 2521 2367 2569 dicitur

614 2599 769 2647 Marci
794 2601 885 2647 xiv.
925 2601 1031 2648 ‘hic
1058 2610 1128 2649 est
1162 2604 1358 2664 sanguis
1391 2618 1529 2650 meus
1562 2604 1676 2650 novi
1709 2603 2013 2651 testamenti.’
2084 2602 2204 2651 Non
2235 2604 2367 2651 enim

613 2682 832 2744 intelligit
879 2683 1032 2744 quivis
1081 2684 1360 2742 catholicus,
1405 2685 1540 2746 quod
1587 2685 1703 2732 illud
1744 2700 1922 2747 corpus
1969 2684 2265 2733 metallicum
2306 2685 2368 2732 sit

613 2764 1019 2811 sacramentaliter
1061 2766 1258 2826 sanguis
1301 2765 1490 2824 Christi,
1535 2767 1621 2813 sed
1662 2766 1722 2813 de
1765 2767 1878 2814 vino
1922 2774 2153 2814 contento
2194 2767 2246 2813 in
2283 2766 2364 2813 ino

614 2844 776 2892 calice.
851 2845 948 2892 Sed
985 2846 1052 2893 ad
1096 2847 1423 2908 detegendum
1460 2863 1660 2894 omnem
1696 2848 2140 2909 tergiversationem
2176 2847 2367 2910 sophis-

614 2926 757 2972 ticam
782 2926 1017 2973 ordinavit
1043 2926 1247 2989 Spiritus
1277 2928 1496 2994 Sanctus,
1521 2936 1574 2975 ut
1593 2929 1777 2975 dicatur
1800 2929 1851 2974 in
1868 2928 2135 2975 masculino
2158 2942 2365 2990 genere:

616 3007 720 3053 ‘hic
763 3014 836 3053 est
877 3008 1076 3068 sanguis
1118 3007 1286 3055 meus.'
1373 3007 1518 3055 Unde
1560 3009 1684 3055 inter
1728 3016 1911 3055 ceteras
1954 3008 2262 3056 certitudines
2304 3008 2365 3055 de

615 3089 966 3150 significatione
1001 3090 1261 3151 scripturae
1287 3089 1408 3137 haec
1434 3098 1506 3137 est
1537 3105 1636 3136 una
1668 3091 1728 3137 de
1753 3090 1989 3147 maximis,
2015 3089 2148 3151 quod
2172 3091 2222 3137 in
2251 3104 2366 3152 pro-

614 3171 855 3232 positione
892 3171 969 3217 illa
1004 3171 1339 3218 sacramentali
1376 3171 1729 3218 demonstratur
1763 3172 1903 3233 panis
1939 3179 2021 3218 aut
2051 3172 2231 3230 vinum,
2265 3186 2364 3234 quo

615 3251 779 3299 habito
804 3253 1153 3300 transeundum
1178 3260 1251 3299 est
1270 3251 1508 3300 catholico
1535 3252 1597 3300 ad
1623 3253 2028 3315 significationem
2053 3253 2365 3316 complexam

673 3401 684 3424 ¹
715 3402 1032 3452 demonstretur]
1049 3403 1365 3448 demonstratur,
1386 3403 1540 3442 A.B.C.
1806 3401 1823 3424 ²
1850 3401 2171 3454 demonstretur]
2192 3402 2364 3442 demon·

618 3460 778 3501 stratur,
800 3457 953 3496 A.B.C.
973 3458 1037 3496 ed.
1057 3470 1119 3509 pr.
1282 3456 1298 3479 ⁸
1325 3456 1533 3508 accidens]
1555 3456 1598 3496 in
1617 3456 1818 3502 accidens,
1841 3457 1888 3496 C.
1909 3456 1973 3495 ed.
1993 3469 2054 3508 pr.
2191 3455 2207 3478 ⁴
2234 3469 2365 3496 sacra-

618 3510 824 3562 mentalis]
847 3524 928 3550 om.
950 3512 998 3551 C.
1019 3512 1083 3550 ed.
1103 3524 1163 3562 pr.
1382 3511 1399 3534 ⁵
1426 3511 1624 3564 sacratur]
1644 3516 1824 3550 sacratur
1843 3509 2199 3556 sacramentaliter,
2218 3510 2281 3550 ed.
2301 3523 2364 3565 pr.

621 3571 632 3581 '¹
662 3564 892 3616 manifeste]
915 3578 996 3604 om.
1019 3566 1069 3604 A.
1091 3565 1152 3604 ed.
1174 3578 1259 3616 pr.;
1291 3565 1554 3605 methaforice
1574 3564 1798 3610 manifeste,
1819 3565 1868 3604 C.
