<?xml version="1.0" encoding="UTF-8"?>
<!DOCTYPE html PUBLIC "-//W3C//DTD XHTML 1.0 Transitional//EN"
    "http://www.w3.org/TR/xhtml1/DTD/xhtml1-transitional.dtd">
<html xmlns="http://www.w3.org/1999/xhtml" xml:lang="en" lang="en">
 <head>
  <title>
</title>
<meta http-equiv="Content-Type" content="text/html;charset=utf-8" />
  <meta name='ocr-system' content='tesseract 3.04.00' />
  <meta name='ocr-capabilities' content='ocr_page ocr_carea ocr_par ocr_line ocrx_word'/>
</head>
<body>
  <div class='ocr_page' id='page_1' title='image "./trialoguscumsupp00wycluoft_0218.png"; bbox 0 0 2456 4088; ppageno 0'>
   <div class='ocr_carea' id='block_1_1' title="bbox 1013 423 2310 488">
    <p class='ocr_par' dir='ltr' id='par_1_1' title="bbox 1013 423 2310 488">
     <span class='ocr_line' id='line_1_1' title="bbox 1013 423 2310 488; baseline -0.003 -14"><span class='ocrx_word' id='word_1_1' title='bbox 1013 423 1439 488; x_wconf 85' lang='lat' dir='ltr'><em>JOANNIS</em></span> <span class='ocrx_word' id='word_1_2' title='bbox 1508 423 1858 475; x_wconf 84' lang='lat' dir='ltr'><em>WICLIF</em></span> <span class='ocrx_word' id='word_1_3' title='bbox 2151 441 2310 471; x_wconf 60' lang='lat' dir='ltr'><strong>mam.</strong></span> 
     </span>
    </p>
   </div>
   <div class='ocr_carea' id='block_1_2' title="bbox 560 557 2330 3137">
    <p class='ocr_par' dir='ltr' id='par_1_2' title="bbox 560 557 2330 3137">
     <span class='ocr_line' id='line_1_2' title="bbox 630 557 2309 620; baseline -0.002 -13"><span class='ocrx_word' id='word_1_4' title='bbox 630 558 884 607; x_wconf 74' lang='lat' dir='ltr'><strong>Ponuntur</strong></span> <span class='ocrx_word' id='word_1_5' title='bbox 925 564 1087 606; x_wconf 91' lang='lat' dir='ltr'><strong>autem</strong></span> <span class='ocrx_word' id='word_1_6' title='bbox 1125 557 1446 606; x_wconf 90' lang='lat' dir='ltr'><strong>communiter</strong></span> <span class='ocrx_word' id='word_1_7' title='bbox 1485 557 1699 620; x_wconf 93' lang='lat' dir='ltr'><strong>quinque</strong></span> <span class='ocrx_word' id='word_1_8' title='bbox 1733 559 1896 620; x_wconf 83' lang='lat' dir='ltr'><strong>species</strong></span> <span class='ocrx_word' id='word_1_9' title='bbox 1934 557 2163 609; x_wconf 82' lang='lat' dir='ltr'><em>luxuriae</em></span> <span class='ocrx_word' id='word_1_10' title='bbox 2201 570 2309 605; x_wconf 92' lang='lat' dir='ltr'><strong>cor-</strong></span> 
     </span>
     <span class='ocr_line' id='line_1_3' title="bbox 560 637 2310 702; baseline -0.001 -15"><span class='ocrx_word' id='word_1_11' title='bbox 560 639 765 702; x_wconf 87' lang='lat' dir='ltr'><strong>poralis:</strong></span> <span class='ocrx_word' id='word_1_12' title='bbox 801 637 982 701; x_wconf 90' lang='lat' dir='ltr'><strong>prima¹</strong></span> <span class='ocrx_word' id='word_1_13' title='bbox 1006 646 1080 687; x_wconf 89' lang='lat' dir='ltr'><strong>est</strong></span> <span class='ocrx_word' id='word_1_14' title='bbox 1103 638 1308 702; x_wconf 88' lang='lat' dir='ltr'><strong>simplex</strong></span> <span class='ocrx_word' id='word_1_15' title='bbox 1330 638 1601 698; x_wconf 88' lang='lat' dir='ltr'><strong>fornicatio,</strong></span> <span class='ocrx_word' id='word_1_16' title='bbox 1625 653 1750 702; x_wconf 91' lang='lat' dir='ltr'><strong>quae</strong></span> <span class='ocrx_word' id='word_1_17' title='bbox 1774 647 1848 688; x_wconf 90' lang='lat' dir='ltr'><strong>est</strong></span> <span class='ocrx_word' id='word_1_18' title='bbox 1879 639 2003 688; x_wconf 90' lang='lat' dir='ltr'><strong>inter</strong></span> <span class='ocrx_word' id='word_1_19' title='bbox 2026 639 2238 688; x_wconf 73' lang='lat' dir='ltr'><strong>solutum</strong></span> <span class='ocrx_word' id='word_1_20' title='bbox 2260 644 2310 686; x_wconf 90' lang='lat' dir='ltr'><strong>et</strong></span> 
     </span>
     <span class='ocr_line' id='line_1_4' title="bbox 562 719 2312 783; baseline -0.001 -15"><span class='ocrx_word' id='word_1_21' title='bbox 562 719 796 779; x_wconf 89' lang='lat' dir='ltr'><strong>solutam;</strong></span> <span class='ocrx_word' id='word_1_22' title='bbox 835 719 1050 768; x_wconf 89' lang='lat' dir='ltr'><strong>secunda</strong></span> <span class='ocrx_word' id='word_1_23' title='bbox 1075 727 1150 772; x_wconf 90' lang='lat' dir='ltr'><strong>est</strong></span> <span class='ocrx_word' id='word_1_24' title='bbox 1174 727 1407 782; x_wconf 87' lang='lat' dir='ltr'><strong>stuprum,</strong></span> <span class='ocrx_word' id='word_1_25' title='bbox 1442 734 1566 783; x_wconf 90' lang='lat' dir='ltr'><strong>quae</strong></span> <span class='ocrx_word' id='word_1_26' title='bbox 1598 728 1672 768; x_wconf 90' lang='lat' dir='ltr'><strong>est</strong></span> <span class='ocrx_word' id='word_1_27' title='bbox 1702 720 1862 769; x_wconf 85' lang='lat' dir='ltr'><strong>illicita</strong></span> <span class='ocrx_word' id='word_1_28' title='bbox 1894 720 2146 769; x_wconf 90' lang='lat' dir='ltr'><strong>defloratio</strong></span> <span class='ocrx_word' id='word_1_29' title='bbox 2168 719 2312 782; x_wconf 87' lang='lat' dir='ltr'><strong>virgi-</strong></span> 
     </span>
     <span class='ocr_line' id='line_1_5' title="bbox 562 798 2311 864; baseline 0.001 -17"><span class='ocrx_word' id='word_1_30' title='bbox 562 816 709 861; x_wconf 92' lang='lat' dir='ltr'><strong>num;</strong></span> <span class='ocrx_word' id='word_1_31' title='bbox 745 801 883 848; x_wconf 89' lang='lat' dir='ltr'><strong>tertia</strong></span> <span class='ocrx_word' id='word_1_32' title='bbox 905 808 979 849; x_wconf 90' lang='lat' dir='ltr'><strong>est</strong></span> <span class='ocrx_word' id='word_1_33' title='bbox 1002 799 1302 860; x_wconf 83' lang='lat' dir='ltr'><strong>adulterium,</strong></span> <span class='ocrx_word' id='word_1_34' title='bbox 1328 801 1463 863; x_wconf 91' lang='lat' dir='ltr'><strong>quod</strong></span> <span class='ocrx_word' id='word_1_35' title='bbox 1485 809 1557 851; x_wconf 90' lang='lat' dir='ltr'><strong>est</strong></span> <span class='ocrx_word' id='word_1_36' title='bbox 1582 801 1774 850; x_wconf 86' lang='lat' dir='ltr'><strong>alterius</strong></span> <span class='ocrx_word' id='word_1_37' title='bbox 1791 801 1918 850; x_wconf 92' lang='lat' dir='ltr'><strong>thori</strong></span> <span class='ocrx_word' id='word_1_38' title='bbox 1940 801 2149 860; x_wconf 85' lang='lat' dir='ltr'><strong>violatio,</strong></span> <span class='ocrx_word' id='word_1_39' title='bbox 2174 798 2311 864; x_wconf 91' lang='lat' dir='ltr'><strong>quod</strong></span> 
     </span>
     <span class='ocr_line' id='line_1_6' title="bbox 561 881 2313 946; baseline -0.001 -16"><span class='ocrx_word' id='word_1_40' title='bbox 561 889 722 945; x_wconf 90' lang='lat' dir='ltr'><strong>potest</strong></span> <span class='ocrx_word' id='word_1_41' title='bbox 745 881 846 930; x_wconf 91' lang='lat' dir='ltr'><strong>fieri</strong></span> <span class='ocrx_word' id='word_1_42' title='bbox 869 881 1019 930; x_wconf 93' lang='lat' dir='ltr'><strong>tribus</strong></span> <span class='ocrx_word' id='word_1_43' title='bbox 1042 882 1230 942; x_wconf 89' lang='lat' dir='ltr'><strong>modis;</strong></span> <span class='ocrx_word' id='word_1_44' title='bbox 1273 890 1444 945; x_wconf 87' lang='lat' dir='ltr'><strong>quarta</strong></span> <span class='ocrx_word' id='word_1_45' title='bbox 1467 891 1541 931; x_wconf 89' lang='lat' dir='ltr'><strong>est</strong></span> <span class='ocrx_word' id='word_1_46' title='bbox 1563 882 1790 942; x_wconf 81' lang='lat' dir='ltr'><strong>incestuS‚</strong></span> <span class='ocrx_word' id='word_1_47' title='bbox 1815 883 1898 946; x_wconf 90' lang='lat' dir='ltr'><strong>qui</strong></span> <span class='ocrx_word' id='word_1_48' title='bbox 1921 890 1995 931; x_wconf 91' lang='lat' dir='ltr'><strong>est</strong></span> <span class='ocrx_word' id='word_1_49' title='bbox 2018 881 2313 944; x_wconf 87' lang='lat' dir='ltr'><strong>consangui-</strong></span> 
     </span>
     <span class='ocr_line' id='line_1_7' title="bbox 562 963 2315 1027; baseline -0.001 -15"><span class='ocrx_word' id='word_1_50' title='bbox 562 978 764 1012; x_wconf 90' lang='lat' dir='ltr'><strong>nearum</strong></span> <span class='ocrx_word' id='word_1_51' title='bbox 804 963 879 1011; x_wconf 90' lang='lat' dir='ltr'><strong>vel</strong></span> <span class='ocrx_word' id='word_1_52' title='bbox 921 963 1136 1011; x_wconf 89' lang='lat' dir='ltr'><strong>affinium</strong></span> <span class='ocrx_word' id='word_1_53' title='bbox 1178 964 1371 1022; x_wconf 82' lang='lat' dir='ltr'><strong>abusuS‚</strong></span> <span class='ocrx_word' id='word_1_54' title='bbox 1415 965 1507 1013; x_wconf 90' lang='lat' dir='ltr'><strong>sub</strong></span> <span class='ocrx_word' id='word_1_55' title='bbox 1547 978 1646 1027; x_wconf 88' lang='lat' dir='ltr'><strong>qua</strong></span> <span class='ocrx_word' id='word_1_56' title='bbox 1692 964 1853 1027; x_wconf 89' lang='lat' dir='ltr'><strong>specie</strong></span> <span class='ocrx_word' id='word_1_57' title='bbox 1892 963 2226 1026; x_wconf 87' lang='lat' dir='ltr'><strong>religiosorum</strong></span> <span class='ocrx_word' id='word_1_58' title='bbox 2265 969 2315 1011; x_wconf 90' lang='lat' dir='ltr'><strong>et</strong></span> 
     </span>
     <span class='ocr_line' id='line_1_8' title="bbox 562 1043 2312 1108; baseline 0 -16"><span class='ocrx_word' id='word_1_59' title='bbox 562 1043 877 1093; x_wconf 79' lang='lat' dir='ltr'><strong>monialium²</strong></span> <span class='ocrx_word' id='word_1_60' title='bbox 921 1044 1136 1094; x_wconf 86' lang='lat' dir='ltr'><strong>luxuriae</strong></span> <span class='ocrx_word' id='word_1_61' title='bbox 1183 1052 1295 1093; x_wconf 91' lang='lat' dir='ltr'><strong>sunt</strong></span> <span class='ocrx_word' id='word_1_62' title='bbox 1335 1052 1620 1106; x_wconf 90' lang='lat' dir='ltr'><strong>contentae;</strong></span> <span class='ocrx_word' id='word_1_63' title='bbox 1674 1046 1896 1108; x_wconf 89' lang='lat' dir='ltr'><strong>quintum</strong></span> <span class='ocrx_word' id='word_1_64' title='bbox 1936 1052 2010 1094; x_wconf 88' lang='lat' dir='ltr'><strong>est</strong></span> <span class='ocrx_word' id='word_1_65' title='bbox 2055 1051 2312 1108; x_wconf 88' lang='lat' dir='ltr'><strong>peccatum</strong></span> 
     </span>
     <span class='ocr_line' id='line_1_9' title="bbox 564 1125 2315 1190; baseline -0.001 -16"><span class='ocrx_word' id='word_1_66' title='bbox 564 1134 734 1174; x_wconf 89' lang='lat' dir='ltr'><strong>contra</strong></span> <span class='ocrx_word' id='word_1_67' title='bbox 758 1134 994 1185; x_wconf 89' lang='lat' dir='ltr'><strong>naturam,</strong></span> <span class='ocrx_word' id='word_1_68' title='bbox 1019 1125 1153 1189; x_wconf 90' lang='lat' dir='ltr'><strong>quod</strong></span> <span class='ocrx_word' id='word_1_69' title='bbox 1176 1125 1322 1174; x_wconf 92' lang='lat' dir='ltr'><strong>habet</strong></span> <span class='ocrx_word' id='word_1_70' title='bbox 1344 1126 1519 1175; x_wconf 90' lang='lat' dir='ltr'><strong>multas</strong></span> <span class='ocrx_word' id='word_1_71' title='bbox 1552 1127 1739 1190; x_wconf 89' lang='lat' dir='ltr'><strong>species</strong></span> <span class='ocrx_word' id='word_1_72' title='bbox 1771 1125 2067 1186; x_wconf 80' lang='lat' dir='ltr'><strong>maledictaS,</strong></span> <span class='ocrx_word' id='word_1_73' title='bbox 2092 1140 2315 1175; x_wconf 89' lang='lat' dir='ltr'><strong>commu-</strong></span> 
     </span>
     <span class='ocr_line' id='line_1_10' title="bbox 563 1205 2317 1270; baseline 0 -15"><span class='ocrx_word' id='word_1_74' title='bbox 563 1208 685 1256; x_wconf 90' lang='lat' dir='ltr'><strong>niter</strong></span> <span class='ocrx_word' id='word_1_75' title='bbox 710 1215 872 1256; x_wconf 89' lang='lat' dir='ltr'><strong>autem</strong></span> <span class='ocrx_word' id='word_1_76' title='bbox 903 1207 970 1266; x_wconf 89' lang='lat' dir='ltr'><strong>fit,</strong></span> <span class='ocrx_word' id='word_1_77' title='bbox 991 1207 1190 1270; x_wconf 87' lang='lat' dir='ltr'><strong>quando</strong></span> <span class='ocrx_word' id='word_1_78' title='bbox 1216 1222 1385 1256; x_wconf 92' lang='lat' dir='ltr'><strong>semen</strong></span> <span class='ocrx_word' id='word_1_79' title='bbox 1407 1206 1622 1256; x_wconf 86' lang='lat' dir='ltr'><strong>indebite</strong></span> <span class='ocrx_word' id='word_1_80' title='bbox 1651 1208 1878 1256; x_wconf 88' lang='lat' dir='ltr'><strong>emittitur</strong></span> <span class='ocrx_word' id='word_1_81' title='bbox 1911 1222 1998 1256; x_wconf 90' lang='lat' dir='ltr'><strong>seu</strong></span> <span class='ocrx_word' id='word_1_82' title='bbox 2029 1205 2317 1256; x_wconf 82' lang='lat' dir='ltr'><strong>effunditur³</strong></span> 
     </span>
     <span class='ocr_line' id='line_1_11' title="bbox 562 1284 2318 1352; baseline 0.001 -15"><span class='ocrx_word' id='word_1_83' title='bbox 562 1295 698 1337; x_wconf 89' lang='lat' dir='ltr'><strong>extra</strong></span> <span class='ocrx_word' id='word_1_84' title='bbox 730 1288 895 1337; x_wconf 93' lang='lat' dir='ltr'><strong>locum</strong></span> <span class='ocrx_word' id='word_1_85' title='bbox 930 1288 1214 1348; x_wconf 84' lang='lat' dir='ltr'><strong>naturalem,</strong></span> <span class='ocrx_word' id='word_1_86' title='bbox 1251 1288 1383 1351; x_wconf 92' lang='lat' dir='ltr'><strong>quod</strong></span> <span class='ocrx_word' id='word_1_87' title='bbox 1420 1296 1582 1352; x_wconf 89' lang='lat' dir='ltr'><strong>potest</strong></span> <span class='ocrx_word' id='word_1_88' title='bbox 1620 1289 1722 1337; x_wconf 89' lang='lat' dir='ltr'><strong>fieri</strong></span> <span class='ocrx_word' id='word_1_89' title='bbox 1764 1289 1925 1338; x_wconf 88' lang='lat' dir='ltr'><strong>multis</strong></span> <span class='ocrx_word' id='word_1_90' title='bbox 1964 1288 2138 1347; x_wconf 83' lang='lat' dir='ltr'><strong>modiS,</strong></span> <span class='ocrx_word' id='word_1_91' title='bbox 2178 1284 2318 1338; x_wconf 68' lang='lat' dir='ltr'><strong>cum⁴</strong></span> 
     </span>
     <span class='ocr_line' id='line_1_12' title="bbox 562 1368 2318 1432; baseline 0 -15"><span class='ocrx_word' id='word_1_92' title='bbox 562 1377 724 1432; x_wconf 89' lang='lat' dir='ltr'><strong>potest</strong></span> <span class='ocrx_word' id='word_1_93' title='bbox 763 1369 915 1418; x_wconf 93' lang='lat' dir='ltr'><strong>homo</strong></span> <span class='ocrx_word' id='word_1_94' title='bbox 957 1370 1089 1418; x_wconf 90' lang='lat' dir='ltr'><strong>abuti</strong></span> <span class='ocrx_word' id='word_1_95' title='bbox 1135 1385 1247 1418; x_wconf 88' lang='lat' dir='ltr'><strong>vase</strong></span> <span class='ocrx_word' id='word_1_96' title='bbox 1294 1369 1458 1419; x_wconf 93' lang='lat' dir='ltr'><strong>debito</strong></span> <span class='ocrx_word' id='word_1_97' title='bbox 1506 1385 1568 1419; x_wconf 90' lang='lat' dir='ltr'><strong>ex</strong></span> <span class='ocrx_word' id='word_1_98' title='bbox 1615 1379 1799 1420; x_wconf 88' lang='lat' dir='ltr'><strong>natura.</strong></span> <span class='ocrx_word' id='word_1_99' title='bbox 1870 1370 1934 1418; x_wconf 92' lang='lat' dir='ltr'><strong>Et</strong></span> <span class='ocrx_word' id='word_1_100' title='bbox 1978 1369 2146 1418; x_wconf 89' lang='lat' dir='ltr'><strong>vitium</strong></span> <span class='ocrx_word' id='word_1_101' title='bbox 2189 1368 2318 1417; x_wconf 89' lang='lat' dir='ltr'><strong>istud</strong></span> 
     </span>
     <span class='ocr_line' id='line_1_13' title="bbox 566 1449 2317 1514; baseline 0 -16"><span class='ocrx_word' id='word_1_102' title='bbox 566 1449 886 1499; x_wconf 90' lang='lat' dir='ltr'><strong>Sodomicum</strong></span> <span class='ocrx_word' id='word_1_103' title='bbox 923 1465 1061 1499; x_wconf 89' lang='lat' dir='ltr'><strong>more</strong></span> <span class='ocrx_word' id='word_1_104' title='bbox 1103 1451 1311 1514; x_wconf 89' lang='lat' dir='ltr'><strong>apostoli</strong></span> <span class='ocrx_word' id='word_1_105' title='bbox 1350 1451 1636 1514; x_wconf 84' lang='lat' dir='ltr'><strong>generaliter</strong></span> <span class='ocrx_word' id='word_1_106' title='bbox 1677 1460 1749 1500; x_wconf 88' lang='lat' dir='ltr'><strong>est</strong></span> <span class='ocrx_word' id='word_1_107' title='bbox 1790 1450 2106 1514; x_wconf 87' lang='lat' dir='ltr'><strong>tangendum,</strong></span> <span class='ocrx_word' id='word_1_108' title='bbox 2148 1465 2212 1498; x_wconf 92' lang='lat' dir='ltr'><strong>ne</strong></span> <span class='ocrx_word' id='word_1_109' title='bbox 2253 1465 2317 1498; x_wconf 88' lang='lat' dir='ltr'><strong>ex</strong></span> 
     </span>
     <span class='ocr_line' id='line_1_14' title="bbox 562 1530 2318 1596; baseline 0.001 -18"><span class='ocrx_word' id='word_1_110' title='bbox 562 1530 720 1578; x_wconf 91' lang='lat' dir='ltr'><strong>verbis</strong></span> <span class='ocrx_word' id='word_1_111' title='bbox 744 1531 1024 1596; x_wconf 90' lang='lat' dir='ltr'><strong>improvidis</strong></span> <span class='ocrx_word' id='word_1_112' title='bbox 1048 1531 1186 1580; x_wconf 92' lang='lat' dir='ltr'><strong>detur</strong></span> <span class='ocrx_word' id='word_1_113' title='bbox 1209 1533 1404 1581; x_wconf 88' lang='lat' dir='ltr'><strong>occasio</strong></span> <span class='ocrx_word' id='word_1_114' title='bbox 1438 1532 1502 1581; x_wconf 89' lang='lat' dir='ltr'><strong>ad</strong></span> <span class='ocrx_word' id='word_1_115' title='bbox 1524 1533 1639 1582; x_wconf 94' lang='lat' dir='ltr'><strong>illud</strong></span> <span class='ocrx_word' id='word_1_116' title='bbox 1671 1534 1870 1595; x_wconf 90' lang='lat' dir='ltr'><strong>turpiter</strong></span> <span class='ocrx_word' id='word_1_117' title='bbox 1901 1530 2318 1581; x_wconf 87' lang='lat' dir='ltr'><strong>committendum.</strong></span> 
     </span>
     <span class='ocr_line' id='line_1_15' title="bbox 563 1611 2318 1677; baseline 0.001 -17"><span class='ocrx_word' id='word_1_118' title='bbox 563 1611 767 1660; x_wconf 91' lang='lat' dir='ltr'><strong>Videtur</strong></span> <span class='ocrx_word' id='word_1_119' title='bbox 800 1612 992 1666; x_wconf 81' lang='lat' dir='ltr'><strong>tamen⁵</strong></span> <span class='ocrx_word' id='word_1_120' title='bbox 1025 1612 1158 1672; x_wconf 90' lang='lat' dir='ltr'><strong>mihi,</strong></span> <span class='ocrx_word' id='word_1_121' title='bbox 1195 1614 1330 1676; x_wconf 92' lang='lat' dir='ltr'><strong>quod</strong></span> <span class='ocrx_word' id='word_1_122' title='bbox 1364 1629 1454 1677; x_wconf 91' lang='lat' dir='ltr'><strong>pro</strong></span> <span class='ocrx_word' id='word_1_123' title='bbox 1490 1613 1601 1663; x_wconf 91' lang='lat' dir='ltr'><strong>loco</strong></span> <span class='ocrx_word' id='word_1_124' title='bbox 1638 1622 1686 1662; x_wconf 91' lang='lat' dir='ltr'><strong>et</strong></span> <span class='ocrx_word' id='word_1_125' title='bbox 1720 1621 1942 1677; x_wconf 92' lang='lat' dir='ltr'><strong>tempore</strong></span> <span class='ocrx_word' id='word_1_126' title='bbox 1977 1628 2080 1661; x_wconf 90' lang='lat' dir='ltr'><strong>non</strong></span> <span class='ocrx_word' id='word_1_127' title='bbox 2114 1613 2318 1662; x_wconf 88' lang='lat' dir='ltr'><strong>omnino</strong></span> 
     </span>
     <span class='ocr_line' id='line_1_16' title="bbox 565 1693 2330 1758; baseline 0.001 -17"><span class='ocrx_word' id='word_1_128' title='bbox 565 1694 709 1742; x_wconf 91' lang='lat' dir='ltr'><strong>debet</strong></span> <span class='ocrx_word' id='word_1_129' title='bbox 733 1694 824 1742; x_wconf 90' lang='lat' dir='ltr'><strong>sub</strong></span> <span class='ocrx_word' id='word_1_130' title='bbox 860 1693 1049 1742; x_wconf 90' lang='lat' dir='ltr'><strong>silentio</strong></span> <span class='ocrx_word' id='word_1_131' title='bbox 1086 1694 1347 1756; x_wconf 86' lang='lat' dir='ltr'><strong>praeteriri,</strong></span> <span class='ocrx_word' id='word_1_132' title='bbox 1374 1710 1488 1743; x_wconf 92' lang='lat' dir='ltr'><strong>cum</strong></span> <span class='ocrx_word' id='word_1_133' title='bbox 1523 1695 1745 1744; x_wconf 90' lang='lat' dir='ltr'><strong>diabolus</strong></span> <span class='ocrx_word' id='word_1_134' title='bbox 1781 1696 1870 1744; x_wconf 90' lang='lat' dir='ltr'><strong>scit</strong></span> <span class='ocrx_word' id='word_1_135' title='bbox 1906 1695 2081 1743; x_wconf 92' lang='lat' dir='ltr'><strong>docere</strong></span> <span class='ocrx_word' id='word_1_136' title='bbox 2113 1694 2330 1758; x_wconf 86' lang='lat' dir='ltr'><strong>juvenes.</strong></span> 
     </span>
     <span class='ocr_line' id='line_1_17' title="bbox 565 1775 2320 1840; baseline 0.001 -17"><span class='ocrx_word' id='word_1_137' title='bbox 565 1783 699 1823; x_wconf 92' lang='lat' dir='ltr'><strong>extra</strong></span> <span class='ocrx_word' id='word_1_138' title='bbox 721 1775 976 1823; x_wconf 92' lang='lat' dir='ltr'><strong>mulierum</strong></span> <span class='ocrx_word' id='word_1_139' title='bbox 1002 1775 1300 1824; x_wconf 88' lang='lat' dir='ltr'><strong>consortium</strong></span> <span class='ocrx_word' id='word_1_140' title='bbox 1323 1775 1419 1824; x_wconf 91' lang='lat' dir='ltr'><strong>hoc</strong></span> <span class='ocrx_word' id='word_1_141' title='bbox 1444 1787 1700 1839; x_wconf 92' lang='lat' dir='ltr'><strong>peccatum</strong></span> <span class='ocrx_word' id='word_1_142' title='bbox 1722 1777 2068 1840; x_wconf 92' lang='lat' dir='ltr'><strong>turpissimum,</strong></span> <span class='ocrx_word' id='word_1_143' title='bbox 2093 1783 2141 1824; x_wconf 93' lang='lat' dir='ltr'><strong>et</strong></span> <span class='ocrx_word' id='word_1_144' title='bbox 2165 1776 2320 1839; x_wconf 87' lang='lat' dir='ltr'><strong>speci-</strong></span> 
     </span>
     <span class='ocr_line' id='line_1_18' title="bbox 565 1856 2321 1924; baseline 0.001 -20"><span class='ocrx_word' id='word_1_145' title='bbox 565 1857 698 1904; x_wconf 91' lang='lat' dir='ltr'><strong>aliter</strong></span> <span class='ocrx_word' id='word_1_146' title='bbox 723 1857 975 1905; x_wconf 90' lang='lat' dir='ltr'><strong>assistente</strong></span> <span class='ocrx_word' id='word_1_147' title='bbox 1001 1857 1144 1919; x_wconf 90' lang='lat' dir='ltr'><strong>copia</strong></span> <span class='ocrx_word' id='word_1_148' title='bbox 1162 1857 1398 1924; x_wconf 87' lang='lat' dir='ltr'><strong>juvenum</strong></span> <span class='ocrx_word' id='word_1_149' title='bbox 1421 1858 1748 1906; x_wconf 89' lang='lat' dir='ltr'><strong>masculorum</strong></span> <span class='ocrx_word' id='word_1_150' title='bbox 1773 1865 2105 1921; x_wconf 90' lang='lat' dir='ltr'><strong>separatorum</strong></span> <span class='ocrx_word' id='word_1_151' title='bbox 2128 1872 2158 1906; x_wconf 89' lang='lat' dir='ltr'><strong>a</strong></span> <span class='ocrx_word' id='word_1_152' title='bbox 2181 1856 2321 1905; x_wconf 90' lang='lat' dir='ltr'><strong>femi-</strong></span> 
     </span>
     <span class='ocr_line' id='line_1_19' title="bbox 566 1936 2320 2000; baseline 0.001 -16"><span class='ocrx_word' id='word_1_153' title='bbox 566 1938 656 1991; x_wconf 83' lang='lat' dir='ltr'><strong>niS‚</strong></span> <span class='ocrx_word' id='word_1_154' title='bbox 705 1937 991 2000; x_wconf 90' lang='lat' dir='ltr'><strong>voluptuose</strong></span> <span class='ocrx_word' id='word_1_155' title='bbox 1039 1937 1300 1985; x_wconf 91' lang='lat' dir='ltr'><strong>viventium</strong></span> <span class='ocrx_word' id='word_1_156' title='bbox 1345 1946 1394 1986; x_wconf 91' lang='lat' dir='ltr'><strong>et</strong></span> <span class='ocrx_word' id='word_1_157' title='bbox 1440 1954 1470 1986; x_wconf 90' lang='lat' dir='ltr'><strong>a</strong></span> <span class='ocrx_word' id='word_1_158' title='bbox 1515 1939 1760 1987; x_wconf 87' lang='lat' dir='ltr'><strong>laboribus</strong></span> <span class='ocrx_word' id='word_1_159' title='bbox 1812 1939 2079 1987; x_wconf 88' lang='lat' dir='ltr'><strong>otiantium.</strong></span> <span class='ocrx_word' id='word_1_160' title='bbox 2171 1936 2320 1986; x_wconf 88' lang='lat' dir='ltr'><strong>Unde</strong></span> 
     </span>
     <span class='ocr_line' id='line_1_20' title="bbox 564 2018 2320 2082; baseline 0.001 -17"><span class='ocrx_word' id='word_1_161' title='bbox 564 2018 743 2066; x_wconf 92' lang='lat' dir='ltr'><strong>Ezech.</strong></span> <span class='ocrx_word' id='word_1_162' title='bbox 769 2019 861 2066; x_wconf 92' lang='lat' dir='ltr'><strong>xvi.</strong></span> <span class='ocrx_word' id='word_1_163' title='bbox 888 2023 900 2043; x_wconf 89' lang='lat'>‘</span> <span class='ocrx_word' id='word_1_164' title='bbox 916 2018 1038 2067; x_wconf 90' lang='lat' dir='ltr'><strong>haec</strong></span> <span class='ocrx_word' id='word_1_165' title='bbox 1061 2018 1149 2067; x_wconf 89' lang='lat' dir='ltr'><strong>fuit</strong></span> <span class='ocrx_word' id='word_1_166' title='bbox 1176 2019 1402 2082; x_wconf 90' lang='lat' dir='ltr'><strong>iniquitas</strong></span> <span class='ocrx_word' id='word_1_167' title='bbox 1429 2019 1689 2078; x_wconf 89' lang='lat' dir='ltr'><strong>Sodomae,</strong></span> <span class='ocrx_word' id='word_1_168' title='bbox 1716 2020 1894 2068; x_wconf 89' lang='lat' dir='ltr'><strong>sororis</strong></span> <span class='ocrx_word' id='word_1_169' title='bbox 1925 2027 2053 2077; x_wconf 87' lang='lat' dir='ltr'><strong>tuae,</strong></span> <span class='ocrx_word' id='word_1_170' title='bbox 2077 2018 2320 2081; x_wconf 79' lang='lat' dir='ltr'><strong>superbia,</strong></span> 
     </span>
     <span class='ocr_line' id='line_1_21' title="bbox 566 2098 2322 2162; baseline 0.001 -15"><span class='ocrx_word' id='word_1_171' title='bbox 566 2099 785 2148; x_wconf 84' lang='lat' dir='ltr'><strong>saturitas</strong></span> <span class='ocrx_word' id='word_1_172' title='bbox 819 2099 974 2162; x_wconf 81' lang='lat' dir='ltr'><strong>paniS‚</strong></span> <span class='ocrx_word' id='word_1_173' title='bbox 1010 2099 1345 2148; x_wconf 88' lang='lat' dir='ltr'><strong>habundantia</strong></span> <span class='ocrx_word' id='word_1_174' title='bbox 1378 2101 1476 2148; x_wconf 90' lang='lat' dir='ltr'><strong>vini</strong></span> <span class='ocrx_word' id='word_1_175' title='bbox 1518 2109 1567 2149; x_wconf 93' lang='lat' dir='ltr'><strong>et</strong></span> <span class='ocrx_word' id='word_1_176' title='bbox 1608 2101 1814 2149; x_wconf 83' lang='lat' dir='ltr'><strong>otium⁶.’</strong></span> <span class='ocrx_word' id='word_1_177' title='bbox 1885 2099 2007 2148; x_wconf 92' lang='lat' dir='ltr'><strong>Ideo</strong></span> <span class='ocrx_word' id='word_1_178' title='bbox 2049 2098 2322 2148; x_wconf 89' lang='lat' dir='ltr'><strong>cavendum</strong></span> 
     </span>
     <span class='ocr_line' id='line_1_22' title="bbox 566 2179 2321 2245; baseline 0.001 -17"><span class='ocrx_word' id='word_1_179' title='bbox 566 2187 638 2228; x_wconf 90' lang='lat' dir='ltr'><strong>est</strong></span> <span class='ocrx_word' id='word_1_180' title='bbox 661 2180 855 2243; x_wconf 91' lang='lat' dir='ltr'><strong>privatis</strong></span> <span class='ocrx_word' id='word_1_181' title='bbox 874 2179 1137 2238; x_wconf 91' lang='lat' dir='ltr'><strong>ordinibus,</strong></span> <span class='ocrx_word' id='word_1_182' title='bbox 1157 2195 1219 2228; x_wconf 90' lang='lat' dir='ltr'><strong>ne</strong></span> <span class='ocrx_word' id='word_1_183' title='bbox 1243 2181 1458 2229; x_wconf 87' lang='lat' dir='ltr'><strong>incidant</strong></span> <span class='ocrx_word' id='word_1_184' title='bbox 1479 2182 1530 2229; x_wconf 91' lang='lat' dir='ltr'><strong>in</strong></span> <span class='ocrx_word' id='word_1_185' title='bbox 1553 2181 1681 2230; x_wconf 93' lang='lat' dir='ltr'><strong>hanc</strong></span> <span class='ocrx_word' id='word_1_186' title='bbox 1706 2182 1914 2245; x_wconf 90' lang='lat' dir='ltr'><strong>culpam,</strong></span> <span class='ocrx_word' id='word_1_187' title='bbox 1935 2196 2049 2230; x_wconf 91' lang='lat' dir='ltr'><strong>cum</strong></span> <span class='ocrx_word' id='word_1_188' title='bbox 2067 2181 2204 2229; x_wconf 91' lang='lat' dir='ltr'><strong>multi</strong></span> <span class='ocrx_word' id='word_1_189' title='bbox 2222 2181 2321 2230; x_wconf 91' lang='lat' dir='ltr'><strong>sint</strong></span> 
     </span>
     <span class='ocr_line' id='line_1_23' title="bbox 568 2258 2324 2325; baseline 0.001 -17"><span class='ocrx_word' id='word_1_190' title='bbox 568 2261 762 2324; x_wconf 90' lang='lat' dir='ltr'><strong>superbi</strong></span> <span class='ocrx_word' id='word_1_191' title='bbox 784 2258 1009 2323; x_wconf 87' lang='lat' dir='ltr'><strong>juvenes⁷</strong></span> <span class='ocrx_word' id='word_1_192' title='bbox 1032 2261 1099 2309; x_wconf 93' lang='lat' dir='ltr'><strong>ibi</strong></span> <span class='ocrx_word' id='word_1_193' title='bbox 1130 2261 1257 2309; x_wconf 90' lang='lat' dir='ltr'><strong>laute</strong></span> <span class='ocrx_word' id='word_1_194' title='bbox 1290 2261 1363 2310; x_wconf 81' lang='lat' dir='ltr'><strong>et8</strong></span> <span class='ocrx_word' id='word_1_195' title='bbox 1396 2262 1684 2325; x_wconf 90' lang='lat' dir='ltr'><strong>voluptuose</strong></span> <span class='ocrx_word' id='word_1_196' title='bbox 1718 2261 2068 2320; x_wconf 84' lang='lat' dir='ltr'><strong>conviventes⁹,</strong></span> <span class='ocrx_word' id='word_1_197' title='bbox 2094 2277 2124 2311; x_wconf 90' lang='lat' dir='ltr'><strong>a</strong></span> <span class='ocrx_word' id='word_1_198' title='bbox 2145 2261 2324 2310; x_wconf 91' lang='lat' dir='ltr'><strong>labori-</strong></span> 
     </span>
     <span class='ocr_line' id='line_1_24' title="bbox 568 2342 2319 2407; baseline 0.002 -18"><span class='ocrx_word' id='word_1_199' title='bbox 568 2343 659 2390; x_wconf 91' lang='lat' dir='ltr'><strong>bus</strong></span> <span class='ocrx_word' id='word_1_200' title='bbox 681 2342 939 2390; x_wconf 89' lang='lat' dir='ltr'><strong>hominum</strong></span> <span class='ocrx_word' id='word_1_201' title='bbox 963 2342 1183 2401; x_wconf 89' lang='lat' dir='ltr'><strong>otiantes,</strong></span> <span class='ocrx_word' id='word_1_202' title='bbox 1203 2351 1249 2390; x_wconf 95' lang='lat' dir='ltr'><strong>et</strong></span> <span class='ocrx_word' id='word_1_203' title='bbox 1275 2345 1596 2392; x_wconf 90' lang='lat' dir='ltr'><strong>communiter</strong></span> <span class='ocrx_word' id='word_1_204' title='bbox 1614 2360 1675 2392; x_wconf 89' lang='lat' dir='ltr'><strong>ex</strong></span> <span class='ocrx_word' id='word_1_205' title='bbox 1695 2359 1784 2392; x_wconf 91' lang='lat' dir='ltr'><strong>sua</strong></span> <span class='ocrx_word' id='word_1_206' title='bbox 1805 2344 2048 2407; x_wconf 89' lang='lat' dir='ltr'><strong>hypocrisi</strong></span> <span class='ocrx_word' id='word_1_207' title='bbox 2071 2358 2101 2391; x_wconf 90' lang='lat' dir='ltr'><strong>a</strong></span> <span class='ocrx_word' id='word_1_208' title='bbox 2124 2343 2319 2392; x_wconf 91' lang='lat' dir='ltr'><strong>feminis</strong></span> 
     </span>
     <span class='ocr_line' id='line_1_25' title="bbox 569 2423 2322 2487; baseline 0.001 -16"><span class='ocrx_word' id='word_1_209' title='bbox 569 2424 790 2486; x_wconf 89' lang='lat' dir='ltr'><strong>separati.</strong></span> <span class='ocrx_word' id='word_1_210' title='bbox 862 2423 1000 2472; x_wconf 89' lang='lat' dir='ltr'><strong>Istud</strong></span> <span class='ocrx_word' id='word_1_211' title='bbox 1023 2433 1187 2473; x_wconf 88' lang='lat' dir='ltr'><strong>autem</strong></span> <span class='ocrx_word' id='word_1_212' title='bbox 1215 2432 1471 2487; x_wconf 90' lang='lat' dir='ltr'><strong>peccatum</strong></span> <span class='ocrx_word' id='word_1_213' title='bbox 1502 2425 1647 2474; x_wconf 92' lang='lat' dir='ltr'><strong>habet</strong></span> <span class='ocrx_word' id='word_1_214' title='bbox 1679 2427 1801 2474; x_wconf 87' lang='lat' dir='ltr'><strong>inter</strong></span> <span class='ocrx_word' id='word_1_215' title='bbox 1831 2425 2042 2474; x_wconf 88' lang='lat' dir='ltr'><strong>luxurias</strong></span> <span class='ocrx_word' id='word_1_216' title='bbox 2051 2425 2088 2452; x_wconf 85' lang='lat'><strong>¹⁰</strong></span> <span class='ocrx_word' id='word_1_217' title='bbox 2119 2439 2322 2474; x_wconf 87' lang='lat' dir='ltr'><strong>excusa-</strong></span> 
     </span>
     <span class='ocr_line' id='line_1_26' title="bbox 569 2505 2324 2570; baseline 0.002 -18"><span class='ocrx_word' id='word_1_218' title='bbox 569 2506 754 2553; x_wconf 90' lang='lat' dir='ltr'><strong>tionem</strong></span> <span class='ocrx_word' id='word_1_219' title='bbox 777 2505 1046 2563; x_wconf 90' lang='lat' dir='ltr'><strong>minimam,</strong></span> <span class='ocrx_word' id='word_1_220' title='bbox 1072 2505 1229 2554; x_wconf 91' lang='lat' dir='ltr'><strong>cum11</strong></span> <span class='ocrx_word' id='word_1_221' title='bbox 1256 2521 1316 2554; x_wconf 93' lang='lat' dir='ltr'><strong>ex</strong></span> <span class='ocrx_word' id='word_1_222' title='bbox 1341 2515 1476 2570; x_wconf 91' lang='lat' dir='ltr'><strong>parte</strong></span> <span class='ocrx_word' id='word_1_223' title='bbox 1501 2507 1710 2555; x_wconf 89' lang='lat' dir='ltr'><strong>feminae</strong></span> <span class='ocrx_word' id='word_1_224' title='bbox 1743 2508 1802 2555; x_wconf 92' lang='lat' dir='ltr'><strong>sit</strong></span> <span class='ocrx_word' id='word_1_225' title='bbox 1825 2507 1986 2555; x_wconf 91' lang='lat' dir='ltr'><strong>minor</strong></span> <span class='ocrx_word' id='word_1_226' title='bbox 2009 2506 2234 2555; x_wconf 86' lang='lat' dir='ltr'><strong>excitatio</strong></span> <span class='ocrx_word' id='word_1_227' title='bbox 2259 2505 2324 2555; x_wconf 89' lang='lat' dir='ltr'><strong>ad</strong></span> 
     </span>
     <span class='ocr_line' id='line_1_27' title="bbox 570 2586 2326 2650; baseline 0.001 -17"><span class='ocrx_word' id='word_1_228' title='bbox 570 2587 890 2649; x_wconf 90' lang='lat' dir='ltr'><strong>peccandum,</strong></span> <span class='ocrx_word' id='word_1_229' title='bbox 914 2586 1024 2649; x_wconf 93' lang='lat' dir='ltr'><strong>plus</strong></span> <span class='ocrx_word' id='word_1_230' title='bbox 1047 2595 1275 2650; x_wconf 88' lang='lat' dir='ltr'><strong>peccatur</strong></span> <span class='ocrx_word' id='word_1_231' title='bbox 1299 2596 1468 2636; x_wconf 91' lang='lat' dir='ltr'><strong>contra</strong></span> <span class='ocrx_word' id='word_1_232' title='bbox 1496 2597 1732 2647; x_wconf 90' lang='lat' dir='ltr'><strong>naturam,</strong></span> <span class='ocrx_word' id='word_1_233' title='bbox 1760 2596 1807 2637; x_wconf 90' lang='lat' dir='ltr'><strong>et</strong></span> <span class='ocrx_word' id='word_1_234' title='bbox 1831 2589 2153 2637; x_wconf 90' lang='lat' dir='ltr'><strong>communiter</strong></span> <span class='ocrx_word' id='word_1_235' title='bbox 2174 2586 2326 2636; x_wconf 92' lang='lat' dir='ltr'><strong>libido</strong></span> 
     </span>
     <span class='ocr_line' id='line_1_28' title="bbox 571 2667 2326 2733; baseline 0.001 -17"><span class='ocrx_word' id='word_1_236' title='bbox 571 2667 893 2716; x_wconf 88' lang='lat' dir='ltr'><strong>abundantius</strong></span> <span class='ocrx_word' id='word_1_237' title='bbox 929 2675 1002 2716; x_wconf 90' lang='lat' dir='ltr'><strong>est</strong></span> <span class='ocrx_word' id='word_1_238' title='bbox 1037 2683 1256 2717; x_wconf 88' lang='lat' dir='ltr'><strong>accensa.</strong></span> <span class='ocrx_word' id='word_1_239' title='bbox 1328 2668 1475 2718; x_wconf 91' lang='lat' dir='ltr'><strong>Unde</strong></span> <span class='ocrx_word' id='word_1_240' title='bbox 1499 2669 1627 2718; x_wconf 90' lang='lat' dir='ltr'><strong>istud</strong></span> <span class='ocrx_word' id='word_1_241' title='bbox 1658 2679 1915 2733; x_wconf 89' lang='lat' dir='ltr'><strong>peccatum</strong></span> <span class='ocrx_word' id='word_1_242' title='bbox 1945 2670 2068 2718; x_wconf 93' lang='lat' dir='ltr'><strong>inter</strong></span> <span class='ocrx_word' id='word_1_243' title='bbox 2099 2676 2326 2733; x_wconf 87' lang='lat' dir='ltr'><strong>quattuor</strong></span> 
     </span>
     <span class='ocr_line' id='line_1_29' title="bbox 573 2749 2328 2808; baseline 0.002 -11"><span class='ocrx_word' id='word_1_244' title='bbox 573 2749 743 2797; x_wconf 90' lang='lat' dir='ltr'><strong>dicitur</strong></span> <span class='ocrx_word' id='word_1_245' title='bbox 768 2753 779 2774; x_wconf 90' lang='lat'>‘</span> <span class='ocrx_word' id='word_1_246' title='bbox 795 2749 1004 2798; x_wconf 90' lang='lat' dir='ltr'><strong>clamare</strong></span> <span class='ocrx_word' id='word_1_247' title='bbox 1041 2749 1104 2798; x_wconf 92' lang='lat' dir='ltr'><strong>ad</strong></span> <span class='ocrx_word' id='word_1_248' title='bbox 1126 2749 1320 2808; x_wconf 89' lang='lat' dir='ltr'><strong>Deum,’</strong></span> <span class='ocrx_word' id='word_1_249' title='bbox 1358 2765 1415 2800; x_wconf 91' lang='lat' dir='ltr'><strong>ac</strong></span> <span class='ocrx_word' id='word_1_250' title='bbox 1451 2752 1491 2799; x_wconf 91' lang='lat' dir='ltr'><strong>si</strong></span> <span class='ocrx_word' id='word_1_251' title='bbox 1526 2753 1725 2800; x_wconf 86' lang='lat' dir='ltr'><strong>materia</strong></span> <span class='ocrx_word' id='word_1_252' title='bbox 1759 2752 1976 2802; x_wconf 91' lang='lat' dir='ltr'><strong>seminea</strong></span> <span class='ocrx_word' id='word_1_253' title='bbox 2009 2765 2122 2800; x_wconf 91' lang='lat' dir='ltr'><strong>cum</strong></span> <span class='ocrx_word' id='word_1_254' title='bbox 2155 2751 2328 2800; x_wconf 88' lang='lat' dir='ltr'><strong>virtute</strong></span> 
     </span>
     <span class='ocr_line' id='line_1_30' title="bbox 572 2830 2326 2895; baseline 0.002 -18"><span class='ocrx_word' id='word_1_255' title='bbox 572 2830 890 2890; x_wconf 89' lang='lat' dir='ltr'><strong>informativa,</strong></span> <span class='ocrx_word' id='word_1_256' title='bbox 914 2845 1039 2893; x_wconf 89' lang='lat' dir='ltr'><strong>quae</strong></span> <span class='ocrx_word' id='word_1_257' title='bbox 1075 2830 1199 2880; x_wconf 90' lang='lat' dir='ltr'><strong>foret</strong></span> <span class='ocrx_word' id='word_1_258' title='bbox 1234 2847 1380 2880; x_wconf 90' lang='lat' dir='ltr'><strong>causa</strong></span> <span class='ocrx_word' id='word_1_259' title='bbox 1414 2832 1718 2895; x_wconf 88' lang='lat' dir='ltr'><strong>producendi</strong></span> <span class='ocrx_word' id='word_1_260' title='bbox 1752 2833 2003 2881; x_wconf 91' lang='lat' dir='ltr'><strong>hominem</strong></span> <span class='ocrx_word' id='word_1_261' title='bbox 2037 2833 2089 2881; x_wconf 93' lang='lat' dir='ltr'><strong>in</strong></span> <span class='ocrx_word' id='word_1_262' title='bbox 2119 2831 2326 2895; x_wconf 91' lang='lat' dir='ltr'><strong>disposi-</strong></span> 
     </span>
     <span class='ocr_line' id='line_1_31' title="bbox 571 2912 2323 2976; baseline 0.001 -18"><span class='ocrx_word' id='word_1_263' title='bbox 571 2912 704 2959; x_wconf 93' lang='lat' dir='ltr'><strong>tione</strong></span> <span class='ocrx_word' id='word_1_264' title='bbox 727 2912 1016 2975; x_wconf 89' lang='lat' dir='ltr'><strong>propinqua,</strong></span> <span class='ocrx_word' id='word_1_265' title='bbox 1042 2920 1094 2960; x_wconf 93' lang='lat' dir='ltr'><strong>ut</strong></span> <span class='ocrx_word' id='word_1_266' title='bbox 1119 2912 1232 2961; x_wconf 74' lang='lat' dir='ltr'><strong>sic¹2</strong></span> <span class='ocrx_word' id='word_1_267' title='bbox 1254 2913 1406 2962; x_wconf 94' lang='lat' dir='ltr'><strong>homo</strong></span> <span class='ocrx_word' id='word_1_268' title='bbox 1438 2914 1667 2962; x_wconf 89' lang='lat' dir='ltr'><strong>clamaret</strong></span> <span class='ocrx_word' id='word_1_269' title='bbox 1691 2915 1755 2962; x_wconf 90' lang='lat' dir='ltr'><strong>ad</strong></span> <span class='ocrx_word' id='word_1_270' title='bbox 1778 2914 1941 2962; x_wconf 89' lang='lat' dir='ltr'><strong>Deum</strong></span> <span class='ocrx_word' id='word_1_271' title='bbox 1976 2928 2068 2976; x_wconf 92' lang='lat' dir='ltr'><strong>pro</strong></span> <span class='ocrx_word' id='word_1_272' title='bbox 2092 2912 2323 2969; x_wconf 87' lang='lat' dir='ltr'><strong>vindicta,</strong></span> 
     </span>
     <span class='ocr_line' id='line_1_32' title="bbox 574 2993 2327 3056; baseline 0.001 -16"><span class='ocrx_word' id='word_1_273' title='bbox 574 3008 634 3040; x_wconf 89' lang='lat' dir='ltr'><strong>ex</strong></span> <span class='ocrx_word' id='word_1_274' title='bbox 659 3007 757 3056; x_wconf 91' lang='lat' dir='ltr'><strong>quo</strong></span> <span class='ocrx_word' id='word_1_275' title='bbox 796 2994 863 3041; x_wconf 92' lang='lat' dir='ltr'><strong>sic</strong></span> <span class='ocrx_word' id='word_1_276' title='bbox 896 2993 1224 3041; x_wconf 88' lang='lat' dir='ltr'><strong>innaturaliter</strong></span> <span class='ocrx_word' id='word_1_277' title='bbox 1257 2995 1549 3056; x_wconf 85' lang='lat' dir='ltr'><strong>extinguitur</strong></span> <span class='ocrx_word' id='word_1_278' title='bbox 1563 3010 1575 3054; x_wconf 90' lang='lat'>;</span> <span class='ocrx_word' id='word_1_279' title='bbox 1625 3003 1672 3042; x_wconf 91' lang='lat' dir='ltr'><strong>et</strong></span> <span class='ocrx_word' id='word_1_280' title='bbox 1703 2994 1817 3042; x_wconf 91' lang='lat' dir='ltr'><strong>hinc</strong></span> <span class='ocrx_word' id='word_1_281' title='bbox 1849 3002 1950 3042; x_wconf 93' lang='lat' dir='ltr'><strong>tam</strong></span> <span class='ocrx_word' id='word_1_282' title='bbox 1983 3009 2012 3042; x_wconf 89' lang='lat' dir='ltr'><strong>a</strong></span> <span class='ocrx_word' id='word_1_283' title='bbox 2034 2993 2146 3042; x_wconf 91' lang='lat' dir='ltr'><strong>Deo</strong></span> <span class='ocrx_word' id='word_1_284' title='bbox 2177 3007 2327 3056; x_wconf 90' lang='lat' dir='ltr'><strong>quam</strong></span> 
     </span>
     <span class='ocr_line' id='line_1_33' title="bbox 573 3074 2328 3137; baseline 0.001 -16"><span class='ocrx_word' id='word_1_285' title='bbox 573 3074 773 3122; x_wconf 92' lang='lat' dir='ltr'><strong>homine</strong></span> <span class='ocrx_word' id='word_1_286' title='bbox 797 3088 887 3137; x_wconf 92' lang='lat' dir='ltr'><strong>pro</strong></span> <span class='ocrx_word' id='word_1_287' title='bbox 913 3075 1006 3122; x_wconf 90' lang='lat' dir='ltr'><strong>isto</strong></span> <span class='ocrx_word' id='word_1_288' title='bbox 1030 3083 1234 3136; x_wconf 89' lang='lat' dir='ltr'><strong>peccato</strong></span> <span class='ocrx_word' id='word_1_289' title='bbox 1252 3075 1463 3123; x_wconf 88' lang='lat' dir='ltr'><strong>vindicta</strong></span> <span class='ocrx_word' id='word_1_290' title='bbox 1487 3082 1628 3122; x_wconf 89' lang='lat' dir='ltr'><strong>acuta</strong></span> <span class='ocrx_word' id='word_1_291' title='bbox 1645 3075 1889 3137; x_wconf 91' lang='lat' dir='ltr'><strong>accipitur.</strong></span> <span class='ocrx_word' id='word_1_292' title='bbox 1958 3074 2036 3121; x_wconf 90' lang='lat' dir='ltr'><strong>Ex</strong></span> <span class='ocrx_word' id='word_1_293' title='bbox 2059 3074 2172 3123; x_wconf 90' lang='lat' dir='ltr'><strong>hinc</strong></span> <span class='ocrx_word' id='word_1_294' title='bbox 2195 3075 2328 3122; x_wconf 89' lang='lat' dir='ltr'><strong>enim</strong></span> 
     </span>
    </p>
   </div>
   <div class='ocr_carea' id='block_1_3' title="bbox 577 3233 2328 3340">
    <p class='ocr_par' dir='ltr' id='par_1_3' title="bbox 577 3233 2328 3340">
     <span class='ocr_line' id='line_1_34' title="bbox 631 3233 2328 3287; baseline 0.001 -14"><span class='ocrx_word' id='word_1_295' title='bbox 631 3234 645 3257; x_wconf 87' lang='lat'>¹</span> <span class='ocrx_word' id='word_1_296' title='bbox 674 3233 826 3286; x_wconf 88' lang='lat' dir='ltr'><strong>prima]</strong></span> <span class='ocrx_word' id='word_1_297' title='bbox 847 3233 996 3286; x_wconf 89' lang='lat' dir='ltr'><strong>primo,</strong></span> <span class='ocrx_word' id='word_1_298' title='bbox 1016 3234 1080 3274; x_wconf 87' lang='lat' dir='ltr'><strong>ed.</strong></span> <span class='ocrx_word' id='word_1_299' title='bbox 1100 3246 1161 3287; x_wconf 88' lang='lat' dir='ltr'><strong>pr.</strong></span> <span class='ocrx_word' id='word_1_300' title='bbox 1412 3234 1428 3257; x_wconf 78' lang='lat'><strong>²</strong></span> <span class='ocrx_word' id='word_1_301' title='bbox 1455 3233 1715 3286; x_wconf 91' lang='lat' dir='ltr'><strong>monialium]</strong></span> <span class='ocrx_word' id='word_1_302' title='bbox 1737 3233 2118 3280; x_wconf 87' lang='lat' dir='ltr'><strong>sanctimonialium,</strong></span> <span class='ocrx_word' id='word_1_303' title='bbox 2139 3233 2259 3280; x_wconf 91' lang='lat' dir='ltr'><strong>C.D.,</strong></span> <span class='ocrx_word' id='word_1_304' title='bbox 2281 3233 2328 3274; x_wconf 94' lang='lat' dir='ltr'><strong>B.</strong></span> 
     </span>
     <span class='ocr_line' id='line_1_35' title="bbox 577 3287 2328 3340; baseline 0.001 -13"><span class='ocrx_word' id='word_1_305' title='bbox 577 3287 732 3339; x_wconf 90' lang='lat' dir='ltr'><strong>primae</strong></span> <span class='ocrx_word' id='word_1_306' title='bbox 751 3301 909 3334; x_wconf 87' lang='lat' dir='ltr'><strong>manus,</strong></span> <span class='ocrx_word' id='word_1_307' title='bbox 930 3287 995 3327; x_wconf 91' lang='lat' dir='ltr'><strong>ed.</strong></span> <span class='ocrx_word' id='word_1_308' title='bbox 1016 3301 1077 3340; x_wconf 93' lang='lat' dir='ltr'><strong>pr.</strong></span> <span class='ocrx_word' id='word_1_309' title='bbox 1283 3287 1299 3310; x_wconf 87' lang='lat'>³</span> <span class='ocrx_word' id='word_1_310' title='bbox 1327 3287 1565 3340; x_wconf 85' lang='lat' dir='ltr'><strong>effunditur]</strong></span> <span class='ocrx_word' id='word_1_311' title='bbox 1586 3288 1768 3328; x_wconf 90' lang='lat' dir='ltr'><strong>indebite</strong></span> <span class='ocrx_word' id='word_1_312' title='bbox 1785 3287 2012 3334; x_wconf 86' lang='lat' dir='ltr'><strong>effunditur,</strong></span> <span class='ocrx_word' id='word_1_313' title='bbox 2026 3300 2109 3328; x_wconf 86' lang='lat' dir='ltr'><strong>om.</strong></span> <span class='ocrx_word' id='word_1_314' title='bbox 2129 3287 2328 3328; x_wconf 87' lang='lat' dir='ltr'><strong>emittitur</strong></span> 
     </span>
    </p>
   </div>
   <div class='ocr_carea' id='block_1_4' title="bbox 537 3341 2327 3398">
    <p class='ocr_par' dir='ltr' id='par_1_4' title="bbox 537 3341 2327 3398">
     <span class='ocr_line' id='line_1_36' title="bbox 537 3341 2327 3398; baseline 0.001 -17"><span class='ocrx_word' id='word_1_315' title='bbox 537 3396 539 3398; x_wconf 21' lang='grc' dir='ltr'>Ι</span> <span class='ocrx_word' id='word_1_316' title='bbox 577 3354 661 3387; x_wconf 90' lang='lat' dir='ltr'><strong>seu,</strong></span> <span class='ocrx_word' id='word_1_317' title='bbox 681 3342 731 3382; x_wconf 91' lang='lat' dir='ltr'><strong>B.</strong></span> <span class='ocrx_word' id='word_1_318' title='bbox 751 3342 907 3393; x_wconf 87' lang='lat' dir='ltr'><strong>primae</strong></span> <span class='ocrx_word' id='word_1_319' title='bbox 926 3354 1086 3388; x_wconf 86' lang='lat' dir='ltr'><strong>manus,</strong></span> <span class='ocrx_word' id='word_1_320' title='bbox 1108 3341 1163 3381; x_wconf 89' lang='lat' dir='ltr'><strong>D.</strong></span> <span class='ocrx_word' id='word_1_321' title='bbox 1183 3341 1247 3381; x_wconf 88' lang='lat' dir='ltr'><strong>ed.</strong></span> <span class='ocrx_word' id='word_1_322' title='bbox 1267 3353 1329 3394; x_wconf 89' lang='lat' dir='ltr'><strong>pr.</strong></span> <span class='ocrx_word' id='word_1_323' title='bbox 1473 3341 1488 3364; x_wconf 79' lang='lat'><strong>⁴¹</strong></span> <span class='ocrx_word' id='word_1_324' title='bbox 1516 3342 1628 3394; x_wconf 92' lang='lat' dir='ltr'><strong>cum]</strong></span> <span class='ocrx_word' id='word_1_325' title='bbox 1651 3342 1756 3382; x_wconf 87' lang='lat' dir='ltr'><strong>sicut</strong></span> <span class='ocrx_word' id='word_1_326' title='bbox 1775 3341 1915 3382; x_wconf 89' lang='lat' dir='ltr'><strong>multis</strong></span> <span class='ocrx_word' id='word_1_327' title='bbox 1933 3341 2081 3387; x_wconf 88' lang='lat' dir='ltr'><strong>modis,</strong></span> <span class='ocrx_word' id='word_1_328' title='bbox 2102 3342 2149 3382; x_wconf 89' lang='lat' dir='ltr'><strong>B.</strong></span> <span class='ocrx_word' id='word_1_329' title='bbox 2169 3342 2327 3394; x_wconf 88' lang='lat' dir='ltr'><strong>primae</strong></span> 
     </span>
    </p>
   </div>
   <div class='ocr_carea' id='block_1_5' title="bbox 576 3395 2327 3611">
    <p class='ocr_par' dir='ltr' id='par_1_5' title="bbox 576 3395 2327 3611">
     <span class='ocr_line' id='line_1_37' title="bbox 576 3395 2327 3448; baseline 0.001 -13"><span class='ocrx_word' id='word_1_330' title='bbox 576 3408 734 3442; x_wconf 89' lang='lat' dir='ltr'><strong>manus,</strong></span> <span class='ocrx_word' id='word_1_331' title='bbox 755 3396 811 3435; x_wconf 93' lang='lat' dir='ltr'><strong>D.</strong></span> <span class='ocrx_word' id='word_1_332' title='bbox 831 3395 896 3435; x_wconf 91' lang='lat' dir='ltr'><strong>ed.</strong></span> <span class='ocrx_word' id='word_1_333' title='bbox 915 3408 976 3447; x_wconf 90' lang='lat' dir='ltr'><strong>pr.</strong></span> <span class='ocrx_word' id='word_1_334' title='bbox 1093 3395 1108 3419; x_wconf 78' lang='lat'>⁵</span> <span class='ocrx_word' id='word_1_335' title='bbox 1135 3395 1294 3436; x_wconf 89' lang='lat' dir='ltr'><strong>videtur</strong></span> <span class='ocrx_word' id='word_1_336' title='bbox 1313 3396 1470 3448; x_wconf 90' lang='lat' dir='ltr'><strong>tamen]</strong></span> <span class='ocrx_word' id='word_1_337' title='bbox 1490 3396 1600 3436; x_wconf 91' lang='lat' dir='ltr'><strong>unde</strong></span> <span class='ocrx_word' id='word_1_338' title='bbox 1618 3395 1788 3441; x_wconf 89' lang='lat' dir='ltr'><strong>videtur,</strong></span> <span class='ocrx_word' id='word_1_339' title='bbox 1809 3396 1873 3435; x_wconf 90' lang='lat' dir='ltr'><strong>ed.</strong></span> <span class='ocrx_word' id='word_1_340' title='bbox 1893 3408 1955 3448; x_wconf 87' lang='lat' dir='ltr'><strong>pr.</strong></span> <span class='ocrx_word' id='word_1_341' title='bbox 2091 3395 2108 3419; x_wconf 80' lang='lat'><strong>⁶</strong></span> <span class='ocrx_word' id='word_1_342' title='bbox 2135 3396 2327 3436; x_wconf 84' lang='lat' dir='ltr'><strong>saturitas</strong></span> 
     </span>
     <span class='ocr_line' id='line_1_38' title="bbox 577 3449 2324 3502; baseline 0.001 -14"><span class='ocrx_word' id='word_1_343' title='bbox 577 3449 783 3501; x_wconf 89' lang='lat' dir='ltr'><strong>—otium]</strong></span> <span class='ocrx_word' id='word_1_344' title='bbox 805 3463 887 3490; x_wconf 91' lang='lat' dir='ltr'><strong>om.</strong></span> <span class='ocrx_word' id='word_1_345' title='bbox 910 3450 956 3489; x_wconf 91' lang='lat' dir='ltr'><strong>B.</strong></span> <span class='ocrx_word' id='word_1_346' title='bbox 978 3449 1041 3489; x_wconf 89' lang='lat' dir='ltr'><strong>ed.</strong></span> <span class='ocrx_word' id='word_1_347' title='bbox 1061 3462 1123 3501; x_wconf 90' lang='lat' dir='ltr'><strong>pr.</strong></span> <span class='ocrx_word' id='word_1_348' title='bbox 1286 3449 1302 3472; x_wconf 86' lang='lat'><em>⁷</em></span> <span class='ocrx_word' id='word_1_349' title='bbox 1326 3449 1512 3501; x_wconf 87' lang='lat' dir='ltr'><strong>juvenes]</strong></span> <span class='ocrx_word' id='word_1_350' title='bbox 1534 3450 1732 3496; x_wconf 88' lang='lat' dir='ltr'><strong>homines,</strong></span> <span class='ocrx_word' id='word_1_351' title='bbox 1753 3449 1815 3490; x_wconf 89' lang='lat' dir='ltr'><strong>ed.</strong></span> <span class='ocrx_word' id='word_1_352' title='bbox 1839 3461 1901 3502; x_wconf 90' lang='lat' dir='ltr'><strong>pr.</strong></span> <span class='ocrx_word' id='word_1_353' title='bbox 2091 3449 2107 3472; x_wconf 82' lang='lat'>⁸</span> <span class='ocrx_word' id='word_1_354' title='bbox 2134 3449 2196 3501; x_wconf 89' lang='lat' dir='ltr'><strong>et]</strong></span> <span class='ocrx_word' id='word_1_355' title='bbox 2217 3449 2324 3502; x_wconf 82' lang='lat' dir='ltr'><strong>quia,</strong></span> 
     </span>
     <span class='ocr_line' id='line_1_39' title="bbox 579 3502 2326 3555; baseline 0.002 -14"><span class='ocrx_word' id='word_1_356' title='bbox 579 3502 734 3543; x_wconf 87' lang='lat' dir='ltr'><strong>A.B.C.</strong></span> <span class='ocrx_word' id='word_1_357' title='bbox 953 3503 968 3525; x_wconf 84' lang='lat'>⁹</span> <span class='ocrx_word' id='word_1_358' title='bbox 997 3503 1278 3555; x_wconf 88' lang='lat' dir='ltr'><strong>conviventes]</strong></span> <span class='ocrx_word' id='word_1_359' title='bbox 1300 3504 1574 3549; x_wconf 88' lang='lat' dir='ltr'><strong>convivantes,</strong></span> <span class='ocrx_word' id='word_1_360' title='bbox 1594 3504 1642 3544; x_wconf 90' lang='lat' dir='ltr'><strong>C.</strong></span> <span class='ocrx_word' id='word_1_361' title='bbox 1873 3503 1903 3528; x_wconf 87' lang='lat'><strong>¹⁰</strong></span> <span class='ocrx_word' id='word_1_362' title='bbox 1927 3502 2127 3555; x_wconf 84' lang='lat' dir='ltr'><strong>luxurias]</strong></span> <span class='ocrx_word' id='word_1_363' title='bbox 2147 3502 2326 3544; x_wconf 83' lang='lat' dir='ltr'><strong>luxurias</strong></span> 
     </span>
     <span class='ocr_line' id='line_1_40' title="bbox 578 3555 2204 3611; baseline 0.001 -16"><span class='ocrx_word' id='word_1_364' title='bbox 578 3555 821 3607; x_wconf 87' lang='lat' dir='ltr'><strong>corporales,</strong></span> <span class='ocrx_word' id='word_1_365' title='bbox 842 3556 895 3596; x_wconf 90' lang='lat' dir='ltr'><strong>D.</strong></span> <span class='ocrx_word' id='word_1_366' title='bbox 916 3557 979 3597; x_wconf 91' lang='lat' dir='ltr'><strong>ed.</strong></span> <span class='ocrx_word' id='word_1_367' title='bbox 999 3570 1062 3609; x_wconf 90' lang='lat' dir='ltr'><strong>pr.</strong></span> <span class='ocrx_word' id='word_1_368' title='bbox 1229 3557 1258 3582; x_wconf 85' lang='lat'><strong>¹¹</strong></span> <span class='ocrx_word' id='word_1_369' title='bbox 1287 3558 1400 3610; x_wconf 92' lang='lat' dir='ltr'><strong>cum]</strong></span> <span class='ocrx_word' id='word_1_370' title='bbox 1423 3564 1532 3605; x_wconf 90' lang='lat' dir='ltr'><strong>tunc,</strong></span> <span class='ocrx_word' id='word_1_371' title='bbox 1552 3558 1615 3598; x_wconf 92' lang='lat' dir='ltr'><strong>ed.</strong></span> <span class='ocrx_word' id='word_1_372' title='bbox 1636 3571 1696 3611; x_wconf 89' lang='lat' dir='ltr'><strong>pr.</strong></span> <span class='ocrx_word' id='word_1_373' title='bbox 1860 3555 1892 3580; x_wconf 80' lang='lat'><strong>¹²</strong></span> <span class='ocrx_word' id='word_1_374' title='bbox 1913 3557 1990 3609; x_wconf 85' lang='lat' dir='ltr'><strong>sic]</strong></span> <span class='ocrx_word' id='word_1_375' title='bbox 2011 3556 2076 3604; x_wconf 87' lang='lat' dir='ltr'><strong>sit,</strong></span> <span class='ocrx_word' id='word_1_376' title='bbox 2097 3557 2204 3597; x_wconf 89' lang='lat' dir='ltr'><strong>A.B.</strong></span> 
     </span>
    </p>
   </div>
  </div>
 </body>
</html>
