2496 4108
374 446 477 501 250

1044 429 1470 494 JOANNIS
1539 419 1895 479 WICLIF
2206 450 2359 480 ωιτν.

606 579 785 627 papam
826 571 873 611 et
914 563 1097 611 curiam
1139 563 1433 622 Romanam,
1471 563 1666 612 nidum¹
1710 579 1868 621 suum,
1906 562 1993 612 sed
2029 571 2077 612 et
2112 562 2358 627 praelatos

607 645 851 702 ecclesiae,
888 643 1180 706 temporales
1205 644 1465 703 DominOS,
1503 645 1780 693 sacerdotes
1817 645 2080 707 simpliceS,
2117 659 2174 693 ac
2210 644 2359 692 etiam

606 733 760 772 totum
792 724 978 786 vulgus,
1050 724 1182 772 Nam
1215 724 1388 772 Matth.
1414 726 1540 773 xxvi.
1577 725 1698 773 fides
1730 725 1993 788 scripturae
2027 725 2097 773 sic
2120 724 2359 788 loquitur:

607 810 618 830 ‘
636 806 953 853 coenantibus
977 806 1067 853 illis
1087 807 1274 869 accepit
1291 805 1434 870 Jesus
1452 807 1646 869 panem’
1668 806 1779 855 etc.²
1843 806 1907 854 Et
1926 805 2099 854 eadem
2122 806 2363 855 sententia

605 895 735 949 patet
777 887 920 948 plane
957 886 1114 934 Marci
1149 888 1241 934 xiv.
1279 887 1443 935 Lucae
1480 889 1594 935 xxii.
1633 896 1680 936 et
1727 903 1747 934 1
1785 887 1898 936 Cor.
1937 888 2028 948 xi.;
2079 903 2142 936 ex
2182 888 2360 951 quibus

605 968 724 1016 fides
771 969 1004 1016 ecclesiae
1047 969 1270 1017 observat
1310 970 1360 1016 in
1403 970 1769 1017 consecratione
1812 969 1954 1032 hujus
1995 969 2183 1017 hostiae
2227 969 2360 1017 hunc

605 1051 855 1097 ordinem:
905 1053 916 1074 ‘
935 1049 1035 1108 Qui
1066 1051 1220 1113 pridie
1253 1066 1400 1112 quam
1433 1059 1672 1113 pateretur
1705 1050 1891 1112 accepit
1922 1049 2065 1114 Jesus
2097 1065 2279 1112 panem
2309 1050 2361 1097 in

605 1139 796 1179 sanctas
821 1139 868 1178 et
891 1132 1189 1179 venerabiles
1226 1147 1400 1179 manus
1437 1148 1562 1188 suas,
1590 1140 1637 1180 et
1673 1132 1866 1180 elevatis
1903 1132 2056 1180 oculis
2091 1131 2142 1179 in
2166 1131 2360 1180 coelum

605 1213 668 1261 ad
708 1222 755 1260 te
797 1213 962 1260 Deum
1003 1212 1196 1260 Patrem
1239 1229 1379 1261 suum
1426 1215 1813 1275 omnipotentem
1854 1214 1940 1261 tibi
1987 1214 2166 1276 gratias
2205 1227 2360 1275 agens

605 1295 866 1353 benedixit,
906 1294 1046 1357 fregit
1094 1294 1323 1356 deditque
1371 1295 1617 1357 discipulis
1666 1296 1764 1342 suis
1813 1295 2009 1342 dicens:
2064 1294 2267 1356 accipite
2313 1302 2362 1342 et

607 1377 846 1425 comedite
873 1392 933 1424 ex
966 1376 1060 1424 hoc
1097 1391 1285 1434 omnes,
1310 1375 1404 1423 hoc
1441 1385 1513 1423 est
1539 1391 1716 1438 corpus
1750 1375 1969 1424 meum³.'
2038 1375 2100 1423 In
2131 1375 2361 1424 omnibus

606 1467 768 1506 autem
793 1458 892 1506 istis
918 1458 1132 1519 quinque
1157 1458 1276 1505 locis
1302 1472 1528 1520 suppono
1555 1457 1853 1505 concordare
1887 1457 2163 1515 sententias,
2189 1472 2360 1520 quam-

606 1541 676 1587 vis
724 1554 975 1587 sermones
1023 1539 1288 1601 paullulum
1336 1540 1430 1587 sint
1477 1539 1690 1587 diversi&
1762 1538 1826 1586 Et
1868 1554 1931 1586 ex
1977 1539 2070 1586 ista
2116 1537 2212 1586 fide
2259 1545 2361 1586 tam

608 1622 847 1668 autentice
873 1621 1180 1683 promulgata
1206 1635 1357 1683 arguo
1384 1620 1452 1668 sic
1472 1619 2044 1679 haereticis,—Christus,
2064 1621 2147 1683 qui
2170 1620 2363 1668 mentiri

608 1718 710 1750 non
734 1703 905 1766 potuit,
932 1702 1050 1749 dixit
1074 1717 1268 1764 panem,
1296 1716 1444 1764 quem
1469 1702 1656 1764 accepit
1684 1702 1734 1748 in
1767 1703 2008 1760 manibus,
2033 1717 2140 1750 esse
2173 1701 2363 1749 realiter

609 1800 784 1846 corpus
822 1799 977 1841 suum,
1004 1791 1052 1831 et
1087 1799 1190 1831 non
1225 1784 1396 1831 erravit
1431 1783 1482 1830 in
1517 1784 1610 1832 isto
1648 1799 1739 1832 nec
1779 1783 1954 1831 falsum
1990 1783 2204 1843 asseruit,
2241 1796 2360 1846 ergo

607 1866 834 1913 veraciter
858 1865 945 1912 fuit
968 1867 1044 1912 ita.
1116 1865 1180 1911 Et
1213 1865 1333 1912 haec
1366 1866 1486 1912 ratio
1521 1865 1602 1913 dat
1634 1866 1829 1927 plenam
1862 1865 2010 1913 fidem
2043 1865 2263 1913 fidelibus
2296 1865 2360 1913 ad

609 1947 759 1994 dictas
800 1947 1023 1994 haereses
1066 1946 1419 2004 detestandum,
1457 1954 1505 1993 et
1541 1946 1710 1994 fratres
1750 1962 1806 1994 ac
1848 1961 1962 1994 suos
1999 1947 2262 2008 complices
2299 1946 2360 1994 de

609 2030 794 2076 haeresi
856 2029 1258 2075 convincendum.
1353 2027 1499 2075 Unde
1556 2026 1841 2090 Ierorgymus,
1897 2035 2009 2076 ante
2067 2028 2360 2076 solutionem

612 2110 851 2158 Sathanae
886 2111 1146 2172 scripturae
1182 2124 1345 2156 sacrae
1378 2108 1632 2170 indagator
1665 2110 1966 2172 praecipuus,
1992 2110 2043 2156 in
2068 2109 2274 2172 epistola
2297 2109 2361 2158 ad

613 2190 912 2238 Helvidiam⁵
948 2199 1247 2253 pertractans
1283 2191 1426 2237 istam
1467 2191 1719 2237 materiam
1763 2192 1829 2238 sic
1867 2191 2137 2239 concludit:
2192 2190 2358 2249 ‘Nos,'

610 2274 775 2335 inquit,
803 2277 814 2297 ‘
832 2273 1098 2330 audiamuS,
1118 2288 1312 2334 panem,
1340 2287 1487 2334 quem
1510 2271 1650 2334 fregit
1668 2269 1938 2320 Dominus⁶
1960 2272 2191 2336 deditque
2216 2272 2359 2320 disci-

610 2355 734 2416 pulis
759 2354 1167 2411 manducandum,
1196 2369 1373 2415 corpus
1397 2369 1503 2401 esse
1524 2353 1728 2401 Domini
1747 2353 1994 2404 salvatoris
2013 2354 2121 2418 ipso
2141 2352 2359 2403 dicente:

614 2436 773 2484 “Hoc
799 2445 870 2485 est
896 2452 1072 2499 corpus
1097 2435 1308 2483 meum.''
1326 2436 1337 2455 '

1339 2827 1498 2875 CAP.
1535 2828 1628 2875 III.

871 2970 947 3018 De
970 2971 1181 3019 vocabulo
1206 2975 1218 2996 ‘
1234 2971 1335 3018 hoc'
1360 2973 1410 3018 z'n
1426 2973 1727 3033 propositione
1748 2974 2086 3020 sacramentali.

681 3109 884 3157 Alz‘thz'a.
954 3109 1119 3157 Frater
1159 3110 1240 3166 mi,
1283 3109 1477 3171 gaudeo
1519 3109 1654 3171 quod
1694 3117 1795 3156 tam
1837 3110 1994 3158 lucide
2035 3110 2259 3173 procedis
2295 3111 2358 3159 ad

613 3190 954 3239 declarandum
979 3190 1125 3239 fidem
1150 3190 1381 3239 ecclesiae
1405 3190 1548 3237 nimis
1573 3190 1654 3238 diu
1679 3190 2029 3239 absconditam.
2090 3191 2198 3240 Nec
2216 3192 2358 3241 video

670 3356 683 3379 1
712 3354 873 3406 nidum]
896 3353 1154 3394 defoedando
1174 3353 1328 3400 nidum,
1348 3353 1412 3393 ed.
1431 3366 1493 3405 pr.
1725 3352 1742 3375 ²
1768 3352 1938 3406 panem]
1959 3353 2064 3394 Cod.
2084 3353 2184 3395 B.C.
2203 3354 2359 3395 addunt

616 3410 740 3448 verba
757 3423 766 3447 ε
797 3415 806 3430 ‘
823 3415 864 3448 et
883 3408 1424 3477 benedinit-remissionem
1443 3407 1731 3469 peccatorum!
1939 3407 1955 3430 ³
1980 3408 2106 3448 verba
2123 3414 2134 3431 ‘
2146 3409 2360 3503 accepit—t

618 3462 1326 3568 3?5{.¹2{]¹2332”d12?0¹53¹2.5³553·1327
1347 3462 1394 3501 B·
1414 3474 1571 3538 Pruna?
1588 3461 2092 3568 ffiaeissiffiiaessffipiffiam,
2113 3514 2227 3564 ac..
2246 3475 2360 3558 Εῗῖξέ-

619 3570 739 3614 diam,
761 3571 812 3609 A.
977 3570 993 3594 ⁶
1022 3570 1247 3622 Dominus]
1268 3583 1351 3610 om.
1375 3569 1529 3610 A.B.C.
1550 3570 1614 3609 ed.
1633 3582 1694 3622 pr.
