2496 4108
0 0 219 430 l

15 446 47 519 ἵ

22 1238 30 1249 .
18 1219 26 1227 “
10 878 41 1108 &ww
8 526 47 867 memffimaew

165 439 320 476 cuman
769 418 1342 471 TRIALOGUS.

162 553 502 617 principaliter,
527 554 615 602 sed
639 553 702 602 ad
726 553 1000 614 Christum,
1050 570 1142 603 nec
1166 555 1290 604 valet
1324 555 1652 605 solemnisatio
1686 557 1761 604 vel
1792 555 1948 604 festi-

162 636 283 684 vitas
318 635 426 684 talis
463 637 632 694 sancti,
669 636 761 683 nisi
798 636 858 684 de
895 644 1080 698 quanto
1125 637 1189 685 ad
1223 638 1641 700 magnificandum
1678 638 1925 686 Christum

160 725 430 780 praeparat,
463 717 528 766 ad
551 717 791 766 honorem
828 733 970 765 suum
1002 719 1180 777 incitat,
1206 727 1254 767 et
1279 720 1342 768 ad
1378 735 1598 768 amorem
1634 714 1775 768 suum
1810 735 1924 782 pro-

160 806 304 847 vocat
348 798 448 847 vel1
497 799 731 848 accendit.
821 796 967 847 Unde
1016 801 1054 848 si
1102 801 1292 864 aliquae
1340 811 1452 861 sunt
1501 803 1923 850 solemnisationes

161 885 441 925 sanctorum
490 893 616 940 quae
664 878 941 926 exorbitant
988 879 1051 926 ab
1097 878 1191 926 hoc
1239 879 1350 938 fine,
1409 895 1512 928 non
1560 882 1761 928 dubium
1807 881 1926 944 quin

161 956 400 1020 cupiditas
423 957 498 1006 vel
536 966 793 1020 peccatum
835 959 964 1007 aliud
1003 960 1063 1007 sit
1099 960 1151 1007 in
1188 975 1347 1009 causa.
1420 960 1543 1009 Ideo
1581 961 1717 1010 multi
1754 969 1925 1023 putant

160 1037 394 1102 prodesse
417 1039 664 1098 ecclesiae,
690 1040 824 1102 quod
857 1041 1160 1089 cessantibus
1193 1042 1294 1090 istis
1327 1043 1557 1090 omnibus
1590 1043 1924 1091 festivitatibus

161 1129 441 1168 sanctorum
466 1120 626 1169 solum
652 1120 829 1170 Christi
854 1121 1080 1171 festivitas
1113 1125 1405 1183 observetur,
1432 1125 1560 1187 quia,
1598 1134 1651 1172 ut
1684 1125 1923 1187 inquiunt,

160 1209 276 1250 tunc
300 1200 477 1250 Christi
500 1203 738 1251 memoria
761 1205 1002 1252 recentius
1035 1204 1303 1264 haberetur,
1328 1214 1377 1254 et
1408 1206 1564 1269 plebis
1599 1207 1794 1255 devotio
1819 1221 1922 1255 non

162 1284 232 1332 sic
270 1284 322 1332 in
362 1285 585 1332 membra
628 1283 805 1332 Christi
847 1285 1060 1334 indebite
1103 1295 1419 1349 spargeretur.
1510 1287 1608 1336 Sed
1646 1287 1921 1351 quomodo-

161 1379 355 1428 cunque
391 1365 452 1413 si't
477 1366 538 1414 de
572 1365 685 1424 hoe,
712 1374 897 1414 certum
931 1376 1004 1415 est
1039 1367 1174 1431 quod
1209 1383 1312 1417 non
1347 1369 1547 1432 prodest
1582 1370 1784 1432 alicujus
1815 1369 1923 1416 talis

163 1447 319 1495 sancti
343 1447 625 1495 solemnitas
650 1447 724 1495 vel
754 1448 963 1507 devoti0,
989 1450 1081 1498 nisi
1106 1449 1167 1498 de
1198 1459 1384 1512 quanto
1420 1451 1642 1499 accendit
1675 1451 1736 1498 ad
1761 1450 1924 1499 Chris-

162 1536 269 1587 tum
301 1529 582 1588 amandum,
617 1537 665 1578 et
696 1540 964 1594 praeparat,
989 1540 1042 1579 ut
1065 1532 1169 1595 ipse
1194 1533 1350 1596 magis
1383 1533 1514 1581 oret²
1546 1533 1609 1581 ad
1641 1533 1924 1595 suffragium

162 1611 549 1674 impetrandum3
586 1612 700 1674 quia
723 1620 909 1660 certum
927 1621 1002 1661 est
1019 1628 1080 1661 ex
1100 1613 1209 1672 fide,
1231 1614 1365 1677 quod
1390 1623 1581 1677 oportet
1605 1614 1924 1662 mediatorem

161 1696 257 1746 Dei
281 1705 329 1746 et
360 1698 617 1746 hominum
643 1698 889 1748 Christum
919 1700 1102 1764 Jesum,
1131 1702 1170 1749 si
1194 1702 1373 1765 aliquid
1398 1718 1428 1750 a
1453 1702 1691 1750 Trinitate
1717 1701 1923 1750 concedi

163 1780 353 1839 debeat,
399 1780 515 1843 per³
559 1782 828 1829 orationem
877 1783 1208 1846 cujuscunque
1256 1785 1409 1831 sancti
1457 1784 1648 1831 alterius
1695 1783 1924 1831 mediare.

162 1861 310 1911 Unde
352 1862 514 1911 multis
553 1863 751 1920 videtur,
795 1864 929 1926 quod
967 1865 1166 1927 quando
1209 1866 1511 1927 singulariter
1552 1866 1705 1912 oratio
1748 1865 1929 1912 directa

165 1942 279 1993 fuit⁴
307 1944 372 1992 ad
405 1943 537 1992 illam
572 1960 836 2007 personam
873 1945 1085 1993 mediam
1120 1961 1210 2010 pro
1249 1947 1490 2010 adjutorio
1527 1946 1772 2008 spirituali,
1811 1953 1928 1992 tunc

163 2025 272 2090 plus
300 2025 480 2088 profuit
511 2035 560 2074 et
590 2026 736 2074 crevit
767 2027 972 2075 ecclesia
997 2043 1146 2090 quam
1174 2028 1289 2076 facit
1311 2029 1479 2086 modo,
1504 2027 1665 2076 multis
1698 2028 1927 2075 interces-

163 2108 382 2156 sionibus
422 2107 705 2156 adinventis.
776 2109 841 2157 Et
883 2109 947 2157 si⁵
988 2109 1204 2157 Pseustis
1245 2109 1403 2168 instat,
1446 2109 1583 2172 quod
1620 2109 1774 2157 sancti
1809 2108 1928 2170 legis

161 2189 335 2238 veteris
377 2198 480 2237 non
522 2197 786 2252 sequuntur
829 2189 1091 2250 Christum,
1134 2191 1248 2254 quia
1289 2191 1513 2239 nondum
1561 2199 1635 2240 est
1680 2205 1771 2253 pro
1819 2190 1928 2252 lege

163 2271 325 2329 veteri,
352 2286 465 2319 cum
499 2277 509 2295 ‘
527 2269 769 2320 Christus'
805 2271 934 2319 dicat
969 2273 1204 2321 unionem
1239 2273 1596 2336 hypostaticam
1632 2281 1926 2330 naturarum,

164 2352 338 2402 dicitur
362 2353 453 2401 sibi
477 2353 614 2416 quod
636 2368 731 2401 nos
756 2353 1025 2403 audivimus
1050 2371 1109 2402 ex
1134 2355 1256 2418 lege,
1283 2355 1419 2418 quod
1445 2354 1665 2403 Christus
1688 2361 1854 2402 manet
1877 2354 1928 2400 in

164 2443 428 2493 aeternum,
456 2435 524 2483 sic
561 2435 696 2498 quod
731 2435 792 2483 de
831 2435 1024 2484 Christo
1062 2437 1364 2500 singulariter
1398 2438 1702 2485 verificantur
1738 2435 1928 2498 sophis-

163 2516 319 2567 mata⁶
343 2531 468 2580 quae
494 2515 555 2564 de
581 2517 685 2564 aliis
708 2516 988 2565 hominibus
1011 2518 1243 2566 verificari
1274 2533 1378 2566 non
1411 2517 1713 2581 potuerunt⁷,
1737 2525 1790 2564 ut
1814 2517 1929 2579 quia

163 2598 485 2662 personalitas
522 2597 699 2646 Christi
735 2606 808 2646 est
845 2606 1052 2656 aeterna,
1080 2608 1126 2646 et
1163 2615 1278 2648 suae
1313 2600 1624 2668 humanitatis
1660 2598 1928 2660 assumptio

163 2679 466 2729 aeternaliter
511 2688 810 2741 praeparata,
859 2688 1021 2741 potest
1068 2680 1162 2727 dici
1218 2681 1352 2743 quod
1399 2696 1489 2743 pro
1537 2689 1757 2742 tempore
1806 2679 1927 2740 legis

163 2762 336 2810 veteris
359 2769 526 2809 manet
559 2759 794 2819 Christus,
820 2762 934 2823 quia
957 2760 1146 2809 manet⁸
1170 2762 1261 2809 ista
1284 2776 1507 2824 persona,
1535 2770 1582 2809 et
1606 2762 1696 2808 ista
1719 2774 1929 2822 persona

163 2851 384 2906 tempore
421 2841 537 2891 suo⁹
573 2850 646 2890 est
683 2841 918 2890 Christus.
989 2842 1053 2889 Et
1087 2843 1202 2891 hinc
1238 2842 1487 2905 apostolus
1524 2841 1824 2889 confidenter
1855 2840 1940 2889 lo-.

163 2925 324 2988 quitur
353 2940 374 2972 1
406 2923 625 2972 Corinth.
652 2939 726 2972 x.:
767 2927 779 2948 ‘
795 2923 951 2982 Petra,
977 2924 1144 2987 inquit,
1171 2932 1272 2972 erat
1297 2922 1547 2972 Christus.’

236 3006 319 3054 Ad
354 3005 768 3054 conclusionem¹⁰
792 3005 1058 3053 secundam
1082 3013 1213 3068 patet
1237 3021 1298 3053 ex
1334 3005 1444 3063 fide,
1470 3004 1724 3067 quomodo
1750 3018 1779 3051 a
1803 3017 1926 3066 quo-

164 3103 357 3152 cunque
382 3087 624 3136 catholico
655 3087 802 3136 debet
828 3087 1048 3146 concedi,
1073 3087 1206 3150 quod
1223 3087 1494 3135 humanum
1511 3101 1667 3149 genus
1685 3091 1922 3148 perpetuo

220 3267 233 3292 ¹
262 3265 349 3318 vel]
380 3270 435 3312 et,
468 3266 623 3307 A..BC
661 3265 723 3305 ed.
757 3278 818 3317 pr.
1067 3264 1083 3287 ²
1111 3264 1220 3317 oret]
1256 3270 1344 3305 oret
1373 3270 1547 3341 patrem,
1583 3263 1635 3302 A.
1640 3263 1737 3303 B..C
1769 3261 1844 3355 cedi.
1864 3273 1926 3313 pr.

165 3374 181 3398 ⁵
165 3320 573 3450 ffimgigrtggtssrf
596 3319 1325 3425 secundagefflggxtsldsglghismata]
1346 3317 1927 3448 νεήὲὶοιέιῒέυξιιιϊῗξῒρῐξεάἰοαξὲ,

169 3429 222 3469 A.
226 3429 274 3468 B.
277 3429 325 3469 C.
436 3426 722 3480 ⁷potuerunt]
746 3433 948 3480 poterant,
970 3427 1021 3466 A.
1027 3427 1072 3466 B.
1077 3428 1148 3472 C.;
1183 3433 1388 3478 poterunt,
1409 3426 1472 3466 ed.
1493 3439 1554 3479 pr.
1681 3423 1927 3469 Christus,

168 3482 264 3536 quia
281 3481 441 3539 manet]
463 3495 545 3522 om.
566 3482 712 3534 ed.p1.
851 3482 866 3504 ⁹
897 3488 1081 3533 tempore
1100 3481 1195 3532 suo]
1217 3494 1293 3532 pro
1314 3486 1498 3533 tempore
1518 3493 1605 3526 suo,
1626 3479 1690 3520 ed.
1705 3491 1797 3574 Em
1787 3490 1930 3530 ,quae

168 3542 558 3643 ffignzzmpgrglsuo,
581 3536 632 3575 A.
638 3536 683 3575 Β.
687 3537 734 3576 C.
984 3536 1013 3558 ¹⁰
1042 3534 1366 3586 conclusionem]
1349 3534 1683 3587 ]quaestionem,
1773 3531 1929 3586 primae

2063 434 2165 490 235
