2496 4108
398 460 503 514 302
1066 440 1503 507 JoANNJS
1571 408 1935 494 WJCLJF
2220 462 2375 492 mm.
2484 470 2496 523 3

634 577 963 641 apostolorum
987 577 1132 625 docet
1163 576 1414 640 quomodo
1448 577 1778 626 intellexerant
1809 578 1899 626 ista
1922 573 2090 627 verba.⁴
2152 575 2377 626 Similiter

634 659 882 721 apostolus
922 674 946 706 2
988 657 1098 706 Cor.
1136 658 1227 705 viii.
1273 673 1556 720 supponens
1602 666 1655 706 ut
1700 659 1862 717 fidem,
1905 660 2158 722 quomodo
2204 669 2378 706 omnes

634 741 867 789 debemus
887 740 1021 802 sequi
1037 739 1283 787 Christum
1297 740 1348 786 in
1366 739 1595 798 moribus,
1614 741 1679 788 sic
1699 741 1970 803 subjungit3
2003 745 2014 766 ‘
2031 741 2189 799 scitis‚'
2210 739 2376 802 inquit,

634 827 645 847 ‘
660 822 863 885 gratiam
894 820 1095 869 Domini
1131 821 1281 868 nostri
1316 819 1433 883 Jesu
1469 820 1659 881 Christi,
1695 822 1803 884 qui¹
1839 831 2037 885 propter
2054 823 2160 870 *vos
2193 832 2377 884 egenus

630 903 783 952 factus
814 910 887 951 est
922 917 1035 950 cum
1067 909 1193 949 esset
1227 901 1372 959 dives,
1397 910 1450 950 ut
1483 902 1607 950 illius
1638 903 1803 966 inopia
1834 918 1920 951 vos
1950 904 2118 953 divites
2152 900 2374 951 essetis².''

632 986 758 1034 Cum
794 999 911 1047 ergo
947 999 1050 1032 non
1085 982 1207 1031 valet
1242 999 1435 1046 negare,
1460 985 1578 1047 quin
1613 992 1806 1047 oportet
1841 999 2014 1033 omnes
2049 984 2215 1033 fideles
2239 985 2374 1047 sequi

626 1067 876 1116 Christum
916 1066 967 1113 in
1013 1066 1241 1123 moribus,
1285 1073 1416 1127 patet
1453 1065 1589 1128 -quod
1630 1066 1680 1112 in
1725 1067 1881 1128 gradu
1927 1066 2146 1115 summo⁸
2185 1062 2378 1130 oportet

631 1149 830 1196 clericos
873 1147 1139 1209 specialiter
1179 1147 1230 1194 in
1270 1155 1550 1209 paupertate
1591 1147 1757 1194 humili
1797 1148 1932 1210 sequi
1973 1149 2147 1210 ipsum.
2230 1148 2382 1197 Unde

630 1230 840 1292 religiosi
882 1229 1048 1286 nostri,
1085 1228 1269 1276 utinam
1305 1243 1407 1276 non
1442 1228 1575 1286 false,
1609 1229 1898 1277 confitentur
1933 1231 2236 1279 concorditer
2270 1226 2377 1279 tan'-

630 1327 777 1374 quam
793 1311 1109 1359 substantiam
1119 1310 1362 1372 religionis
1378 1325 1492 1358 suae
1509 1310 1834 1358 obedientiam
1850 1303 2378 1372 servandam⁴Christo3

631 1401 962 1456 paupertatem
985 1401 1032 1440 et
1057 1393 1323 1440 castitatem
1348 1406 1495 1454 quam
1527 1393 1779 1440 servabant
1802 1393 2009 1455 virgines
2040 1393 2152 1442 huic
2177 1389 2377 1457 Sponsm

590 1514 597 1521 ‚
634 1474 856 1522 Similiter
874 1474 982 1522 Act.
1000 1474 1058 1521 vi.
1081 1489 1142 1521 ex
1167 1473 1362 1522 decreto
1382 1474 1713 1536 apostolorum
1737 1482 1848 1537 post
1871 1475 2155 1524 missionem
2175 1475 2378 1539 Spiritus

635 1556 797 1604 Sancti
831 1556 1013 1603 dictum
1046 1563 1118 1603 est
1151 1555 1370 1618 publice:
1423 1559 1553 1603 ‘non
1583 1563 1657 1604 est
1685 1571 1903 1618 aequum
1928 1571 2019 1605 nos
2050 1551 2378 1622 derelinquere

631 1640 830 1686 verbum
854 1638 948 1685 Dei
977 1646 1023 1685 et
1054 1639 1323 1686 ministrare
1356 1639 1537 1687 mensis
1547 1635 1594 1686 ⁵‚’
1665 1638 1728 1686 Et
1752 1639 1866 1687 hinc
1897 1640 2378 1703 ordinaverunt-sep-

632 1730 730 1768 tem
755 1721 988 1768 diaconos
1013 1719 1075 1767 ad
1099 1720 1193 1767 hoc
1218 1735 1356 1782 opus
1430 1719 1526 1767 Sed
1550 1720 1657 1782 quis
1691 1721 1875 1768 dubitat
1899 1722 2016 1783 quin
2040 1721 2116 1770 ille
2139 1722 2378 1785 praelatus

633 1803 790 1864 magis
814 1802 1107 1849 secularibus
1132 1803 1340 1864 negotiis
1373 1817 1423 1849 se
1457 1803 1682 1864 implicat,
1709 1804 1791 1865 qui
1815 1804 1980 1852 relicto
2006 1803 2185 1853 Christi
2215 1804 2377 1854 officio

633 1885 682 1931 in
706 1887 813 1940 vita,
836 1899 983 1946 quam
1007 1883 1217 1931 mundus
1243 1884 1403 1946 exigit,
1431 1899 1482 1931 se
1508 1885 1726 1933 intricat?
1785 1884 2051 1947 Apostolus
2077 1892 2241 1935 tamen
2265 1885 2380 1935 dicit

638 1982 670 2012 a
701 1965 916 2012 Timoth.
954 1951 1186 2026 ii;‚'quod
1223 1969 1234 1988 ‘
1251 1980 1398 2012 nemo
1434 1966 1643 2013 militans
1678 1966 1789 2014 Deo
1823 1968 2036 2030 implicat
2077 1983 2130 2016 se
2171 1969 2379 2032 negotiis

636 2043 983 2094 secularibus⁶.'
1055 2046 1177 2094 Ideo
1214 2061 1326 2093 cum
1363 2050 1373 2070 ‘
1391 2062 1537 2094 nemo
1583 2049 1726 2095 sumit
1768 2049 1858 2096 sibi
1893 2048 2133 2098 honorem
2169 2050 2256 2098 sed
2295 2051 2379 2113 qui

633 2136 831 2176 vocatur
865 2143 894 2175 a
930 2127 1095 2185 Deo⁷,’
1121 2136 1252 2190 patet
1287 2128 1422 2190 quod
1456 2129 1695 2190 praelatus
1730 2129 1874 2178 habet
1909 2130 2042 2178 illum
2075 2130 2315 2180 honorem
2349 2139 2380 2180 a]

634 2210 827 2258 diabolo
852 2210 927 2257 cui
954 2225 1005 2257 se
1029 2210 1249 2271 probavit
1262 2226 1274 2268 ;
1323 2218 1369 2258 et
1394 2211 1461 2257 sic
1489 2211 1626 2273 juxta
1649 2212 1858 2273 primum
1881 2214 2079 2260 verbum
2098 2205 2260 2262 Lucae
2285 2214 2377 2262 xiv:

624 2292 738 2339 talis
762 2306 862 2338 non
889 2299 1049 2353 potest
1071 2306 1177 2338 esse
1203 2290 1377 2339 Christi
1404 2291 1675 2354 discipulus,
1703 2293 1789 2340 sed
1813 2293 2074 2355 discipulus
2103 2295 2379 2344 antichristi.

631 2372 695 2419 Et
730 2370 821 2419 sic8
847 2386 958 2419 cum
993 2372 1254 2433 praesumit
1278 2387 1382 2419 esse
1419 2373 1575 2434 major
1598 2373 1815 2421 Domino
1851 2373 1968 2437 Jesu
2003 2374 2212 2434 ChristO,
2247 2381 2381 2439 patet

633 2454 767 2516 quod
801 2468 904 2500 non
939 2461 1010 2500 est
1045 2453 1148 2515 ejus
1185 2452 1446 2515 discipulus
1471 2455 1570 2502 sive
1596 2470 1773 2514 servus,
1800 2456 1886 2504 sed
1921 2448 2092 2518 potius
2117 2448 2380 2520 discipulus

633 2534 932 2582 antichristi⁹.
1003 2534 1066 2581 Et
1100 2550 1159 2582 ex
1195 2535 1296 2582 istis
1332 2543 1517 2597 septem
1553 2537 1773 2598 panibus,
1808 2537 1917 2585 licet
1943 2530 2060 2586 “non
2097 2537 2378 2589 hordeaceis

633 2615 719 2662 sed
760 2615 871 2662 satis
913 2615 1109 2677 asperis,
1151 2623 1312 2678 potest
1355 2617 1467 2663 satis
1509 2617 1666 2664 satiari
1708 2618 1918 2680 populus
1955 2619 2292 2681 praelatorum,
2312 2628 2379 2668 'et

633 2696 908 2758 supradicta
932 2697 1168 2744 sententia
1193 2697 1480 2745 confirmari.
1549 2698 1659 2746 Alia
1683 2707 1845 2747 autem
1871 2705 1882 2725 ‘
1898 2700 2233 2763 fragmenta¹⁰’
2260 2694 2377 2750 doc*

631 2785 791 2826 torum
815 2785 863 2824 et
886 2778 1098 2825 rationes
1122 2793 1243 2840 quas
1267 2778 1317 2825 in
1346 2769 1450 2827 ista
1468 2780 1666 2827 materia
1699 2781 1896 2842 quidam
1919 2771 2250 2846 multiplicantj
2275 2799 2378 2831 non

632 2867 821 2921 oportet
845 2875 937 2907 nos
963 2859 1025 2907 ad
1048 2859 1144 2907 hoc
1177 2860 1414 2922 colligere,
1441 2876 1553 2908 cum
1585 2860 1705 2908 haec
1737 2863 1924 2924 integra
1956 2863 2016 2911 de
2047 2863 2156 2926 lege
2180 2879 2308 2912 nova
2331 2873 2378 2913 et

631 2941 776 2989 veteri
801 2940 1042 2988 sufficiunt
1066 2940 1287 2989 fidelibus
1314 2941 1376 2989 ad
1400 2942 1541 2989 istam
1566 2943 1852 2991 sententiam
1876 2945 2274 2994 confirmandam.

684 3090 698 3113 ¹
727 3089 815 3142 qui]
851 3090 1057 3142 quoniam,
1086 3090 1149 3131 ed.
1181 3104 1242 3143 pr.
1514 3090 1530 3113 ²
1556 3091 1847 3143 vos-essetis]
1874 3104 2198 3140 nos-essemus,
2222 3095 2376 3136 A.B.C.

630 3143 645 3166 ³
674 3145 854 3197 summo]
877 3158 964 3190 suo,
985 3145 1049 3185 ed.
1069 3158 1130 3198 pr.
1267 3144 1282 3167 ⁴
1309 3144 1569 3196 servandam]
1591 3145 1901 3191 observandum,
1922 3146 2077 3187 A.B.C.
2204 3149 2220 3173 ⁵
2246 3163 2378 3190 nos—

629 3198 799 3250 mensis]
830 3212 911 3238 om.
941 3200 1044 3238 A.B.
1063 3199 1126 3239 ed.
1145 3212 1206 3251 pr.
1496 3199 1512 3222 ⁶
1541 3199 1958 3251 Deo—secularibus]
1988 3214 2071 3241 om.
2101 3201 2204 3243 A.B.
2224 3204 2288 3244 ed.
2316 3217 2378 3256 pr.

631 3251 645 3273 ⁷
674 3251 724 3292 cs.
747 3253 877 3292 Hebr.
898 3267 935 3293 v.
957 3265 995 3304 4.
1143 3255 1158 3275 ⁸
1186 3253 1263 3304 sic]
1285 3267 1367 3293 om.
1383 3253 1538 3293 A.B.C.
1666 3254 1681 3275 ⁹
1709 3254 1958 3307 antichristi]
1978 3255 2103 3301 verba
2122 3261 2186 3297 ‘et
2205 3258 2264 3298 sic
2283 3271 2377 3299 cum

632 3306 932 3346 —antichristi'
953 3307 1091 3347 omisit
1113 3308 1217 3348 Cod.
1239 3308 1285 3347 B.
1450 3307 1481 3330 ¹⁰
1509 3307 1558 3347 cf.
1582 3307 1732 3347 Matth.
1751 3308 1830 3348 xiv.
1854 3315 1916 3348 20.
