2436 4094
306 425 387 482 74

998 408 1425 476 JoANNJS
1469 409 1822 461 WICLIF
2154 429 2291 461 mar„

536 547 800 611 producere
809 545 840 604 ¹,
866 553 983 593 tunc
1007 550 1079 592 est
1104 543 1216 591 dare
1241 543 1509 592 maximum
1533 557 1790 591 numerum
1814 558 1962 606 quem
1986 551 2146 607 potest
2166 559 2281 608 pro-

535 629 723 686 ducere,
748 635 795 674 et
821 626 888 673 sic
912 625 989 673 ille
1013 639 1244 672 numerus
1267 632 1339 672 est
1363 625 1643 686 signandus,
1668 633 1715 673 et
1740 626 1808 673 sic
1831 626 2049 688 potentia
2070 625 2166 674 Dei
2187 634 2285 674 ter-

534 712 742 757 minatur
788 707 850 755 ad
898 706 1087 754 finitum
1134 714 1182 754 et
1227 705 1496 753 maximum
1542 705 1676 768 quod
1721 714 1896 769 potest,
1939 706 2074 771 quod
2117 716 2284 756 tamen

534 790 769 852 effugiunt
791 796 844 835 ut
866 802 1109 835 venenum
1122 802 1135 847 3
1184 787 1235 834 in
1267 787 1495 836 omnibus
1530 787 1630 836 istis
1662 787 1873 836 facilitati
1906 804 2074 838 sumus
2106 803 2284 838 conce-

535 871 661 930 dere,
681 868 814 932 quod
832 877 905 917 est
924 868 1038 917 dare
1057 869 1340 926 maximum,
1361 868 1494 931 quod
1512 868 1648 918 Deus
1665 877 1826 932 potest
1843 870 2135 933 intelligere3
2170 870 2285 934 quia

533 954 651 1001 istos
686 951 910 999 homines
948 965 1074 1012 quos
1112 949 1250 998 Deus
1288 950 1505 1013 intelligit
1541 958 1590 998 et
1636 951 1873 1014 producit,
1913 959 2076 1014 potest
2113 951 2284 1000 intelli-

534 1049 662 1097 gere,
699 1040 747 1081 et
781 1047 883 1081 non
916 1030 1065 1091 ultra;
1121 1031 1253 1079 unde
1290 1032 1410 1080 sicut
1444 1031 1577 1080 idem
1611 1041 1686 1081 est
1724 1032 1854 1081 Deus
1877 1033 2096 1096 z‘ntellzgz't
2114 1033 2210 1092 hoc,
2234 1041 2284 1082 et

527 1111 692 1178 potest2
739 1115 988 1176 z‘ntellzgrere
1031 1113 1126 1172 hoc,
1175 1114 1243 1161 sic
1289 1113 1421 1161 idem
1467 1122 1540 1162 est
1578 1112 1710 1162 Deus
1736 1116 1875 1178 facit
1915 1114 2011 1174 hoc,
2058 1122 2108 1163 et
2153 1113 2286 1163 Deus

529 1202 673 1259 potest
682 1197 851 1260 facere
874 1196 965 1243 hoc.
1037 1194 1259 1243 Potentia
1291 1203 1452 1243 autem
1485 1210 1573 1244 sua
1601 1204 1671 1244 est
1693 1196 1918 1245 utrolibet
1940 1196 2139 1255 infinita,
2173 1210 2288 1255 cum

537 1279 596 1326 sit
640 1277 857 1340 potentia
897 1291 1000 1324 non
1046 1276 1233 1325 habens
1279 1276 1428 1324 finem
1473 1277 1761 1326 ulteriorem.
1849 1277 2073 1326 Potentia
2119 1285 2285 1326 autem

537 1367 698 1408 creata
722 1367 793 1407 est
828 1359 974 1417 finita,
1011 1359 1124 1421 quia
1155 1358 1300 1405 habet
1332 1358 1481 1406 finem
1514 1374 1659 1421 supra
1694 1374 1746 1407 se
1777 1359 1938 1421 ipsam
1970 1359 2206 1422 objective
2238 1367 2288 1408 et

537 1442 738 1490 finaliter
756 1441 1108 1489 terminantem.
1177 1439 1242 1487 Et
1263 1440 1330 1488 ita
1354 1439 1557 1488 concedi
1580 1447 1754 1502 potest,
1773 1439 1907 1503 quod
1924 1440 2056 1489 idem
2079 1448 2152 1490 est
2173 1455 2287 1503 pro-

538 1523 804 1572 ducibilitas
838 1529 1082 1571 creaturae
1114 1530 1161 1569 et
1186 1522 1289 1584 ejus
1321 1521 1688 1584 intelligibilitas,
1722 1537 1835 1570 cum
1865 1522 1996 1570 idem
2027 1523 2100 1580 sit,
2125 1521 2290 1570 Deum

540 1608 667 1654 intus
694 1604 879 1667 legere3
911 1611 1180 1652 creaturam
1212 1603 1490 1666 quamlibet,
1522 1611 1571 1651 et
1594 1604 1752 1666 ipsam
1783 1603 2052 1666 producere
2083 1603 2158 1652 vel
2189 1618 2290 1652 ser-

541 1702 666 1735 vare.
736 1686 845 1733 Alia
869 1685 1054 1733 autem4
1077 1684 1263 1732 videtur
1285 1685 1588 1734 instantanea
1618 1685 1876 1749 productio
1911 1700 2061 1749 quam
2084 1685 2289 1735 servatio

544 1768 619 1816 vel
654 1767 929 1824 intellecti0‚
967 1773 1017 1814 et
1057 1767 1126 1814 sic
1165 1765 1337 1814 eadem
1374 1775 1447 1815 est
1483 1766 1608 1829 ydea
1643 1767 1876 1816 causandi
1911 1775 1960 1816 et
1994 1767 2292 1831 intelligendi

546 1848 808 1912 quamlibet
832 1854 1112 1895 creaturam.
1185 1847 1283 1895 Sed
1315 1862 1428 1896 cum
1458 1849 1647 1910 peccati
1679 1863 1783 1896 non
1807 1849 1867 1897 sit
1896 1849 2036 1911 ydea,
2060 1864 2153 1898 nec
2174 1864 2291 1912 pec-

546 1930 639 1979 cati
662 1927 1005 1992 productivitas
1029 1927 1102 1975 vel
1132 1927 1494 1990 producibilitas
1526 1939 1597 1978 est
1627 1929 1678 1976 in
1701 1929 1812 1978 Deo
1826 1946 1839 1990 3
1888 1938 2082 1992 oportet
2112 1942 2291 1980 conce-

547 2010 660 2059 dere
685 2017 940 2073 peccatum
965 2023 1086 2067 esse,
1107 2017 1154 2056 et
1179 2010 1348 2058 adesse
1374 2010 1447 2057 vel
1471 2009 1660 2073 potius⁵
1683 2011 1855 2059 abesse
1881 2011 2115 2072 deficere;
2151 2020 2201 2060 et
2224 2012 2293 2061 sic

547 2093 730 2141 ratione
754 2091 939 2154 peccati
963 2098 1155 2154 oportet
1186 2091 1237 2138 in
1262 2095 1274 2115 ‘
1291 2091 1419 2139 esse'
1446 2092 1778 2154 aequivocam,
1803 2100 1852 2140 et
1884 2093 1954 2141 sic
1986 2093 2187 2156 quilibet
2209 2095 2293 2157 qui

547 2173 787 2222 malefacit
810 2172 884 2220 vel
907 2180 1090 2235 peccat,
1109 2171 1292 2220 videtur
1314 2180 1446 2220 tante
1468 2173 1756 2222 malefacere
1779 2182 1960 2236 quante
1982 2183 2159 2238 potest.
2229 2175 2294 2223 Et

548 2256 639 2304 ista
662 2253 928 2302 moderatio
961 2252 1172 2301 hominis
1203 2262 1507 2302 mensuratur
1538 2270 1624 2317 per
1647 2254 1811 2303 Deum
1843 2257 1907 2304 ad
1927 2265 2115 2305 tantum
2139 2271 2294 2320 quan-

546 2345 651 2384 tum
691 2343 864 2398 potest,
905 2334 1014 2383 licet
1053 2335 1157 2396 ipse
1197 2335 1387 2397 ignoret
1431 2336 1690 2384 terminum
1728 2339 2131 2398 mensurantem⁸,
2171 2339 2309 2388 sicut

547 2416 706 2465 infans
729 2423 863 2479 putat
887 2430 939 2463 se
964 2415 1135 2478 posse⁷
1157 2417 1340 2463 moveri
1365 2424 1412 2464 et
1436 2418 1664 2480 progredi
1687 2419 1812 2467 ultra
1833 2419 1930 2468 hoc
1957 2420 2093 2484 quod
2123 2420 2295 2471 limitat

547 2499 708 2560 ipsum
733 2496 928 2555 ducem,
954 2497 1068 2559 quia
1091 2496 1240 2544 credit
1271 2512 1472 2547 erronee
1502 2500 1662 2562 ipsum
1685 2500 1780 2549 hoc
1804 2501 1965 2550 facere
1988 2517 2051 2550 ex
2083 2517 2136 2551 se
2166 2503 2294 2566 ipso·

548 2577 779 2626 Notanda
811 2585 976 2626 tamen
1011 2585 1085 2625 est
1119 2577 1361 2627 distinctio
1397 2581 1602 2629 actionis
1625 2581 1721 2630 Dei
1756 2582 1819 2631 ad
1854 2583 1980 2632 intra
2013 2591 2062 2632 et
2085 2585 2292 2634 actionis

547 2673 662 2707 suae
686 2658 749 2706 ad
766 2666 912 2717 extra,
934 2673 1047 2728 cum
1069 2659 1226 2722 prima
1249 2675 1351 2708 non
1376 2662 1435 2710 sit
1458 2670 1678 2726 tempore
1702 2673 1991 2724 mensurata,
2012 2666 2134 2714 sicut
2156 2681 2295 2716 men-

548 2747 733 2788 suratur
768 2740 980 2789 secunda
993 2756 1006 2801 ;
1058 2740 1129 2789 θῖ8
1163 2743 1382 2804 quamvis
1415 2746 1689 2794 necessario
1716 2745 1853 2797 Deus
1882 2747 1997 2797 facit
2027 2748 2124 2798 hoc
2151 2763 2295 2812 opuS,

548 2822 670 2869 sicut
692 2828 739 2869 et
762 2821 922 2884 ipsum
945 2822 1176 2885 intelligit,
1200 2831 1365 2872 tamen
1383 2829 1658 2876 necessario
1676 2828 1812 2878 Deus
1830 2845 2021 2893 semper
2037 2830 2296 2894 intenigit⁹‚

549 2901 635 2950 sed
659 2917 762 2950 non
785 2917 978 2965 semper
1001 2905 1271 2953 necessario
1295 2906 1410 2954 illud
1433 2907 1556 2957 facit.
1628 2910 1692 2958 Et
1716 2911 1784 2959 sic
1809 2912 1936 2960 actio
1959 2911 2054 2961 Dei
2077 2911 2141 2960 ad
2171 2913 2296 2962 intra

548 2998 651 3031 non
685 2983 1004 3033 individuatur
1038 3000 1068 3032 a
1101 2992 1334 3048 tempore,
1370 2987 1479 3037 licet
1514 2991 1787 3039 necessario
1827 2992 1890 3040 ad
1924 2993 2167 3042 actionem
2200 2994 2296 3044 Dei

549 3064 857 3114 intrinsecam
887 3073 1081 3129 tempus
1111 3067 1436 3130 consequitur.
1507 3069 1614 3119 Nec
1646 3071 1960 3135 despicienda
1987 3082 2060 3123 est
2083 3074 2162 3139 illa
2185 3090 2294 3124 sen-

607 3268 622 3291 ¹
649 3270 892 3324 producere]
931 3271 1168 3325 producere,
1205 3273 1330 3313 stabat
1364 3273 1573 3326 Jobannes,
1607 3275 1671 3315 ed.
1705 3288 1781 3328 pr„
1819 3275 1868 3317 C.
1906 3275 2107 3319 secundae
2137 3291 2296 3321 manus.

552 3320 568 3343 ²
595 3324 751 3376 potest]
774 3326 889 3366 Deus
907 3332 1057 3379 potest,
1078 3327 1127 3367 C.
1148 3327 1211 3367 ed.
1231 3340 1293 3380 pr.
1439 3328 1455 3351 ⁸
1484 3328 1621 3369 Deum
1639 3330 1749 3370 intus
1766 3330 1922 3383 legere]
1941 3331 2172 3379 dicendum,
2191 3334 2298 3375 inter

553 3374 700 3427 legere,
720 3379 783 3418 ed.
802 3392 864 3432 pr.
1121 3380 1137 3403 ⁵
1163 3381 1320 3434 autem]
1342 3387 1494 3428 tamen,
1514 3383 1569 3423 D.
1827 3384 1843 3408 ⁶
1869 3385 2028 3438 potius]
2049 3398 2132 3426 om.
2152 3388 2215 3428 ed.
2234 3401 2297 3442 pr.

554 3428 569 3450 ⁶
598 3431 814 3472 terminum
820 3434 1142 3488 mensurantem]
1151 3436 1337 3476 bravium
1343 3443 1658 3484 mensurantem,
1672 3437 1719 3478 B.
1731 3452 1743 3488 3
1755 3439 1939 3480 bravium
1951 3441 2232 3488 mensurantis,
2242 3442 2296 3482 A.

553 3480 570 3503 ‘¹
597 3485 737 3536 posse]
760 3499 841 3526 om.
863 3488 960 3528 B.C.
981 3490 1044 3529 ed.
1064 3502 1126 3541 pr.
1237 3490 1252 3513 ⁸
1280 3491 1340 3542 et]
1362 3504 1445 3531 om.
1465 3491 1529 3531 ed.
1548 3505 1610 3544 pr.
1723 3493 1756 3532 *⁹
1782 3498 1920 3534 tamen
1937 3495 2163 3535 necessario
2184 3496 2300 3537 Deus

558 3548 715 3588 semper
734 3539 944 3593 intelligit]
966 3556 1048 3582 om.
1069 3543 1132 3584 ed.
1153 3557 1234 3596 pr.;
1265 3549 1402 3585 tamen
1421 3546 1647 3586 necessario
1668 3546 1781 3588 Deus
1800 3560 1838 3587 se
1855 3546 1978 3599 ipsum
1997 3547 2201 3602 intelligit,
2221 3550 2278 3590 D.
