2496 4108
390 467 493 526 2'94
1062 456 1520 520 JOANNIS*
1562 455 1924 506 WYCZIF
2218 476 2373 505 mant.

623 609 714 640 nec
750 592 908 640 adhuc
944 590 1084 638 video
1121 590 1553 646 contradictionem
1590 591 1767 639 claram
1803 606 1879 638 ex>
1899 591 2083 638 ratione
2118 590 2269 638 vivaci
2296 589 2372 637 vel

624 675 867 735 scriptura,
903 672 1155 734 quomodo
1192 673 1573 720 contradicerem
1597 674 1754 720 verbis
1788 673 1894 720 tuis.
1969 671 2066 719 Sed
2101 671 2372 734 supposito,

623 756 755 818 quod
781 755 1001 817 episcopi
1027 753 1188 801 orent¹
1217 753 1306 816 pro
1330 755 1597 816 baptisatis,
1617 762 1668 802 ut
1692 755 1742 800 in
1767 754 2048 815 acceptione
2076 751 2239 801 Sancti
2255 751 2371 814 Spi-

622 840 738 884 ritus
785 836 1145 893 confirmentur,
1188 843 1234 883 et
1282 843 1534 897 apponant
1581 836 1720 897 signa
1769 834 2012 882 sensibilia
2065 833 2218 881 modo
2270 847 2372 895 quo

599 918 814 981 vfaciunt,
853 932 955 964 non
990 917 1132 964 video
1173 917 1289 979 quin
1333 917 1592 964 conficiant
1630 916 1727 963 hoc
1764 916 1956 963 tertium
1995 921 2370 971 sacramentum,

621 1000 873 1062 supposito
917 998 1049 1060 quod
1095 999 1171 1045 ille
1219 999 1328 1046 finis
1375 999 1575 1055 eveniat,
1626 999 1748 1046 sicut
1793 998 1843 1044 in
1891 997 2070 1045 sanctis
2116 994 2374 1058 apostolis²

621 1082 921 1142 sequebatur,
957 1079 1091 1142 quod
1122 1080 1162 1126 si
1188 1095 1216 1127 a
1248 1080 1343 1127 fine
1377 1080 1713 1141 apostolorum
1746 1079 1985 1136 deficiant,
2010 1092 2112 1124 non
2144 1077 2372 1125 video'ex

620 1163 715 1210 hoc
739 1170 886 1219 textu,
920 1161 1171 1224 quomodo
1207 1161 1534 1209 confirmant⁸.
1606 1160 1821 1219 Quando
1858 1169 2020 1207 autem
2045 1161 2108 1207 ab
2132 1159 2226 1207 isto
2251 1158 2373 1207 defi-

621 1244 753 1291 ciunt
789 1251 835 1290 et
870 1242 1069 1305 quando
1104 1243 1253 1289 finem
1294 1243 1439 1290 istum
1475 1242 1755 1304 attingunt4,
1791 1241 1974 1289 videtur
2008 1255 2188 1288 vanum
2227 1240 2372 1288 nobis

621 1325 870 1373 discutere.

689 1406 896 1468 Oportet
927 1414 1090 1453 tamen
1122 1420 1214 1454 nos
1249 1405 1317 1452 sic
1349 1405 1456 1453 laxe
1480 1404 1613 1467 loqui
1647 1405 1707 1453 de
1740 1409 2035 1462 sacramentO,
2062 1418 2175 1452 cum
2199 1403 2376 1451 Petrus

620 1496 667 1535 et
692 1487 942 1550 Johannes
966 1487 1311 1534 ascenderunt5
1328 1487 1378 1533 in
1403 1487 1637 1549 templum
1661 1494 1714 1533 ut
1739 1493 1947 1543 orarent,
1967 1485 2185 1533 fecerunt
2209 1499 2370 1532 sacra-

620 1567 837 1616 mentum
872 1569 1123 1626 laudabile,
1161 1569 1274 1630 quia
1310 1577 1492 1616 certum
1527 1576 1614 1626 est,
1652 1568 1786 1629 quod
1821 1582 1991 1615 eorum
2028 1566 2303 1614 ambulatio
2318 1574 2375 1613 et

621 1650 747 1698 Petri
779 1650 956 1697 locutio
987 1650 1074 1696 fuit
1108 1665 1272 1697 sacrae
1305 1650 1372 1696 rei
1407 1650 1614 1712 signum,
1640 1650 1754 1711 quia
1777 1649 1972 1711 signum
2007 1649 2128 1696 sacri
2153 1646 2370 1695 miraculi

620 1733 669 1779 in
695 1733 944 1779 sanatione
971 1731 1128 1779 claudi
1155 1747 1183 1778 a
1210 1730 1387 1793 Spiritu
1413 1731 1595 1779 Sancto
1622 1731 1903 1788 institutum,
1927 1738 1980 1777 ut
2003 1737 2135 1792 patet
2158 1729 2266 1776 Act.
2283 1729 2370 1786 ziii„

621 1822 668 1861 et
704 1815 772 1861 sic
807 1814 962 1860 sancti
998 1813 1216 1874 episcopi
1252 1812 1433 1859 faciunt
1470 1813 1616 1874 vulgo
1657 1807 1934 1874 incognita⁶
1957 1810 2174 1873 plurima
2211 1825 2370 1858 sacra-

307 1909 537 1938 Sacramentum
621 1898 798 1943 menta.
869 1894 987 1941 Non
1010 1902 1174 1941 tamen
1192 1894 1348 1950 video,
1369 1894 1502 1955 quod
1520 1893 1804 1955 generaliter
1823 1892 1995 1940 sithoc
2014 1899 2370 1940 sacramentum

307 1944 542 1972 confirmationis

307 1985 408 2010 ”eque
421 1978 461 2005 de
623 1976 681 2023 de
718 1976 999 2023 necessitate
1036 1975 1197 2022 salutis
1226 1975 1460 2032 fidelium,
1487 1990 1577 2022 nec
1602 1974 1735 2036 quod
1758 1973 2127 2036 praetendentes
2162 1988 2214 2020 se
2250 1988 2376 2021 con-

307 2011 491 2039 necessitate

307 2045 412 2072 salutis
425 2049 472 2072 est

308 2079 461 2110 nequead
475 2087 546 2105 con-
623 2059 811 2104 firmare
843 2071 1020 2119 pueros
1050 2056 1326 2117 regulariter
1358 2056 1447 2103 hos
1481 2056 1784 2112 confirmant,
1810 2070 1902 2102 nec
1935 2054 2068 2116 quod
2090 2054 2186 2102 hoc
2211 2057 2370 2102 sacra-

307 2111 508 2139 firmationem
521 2122 554 2140 re

307 2146 483 2213 {2333ss
624 2147 841 2186 mentum
867 2139 923 2185 sit
950 2138 1217 2199 specialiter
1250 2137 1491 2198 episcopis
1517 2136 1754 2184 Caesariis
1778 2140 2102 2184 reservatum(
2155 2135 2220 2183 Et
2249 2136 2370 2183 ulte-

308 2213 411 2273 3225}ss
423 2221 519 2275 ξξῗῗ·
623 2221 718 2267 rius
736 2220 920 2267 videtur
945 2219 1060 2265 mihi
1085 2218 1219 2280 quod
1242 2218 1366 2265 foret
1390 2218 1498 2280 plus
1517 2217 1795 2279 religiosum
1819 2225 1868 2264 et
1892 2215 2191 2265 conformius
2211 2218 2368 2266 ‘modo

624 2301 854 2364 loquendi
896 2301 1170 2362 scripturae,
1213 2315 1390 2361 negare
1433 2299 1567 2361 quod
1609 2299 1760 2346 nostri
1803 2300 2019 2361 episcopi
2061 2299 2178 2346 dant
2220 2299 2368 2362 Spiri-

623 2391 727 2430 tum
765 2383 996 2430 Sanctum
1033 2381 1105 2428 vel
1141 2381 1430 2428 confirmant
1453 2380 1649 2427 ulterius
1675 2379 1838 2427 Sancti
1873 2379 2074 2442 Spiritus
2106 2380 2367 2438 dationem,

624 2465 736 2527 quia
758 2464 971 2526 glossata
1003 2470 1429 2524 quantumcunque
1453 2461 1699 2509 locutione
1723 2461 1803 2509 tali
1827 2477 1856 2509 a
1881 2461 2160 2510 doctoribus
2192 2462 2374 2510 nostris.

623 2561 871 2603 concessa,
892 2544 1048 2593 adhuc
1074 2551 1165 2591 stat
1183 2543 1295 2590 mali
1318 2543 1585 2591 intellectus
1609 2543 1889 2605 periculum,
1909 2551 1956 2591 et
1979 2543 2114 2591 modi
2136 2543 2371 2606 loquendi

622 2626 782 2674 deficit
814 2626 1194 2673 fundamentum.
1264 2623 1409 2672 Unde
1445 2624 1734 2686 quibusdam
1758 2623 1955 2683 videtur,
1979 2623 2114 2686 quo‘d
2137 2624 2228 2672 ista
2250 2623 2367 2672 levis

621 2716 667 2755 et
689 2708 846 2755 brevis
883 2707 1224 2769 episcoporum
1260 2706 1563 2753 confirmatio
1600 2721 1712 2754 cum
1747 2706 1946 2768 adjectis
1980 2706 2147 2754 ritibus
2181 2713 2370 2753 tantum

623 2788 966 2836 solemnisatis⁷
996 2795 1069 2835 est
1093 2788 1204 2835 ideo
1229 2788 1446 2835 motione
1470 2787 1649 2835 diaboli
1682 2787 1967 2845 introducta,
1991 2795 2046 2834 ut
2076 2786 2286 2849 populus
2315 2787 2367 2852 in

620 2870 715 2917 fide
741 2869 970 2936 ecclesiae
995 2869 1216 2916 illudatur
1240 2877 1286 2915 et
1318 2870 1661 2931 episcoporum
1695 2869 1974 2917 solemnitas
1999 2875 2080 2917 aut
2103 2869 2367 2916 necessitas

621 2951 728 3013 plus
764 2950 996 2998 credatur.
1066 2949 1252 2996 Dicitur
1277 2950 1407 2996 enim
1441 2950 1774 3007 communiter,
1801 2949 1938 2997 cum⁸
1961 2950 2179 3012 episcopi
2200 2967 2205 2973 ··
2215 2950 2367 2999 nostri

621 3033 737 3079 dant
769 3031 863 3079 hoc
889 3039 1244 3078 sacramentum
1278 3030 1673 3088 confirmationis,
1712 3031 1833 3078 sicut
1862 3038 1911 3078 et
1940 3031 2032 3078 alia
2063 3032 2178 3094 ipsis
2211 3031 2366 3093 speci-

624 3114 756 3160 aliter
804 3120 1057 3169 reservata,
1097 3127 1188 3158 nec
1232 3112 1334 3159 sine
1376 3112 1660 3172 acceptione
1706 3112 1907 3159 istorum
1953 3120 2365 3162 sacramentorum

618 3203 717 3242 tarn
763 3194 1051 3242 solemnium
1093 3201 1184 3240 stat
1226 3192 1353 3240 salus
1394 3192 1622 3249 fidelium,
1665 3192 1916 3254 quomodo
1957 3201 2124 3254 posset
2162 3193 2365 3241 ecclesia

673 3378 686 3401 ¹
716 3378 826 3429 quod
846 3377 1026 3429 episcopi
1046 3376 1181 3427 orent]
1203 3375 1313 3427 quod
1332 3375 1411 3427 ipsi
1430 3380 1559 3420 orent,
1576 3374 1648 3420 C.;
1681 3374 1790 3426 quod
1806 3375 1934 3420 orent,
1956 3373 2059 3413 Α.Β.
2168 3372 2185 3396 ²
2212 3374 2365 3414 sanetis

620 3432 836 3482 apostolis]
860 3432 1009 3470 sanetis
1029 3430 1281 3483 approbatis,
1303 3430 1355 3468 A.
1374 3444 1382 3475 ;
1412 3429 1530 3468 factis
1549 3428 1800 3480 apostolicis,
1820 3429 1883 3467 ed.
1903 3441 1965 3480 pr.
2175 3427 2191 3450 ³
2219 3427 2362 3467 confir-

619 3486 750 3536 mant]
774 3485 1026 3530 confirment,
1044 3486 1097 3523 A.
1208 3483 1223 3506 4
1250 3483 1476 3535 attingunt]
1497 3496 1581 3522 non
1600 3483 1819 3534 attingunt,
1835 3483 1898 3522 ed.
1921 3495 1982 3534 pr.
1999 3495 2009 3527 ;
2042 3481 2298 3533 contingunt,
2314 3481 2362 3521 Β.

618 3537 632 3559 ⁵
660 3539 944 3590 ascenderunt]
967 3538 1244 3583 ascendentes,
1265 3538 1328 3576 ed.
1347 3550 1409 3588 pr.
1723 3536 1739 3559 ⁶
1766 3535 1993 3587 incognita]
2015 3535 2238 3586 incognito,
2261 3534 2362 3575 B.C.

618 3590 632 3611 ⁷
661 3591 951 3644 solemnisatis]
974 3592 1236 3637 solemnibus,
1259 3591 1412 3631 A.B.C.
1579 3591 1593 3613 ⁸
1622 3589 1736 3641 cum]
1758 3603 1840 3629 orn.
1863 3591 1908 3628 B.
1930 3589 2130 3629 secundae
2149 3602 2305 3628 manus.
