2496 4108
323 908 459 937 clericos
471 905 563 932 vitam

346 947 491 974 auperem
506 939 558 967 de-

346 984 396 1015 ers
409 981 510 1013 aget?-

324 1016 386 1037 test
389 1015 492 1035 ιιιιιιιι
495 1016 509 1034 s

325 1042 438 1071 veteris
454 1042 562 1068 Testa-

325 1076 420 1104 menti
431 1083 512 1102 111111

325 1111 484 1146 probatur.

1101 431 1521 494 JOANAVIS
1591 432 1938 481 WICLIF
2238 451 2388 486 mntv.

640 568 840 616 rebelles
876 575 931 626 et,
958 566 1286 628 dirumpentes
1323 566 1415 614 Dei
1452 566 1673 614 ordinem
1710 582 1872 615 severe
1909 583 2022 615 cum
2057 568 2274 616 coactiva
2301 581 2392 630 po-

640 649 791 697 tentia
827 648 1117 706 coercendo,
1155 663 1267 696 cum
1304 647 1574 696 secundum
1610 648 1886 710 apostolum
1922 648 2068 696 Rom.
2096 649 2192 696 xiii.
2219 663 2264 708 4,
2289 663 2392 696 non

642 731 745 778 sine
781 745 927 778 causa
959 737 1155 792 portant
1191 729 1421 791 gladium,
1457 729 1552 778 hoc
1588 738 1661 777 est
1695 729 1900 777 habent¹
1925 745 1954 777 a
1978 729 2090 778 Deo
2121 729 2391 792 potentiam

643 813 923 860 coactivam.
983 811 1097 860 Feci
1117 820 1279 860 autem
1298 812 1413 860 alias
1432 813 1643 860 rationes
1662 811 1965 874 multiplices,
1985 812 2120 874 quod
2143 812 2304 860 clerici
2320 812 2397 858 de-

642 894 744 941 bent
757 895 908 942 vivere
926 895 1068 942 vitam
1081 902 1330 956 pauperem
1349 909 1484 942 more
1505 894 1694 951 Christi,
1714 895 1871 956 primo
1891 910 1952 942 ex
1970 894 2077 956 lege
2095 893 2257 951 veteri,
2277 908 2393 941 nam

642 975 843 1022 Numer.
867 976 993 1024 xviii.
1028 976 1096 1024 sic
1131 976 1361 1024 habetur:
1411 980 1423 1001 ‘
1439 976 1573 1024 Dixit
1596 975 1839 1023 Dominus
1875 975 1938 1023 ad
1969 975 2150 1033 Aaron,
2185 975 2236 1023 in
2270 982 2395 1023 terra

641 1073 811 1106 eorum
847 1058 966 1105 nihil
1001 1058 1323 1120 possidebitis,
1351 1073 1442 1106 nec
1477 1058 1713 1105 habebitis
1749 1065 1936 1119 partem
1972 1058 2095 1105 inter
2129 1070 2215 1105 eos
2230 1072 2243 1115 ;
2297 1070 2398 1118 ego

641 1155 752 1202 pars
770 1147 817 1186 et
840 1138 1110 1187 haereditas
1128 1147 1211 1186 tua
1234 1139 1284 1186 in
1307 1139 1469 1187 medio
1494 1139 1701 1186 filiorum
1720 1138 1882 1187 Israel.
1942 1137 2072 1186 Filiis
2097 1145 2258 1186 autem
2277 1136 2394 1185 Levi

642 1221 753 1269 dedi
777 1235 950 1269 omnes
975 1220 1190 1268 decimas
1215 1219 1366 1268 Israel
1397 1221 1448 1267 in
1481 1220 1842 1282 possessionem
1866 1234 1956 1282 pro
1987 1220 2267 1278 ministerio,
2291 1233 2392 1282 quo

617 1303 850 1350 ‘serviunt
881 1301 998 1349 mihi
1030 1303 1079 1349 in
1112 1301 1423 1350 tabernaculo
1455 1300 1693 1350 foederis.'
1766 1301 1815 1349 Si
1848 1302 1990 1363 igitur
2021 1301 2220 1364 praelati
2244 1302 2396 1351 nostri

640 1392 687 1431 et
711 1384 924 1430 viventes
961 1383 1022 1430 de
1059 1383 1260 1431 decimis
1294 1384 1498 1431 fundant
1534 1398 1585 1430 se
1610 1383 1659 1429 in
1695 1383 1911 1431 secunda
1945 1391 2079 1446 parte
2114 1382 2258 1446 huJ‘us
2280 1383 2395 1439 dicti

640 1464 886 1513 Dominici
919 1465 982 1512 ad
1014 1465 1153 1512 avide
1189 1465 1526 1527 accipiendum
1562 1464 1776 1512 decimas
1812 1480 1937 1527 quae
1967 1464 2153 1512 lucrum
2186 1465 2395 1527 sapiunt,

642 1563 726 1595 cur
750 1563 851 1595 non
886 1546 1093 1609 primam
1126 1555 1313 1609 partem
1347 1547 1638 1594 auctoritatis
1662 1545 1863 1593 Domini
1895 1561 1985 1608 pro
2019 1561 2188 1594 amore
2220 1546 2396 1595 Christi

642 1630 865 1690 pauperis
913 1629 1036 1676 adeo
1086 1628 1474 1690 amplectuntur?
1559 1626 1807 1674 Similiter2
1847 1626 2110 1675 Deuteron.
2153 1627 2279 1676 xviii.
2327 1628 2400 1675 sic

643 1710 871 1758 habetur:
923 1715 934 1734 ‘
952 1709 1070 1757 Non
1112 1710 1360 1758 habebunt
1402 1708 1681 1756 sacerdotes
1722 1717 1770 1756 et
1805 1709 1974 1756 levitae
2009 1717 2057 1757 et
2098 1723 2272 1757 omnes
2312 1710 2395 1772 qui

645 1800 756 1839 sunt
781 1793 841 1840 de
861 1791 1034 1840 eadem
1059 1792 1199 1850 tribu,
1225 1799 1413 1854 partem
1437 1798 1484 1838 et
1508 1790 1853 1838 haereditatem
1872 1805 1984 1838 cum
2007 1790 2192 1853 reliquo
2210 1791 2396 1854 populo

645 1874 808 1932 Israel,
834 1875 946 1936 quia
979 1873 1215 1921 sacrificia
1238 1872 1439 1920 Domini
1473 1879 1520 1926 et
1554 1872 1825 1919 oblationes
1851 1872 1956 1934 ejus
1981 1872 2254 1930 comedent,
2279 1872 2397 1919 nihil

645 1955 774 2002 aliud
799 1956 1035 2017 accipient
1061 1955 1121 2002 de
1156 1954 1467 2016 possessione
1491 1953 1692 2000 fratrum
1724 1968 1950 2012 suorum;
1999 1953 2241 2002 Dominus
2264 1954 2396 2002 enim

644 2036 746 2097 ipse
782 2044 855 2084 est
878 2036 1147 2083 haereditas
1172 2050 1357 2093 eorum,
1385 2035 1508 2083 sicut
1543 2035 1732 2083 locutus
1766 2044 1838 2084 est
1874 2035 1993 2083 illis.'
2066 2035 2115 2083 Si
2151 2050 2270 2098 ergo
2294 2043 2395 2084 tam

646 2125 783 2164 acute
809 2118 1060 2179 negativae
1084 2117 1205 2178 legis
1229 2117 1400 2164 veteris
1427 2116 1487 2164 de
1512 2117 1821 2178 possessione
1847 2117 2131 2165 clericorum
2154 2132 2216 2164 ex
2239 2118 2397 2165 verbis

644 2197 846 2245 Domini
872 2206 982 2245 sunt
1006 2198 1279 2255 mandatae,
1306 2205 1353 2244 et
1378 2212 1490 2245 cum
1508 2198 1603 2244 hoc
1629 2196 1846 2246 Christus
1871 2206 1918 2244 et
1942 2198 2015 2245 sui
2040 2197 2397 2259 apostolitem-

647 2293 764 2339 pore
806 2278 926 2340 legis
967 2280 1147 2341 gratiae
1191 2278 1287 2326 hoc
1328 2278 1459 2326 idern
1500 2278 1784 2326 mandatum
1823 2278 2026 2326 strictius
2068 2280 2396 2336 observarunt,

647 2359 754 2421 quis
775 2359 900 2406 foret
918 2360 1074 2422 major
1092 2359 1360 2407 haereticus
1379 2367 1459 2406 aut
1477 2359 1782 2406 antichristus
1808 2374 1955 2421 quam
1979 2359 2056 2406 ille
2081 2359 2294 2418 clericus,
2313 2361 2397 2421 qui

648 2455 793 2502 supra
824 2448 984 2502 patres
1020 2441 1141 2502 legis
1176 2441 1348 2487 veteris
1381 2440 1732 2488 contradiceret
1763 2441 1866 2488 istis
1897 2441 2086 2489 verbis?
2146 2440 2395 2489 Similiter³

647 2521 822 2569 Ezech.
849 2522 957 2569 xliv.
985 2523 1052 2569 sic
1088 2522 1289 2569 habetur
1324 2525 1335 2545 ‘
1352 2536 1454 2568 non
1488 2522 1576 2569 erit
1612 2522 1942 2570 sacerdotibus
1976 2521 2258 2581 haereditas,
2283 2522 2398 2585 quia

648 2618 741 2665 ego
766 2603 1036 2650 haereditas
1062 2618 1259 2661 eorum;
1299 2610 1344 2649 et
1363 2603 1726 2665 possessionem
1750 2617 1853 2651 non
1877 2603 2049 2651 dabitis
2072 2604 2142 2651 eis
2165 2604 2215 2651 in
2233 2604 2396 2662 Israel,

649 2700 741 2747 ego
767 2685 898 2732 enim
921 2685 1172 2748 possessio
1197 2699 1394 2743 eorum;
1433 2685 1678 2732 victimam
1697 2698 1786 2746 pro
1812 2692 2016 2746 peccato
2035 2692 2083 2732 et
2106 2699 2196 2747 pro
2221 2684 2396 2733 delicto

647 2766 763 2828 ipsi⁴=
799 2766 1072 2823 comedent,
1099 2773 1146 2813 et
1182 2780 1329 2812 omne
1359 2773 1526 2812 votum
1561 2765 1638 2812 in5
1662 2765 1809 2812 Israel
1844 2766 2060 2828 ipsorum
2085 2767 2185 2824 erit,
2217 2773 2266 2814 et
2300 2768 2397 2830 pri-

648 2848 811 2895 mitiva
834 2848 1054 2895 omnium
1078 2847 1512 2910 primogenitorum
1536 2854 1584 2893 et
1609 2847 1775 2894 omnia
1798 2847 2052 2895 libamina⁶
2076 2863 2137 2896 ex
2168 2849 2397 2897 omnibus

648 2944 773 2991 quae
815 2929 1097 2987 offeruntur,
1135 2929 1443 2976 sacerdotum
1485 2936 1637 2985 erunt,
1674 2937 1722 2975 et
1762 2928 2000 2990 primitiva
2035 2929 2256 2976 ciborum
2291 2946 2398 2978 ves-

648 3020 830 3058 trorum
855 3011 1028 3058 dabitis
1054 3010 1307 3067 sacerdoti,
1327 3017 1380 3056 ut
1404 3017 1607 3070 reponat
1626 3009 2014 3057 benedictionem
2039 3009 2207 3058 domui
2230 3019 2340 3060 tuae
2350 3012 2398 3061 ⁷.'

650 3091 699 3138 Si
735 3107 852 3154 ergo
888 3106 976 3154 pro
1011 3099 1230 3153 tempore
1264 3090 1384 3152 legis
1418 3090 1602 3147 veteris,
1639 3090 1836 3152 quando
1874 3090 2084 3152 populus
2119 3093 2276 3154 magis
2311 3093 2399 3142 fuit

649 3174 848 3221 affectus
873 3172 1220 3235 temporalibus
1244 3170 1502 3234 tanquam⁸
1523 3171 1713 3234 juvenis
1737 3179 1784 3219 et
1808 3186 1910 3220 non
1936 3172 2129 3234 sapiens
2153 3173 2396 3233 coelestia,

650 3254 807 3302 clerici
832 3255 900 3302 sic
924 3253 1110 3301 fuerant
1133 3254 1184 3299 in
1208 3253 1553 3315 temporalibus
1579 3268 1638 3300 ex
1663 3259 1924 3315 praecepto
1949 3252 2150 3300 Domini
2181 3257 2397 3315 coartati,

706 3404 718 3427 ¹
747 3403 920 3456 habent]
942 3404 1078 3450 habet,
1100 3404 1258 3444 A.B.C.
1476 3402 1492 3426 ²
1519 3402 1722 3454 similiter]
1745 3402 1862 3448 sicut,
1884 3403 1937 3443 D.
2148 3402 2165 3426 ³
2193 3402 2397 3456 similiter]

653 3458 770 3504 sicut,
791 3459 845 3498 D.
1011 3458 1026 3480 4
1053 3458 1151 3511 ipsi]
1173 3471 1256 3499 om.
1277 3458 1340 3498 ed.
1361 3471 1422 3510 pr.
1589 3458 1604 3480 ⁵
1632 3457 1694 3508 in]
1716 3470 1798 3496 om.
1821 3457 1883 3496 ed.
1905 3470 1965 3509 pr.
2135 3457 2150 3479 ⁶
2178 3456 2396 3511 libamina]

652 3511 888 3558 libamenta,
908 3512 970 3552 ed.
990 3526 1052 3564 pr.
1285 3512 1300 3535 ⁷
1330 3511 1445 3563 tuae]
1466 3511 1559 3551 libri
1581 3511 1700 3551 MSS.
1721 3517 1854 3562 atque,
1876 3511 1938 3551 ed.
1958 3523 2020 3563 pr.
2039 3509 2193 3551 habent
2211 3524 2301 3551 suae
2320 3525 2396 3564 pro

654 3573 751 3604 tuae.
911 3567 926 3589 ⁸
955 3565 1171 3618 tanquam]
1193 3579 1329 3618 quam,
1353 3567 1399 3606 B.
1421 3566 1577 3619 primae
1595 3578 1755 3611 manus,
1776 3565 1839 3605 ed.
1860 3578 1921 3618 pr.
