2496 4108
1072 375 1493 439 JOANNIS
1563 378 1909 428 WICLIF
2215 397 2372 427 mmv.

619 513 879 560 turbarent.
952 510 1094 568 Quae
1137 526 1256 573 ergo
1297 511 1454 573 major
1492 510 1795 574 blasphemia
1836 526 1983 574 quam
2025 511 2198 570 dicere,
2233 511 2370 574 quod

620 594 851 650 Christus,
877 593 959 654 qui
990 600 1064 640 est
1087 591 1223 639 Deus
1256 599 1305 640 et
1332 592 1575 640 Dominus
1597 593 1819 651 veritatis,
1845 593 1964 641 tales
1996 608 2182 642 errores
2215 594 2369 656 speci-

620 675 753 722 aliter
800 674 850 720 in
897 688 986 721 suo
1034 673 1218 735 populo
1267 674 1556 721 auctorisat?
1626 673 1834 721 Indubie
1881 674 2138 723 declinatio
2185 690 2216 723 a
2258 675 2368 738 lege

619 754 898 817 evangelica
938 761 1012 810 est
1052 755 1102 801 in
1145 769 1303 812 causa,
1341 769 1490 816 quare
1531 755 1608 802 isti
1648 755 2062 818 pseudodiscipuli
2104 755 2368 806 antichristi

619 836 827 884 reddunt
851 851 902 884 se
927 835 1036 898 plus
1061 836 1255 898 ignaros
1279 850 1427 898 quam
1453 844 1563 883 sunt
1587 836 1768 885 bestiae
1791 837 1866 884 vel
1890 837 2083 900 pagani.

1354 1121 1511 1170 CAP.
1550 1121 1637 1170 VI.

811 1230 1035 1288 Quomodo
1058 1246 1191 1278 error
1214 1233 1264 1278 de
1287 1231 1587 1278 accidentibus
1610 1233 1706 1279 sine
1728 1231 1918 1294 subjecto
1943 1231 2186 1294 irrepserit

1340 1315 1390 1360 z'n
1413 1314 1655 1360 ecclesiam.

689 1420 894 1468 Alz'tlzz‘a.
964 1421 1128 1470 Placet
1152 1422 1284 1480 mihi,
1310 1422 1445 1484 quod
1476 1430 1575 1470 tam
1608 1423 1836 1471 audacter
1866 1423 2145 1486 prorumpis
2175 1423 2226 1471 in
2248 1423 2370 1472 veri-

622 1510 743 1551 tates
776 1504 1092 1565 evangelicas,
1118 1511 1166 1551 et
1197 1504 1299 1552 illas
1331 1505 1382 1550 in
1414 1512 1549 1566 parte
1583 1504 1767 1566 detegis
1801 1505 2002 1552 ratione.
2076 1504 2175 1554 Sed
2195 1505 2370 1553 vellem

621 1585 823 1631 libenter
869 1586 1131 1643 addiscere,
1180 1586 1432 1647 quomodo
1479 1593 1526 1633 et
1573 1601 1670 1648 qua
1717 1585 1777 1633 de
1826 1601 1971 1634 causa
2021 1587 2112 1634 ista
2157 1585 2371 1634 haeresis

621 1666 831 1723 inolevit,
857 1667 956 1713 imo
991 1668 1244 1729 supposito
1278 1667 1412 1729 quod
1444 1667 1663 1715 diabolus
1697 1682 1809 1715 cum
1842 1668 1940 1715 suis
1974 1667 2220 1730 discipulis
2242 1667 2371 1715 hanc

622 1748 815 1805 invenit,
853 1749 970 1810 quid
1011 1748 1271 1809 significat¹
1306 1749 1357 1795 in
1393 1739 1570 1796 Christi
1610 1748 1828 1808 eeclesia,
1865 1748 1972 1812 qui²
2008 1764 2153 1811 super
2195 1758 2370 1798 omnes

624 1830 844 1877 diabolos
869 1830 1159 1877 dominatur.

687 1911 959 1958 Phronesz's.
1030 1911 1208 1959 Forem
1249 1911 1428 1959 infideli
1471 1911 1690 1970 deterior,
1734 1912 1827 1959 nisi
1867 1927 2021 1974 usque
2062 1910 2125 1960 ad
2161 1917 2371 1960 mortem

622 1993 877 2040 audacter³
919 1993 1231 2041 defenderem
1273 1993 1434 2054 legem
1475 1993 1666 2041 Christi.
1752 1993 1816 2041 Et
1863 2002 2020 2041 certus
2068 2008 2191 2052 sum,
2234 1991 2370 2056 quod

621 2088 795 2121 omnes
820 2074 1045 2122 haeretici
1070 2074 1143 2121 vel
1179 2074 1398 2136 discipuli
1432 2075 1699 2122 antichristi·
1726 2089 1828 2122 non
1861 2082 2067 2136 possunt
2089 2075 2232 2123 istam
2257 2089 2370 2122 sen·

620 2156 821 2202 tentiam
855 2156 1184 2218 evangelicam
1217 2157 1518 2218 impugnare.
1589 2156 1652 2203 Et
1685 2171 1746 2203 ex
1770 2156 1863 2203 alio
1898 2157 2042 2204 latere
2077 2157 2276 2204 confido
2306 2155 2368 2205 de

621 2236 951 2285 misericordia
973 2237 1190 2295 Domini,
1218 2238 1352 2299 quod
1376 2245 1486 2299 post
1514 2236 1641 2284 hanc
1664 2238 1810 2285 vitam
1834 2238 2030 2285 brevem
2062 2246 2110 2286 et
2140 2238 2369 2286 miseram

623 2332 707 2365 ero
751 2318 1234 2380 superhabundanter
1272 2326 1470 2380 propter
1505 2318 1822 2365 certationem
1857 2318 1999 2366 istam
2038 2318 2304 2381 legitimam
2339 2334 2370 2367 a

621 2398 840 2446 Domino
864 2399 1156 2461 praemiatus
1165 2399 1195 2446 4.
1259 2399 1370 2446 Scio
1396 2399 1594 2461 quidem
1618 2414 1679 2446 ex
1699 2399 1794 2447 fide
1820 2400 2070 2461 evangelii,
2090 2400 2224 2463 quod
2247 2400 2370 2448 anti-

621 2479 825 2527 christus
863 2495 975 2527 cum
1011 2495 1098 2528 suo
1125 2481 1327 2528 consilio
1363 2495 1465 2527 non
1497 2488 1657 2543 potest
1692 2482 1785 2529 nisi
1819 2496 1995 2543 corpus
2020 2481 2256 2540 occidere,
2281 2480 2371 2530 sed

620 2560 850 2619 ChristuS‚
877 2563 1012 2624 cujus
1048 2569 1235 2624 partem
1271 2563 1500 2620 sustineO,
1538 2570 1698 2624 potest
1732 2570 1834 2611 tam
1870 2577 2046 2625 corpus
2080 2577 2230 2626 quam
2265 2563 2367 2612 ani-

618 2660 750 2692 mam
785 2646 971 2693 mittere
996 2646 1046 2692 in
1082 2645 1398 2707 gehennam⁵.
1468 2645 1531 2693 Et
1555 2654 1710 2694 certus
1746 2662 1869 2704 sum,
1895 2647 2029 2708 quod
2052 2646 2103 2694 in
2125 2646 2208 2695 illo
2232 2646 2368 2710 quod
2403 2689 2410 2692 .

618 2734 689 2774 est
726 2727 870 2774 servis
908 2728 1004 2775 suis
1040 2728 1239 2786 utilius⁶‚
1273 2742 1375 2774 non
1402 2735 1562 2789 potest
1595 2727 1817 2785 deficere,
1852 2743 1964 2775 cum
1998 2728 2101 2790 ipse
2135 2743 2187 2777 se
2218 2729 2366 2792 gratis

618 2809 847 2869 opposuit
883 2809 1015 2856 dirae
1051 2810 1206 2866 morti,
1232 2817 1278 2856 et
1314 2824 1488 2856 omnes
1525 2809 1732 2856 cariores
1770 2809 1900 2871 ejus⁷
1936 2809 2202 2872 discipulos
2236 2810 2366 2859 ordi-

620 2890 747 2936 navit
785 2889 847 2936 ad
883 2889 1156 2951 profectum
1193 2890 1387 2937 eorum8
1422 2891 1606 2938 acutius
1642 2891 1858 2938 cruciari.

686 2970 837 3018 Istam
861 2972 1003 3032 igitur
1027 2979 1199 3032 reputo
1219 2986 1415 3019 causam
1433 2972 1595 3033 lapsus
1614 2972 1866 3018 hominum
1883 2973 1934 3018 in
1952 2973 2093 3020 istam
2110 2972 2363 3031 haeresim,

618 3051 752 3114 quod
777 3052 1054 3100 discredunt
1079 3053 1344 3114 evangelio,
1371 3060 1418 3099 et
1441 3052 1572 3114 leges
1596 3053 1793 3114 papales
1829 3068 1886 3100 ac
1923 3053 2049 3101 dicta
2085 3054 2367 3117 apocrypha

617 3133 724 3194 plus
749 3141 1015 3196 acceptant.
1086 3133 1149 3181 Et
1172 3134 1294 3180 inter
1318 3149 1491 3181 omnes
1515 3134 1829 3192 infidelitates,
1856 3149 1981 3196 quae
2014 3150 2231 3197 unquam
2260 3150 2365 3184 cre-

671 3241 686 3264 ¹
716 3241 937 3293 significat]
960 3242 1106 3293 signat,
1128 3241 1229 3280 AB.
1249 3241 1405 3293 primae
1424 3254 1582 3286 manus,
1604 3241 1652 3281 C.
1673 3241 1735 3281 ed.
1755 3254 1816 3293 pr.
1927 3241 1944 3264 ²
1970 3241 2058 3294 qui]
2079 3242 2148 3294 qui
2163 3241 2365 3289 Christus,

618 3296 670 3334 A.
699 3296 762 3335 ed.
790 3309 877 3347 pr.;
917 3296 984 3347 qui
1011 3297 1258 3346 superscripto
1282 3297 1393 3335 verbo
1420 3295 1654 3341 ‘Christus,’
1683 3296 1806 3341 B.C.;
1843 3308 1960 3347 quae,
1986 3297 2027 3335 in
2051 3298 2240 3349 margine,
2269 3297 2363 3348 ‘qui

618 3349 831 3395 Christus‚’
852 3350 906 3388 D.
927 3350 1082 3401 primae
1101 3363 1258 3389 manus.
1449 3349 1464 3372 ³
1491 3349 1702 3401 audacter]
1724 3363 1807 3389 om.
1827 3350 1890 3390 ed.
1910 3363 1971 3402 pr.
2206 3349 2222 3372 4
2248 3363 2368 3402 prae·

617 3403 784 3454 miatus]
806 3404 1104 3455 praemiandus,
1126 3404 1188 3443 ed.
1210 3417 1271 3456 pr.
1509 3403 1524 3426 ⁵
1550 3404 1798 3455 gehennam]
1819 3404 2048 3456 gehennam
2067 3403 2186 3456 ignis,
2206 3405 2361 3444 A.B.C.

618 3457 633 3478 ⁶
662 3457 771 3508 quod
792 3464 852 3496 est
873 3458 997 3497 servis
1018 3458 1100 3497 suis
1119 3458 1277 3510 utilius]
1299 3458 1367 3508 qui
1388 3463 1449 3497 est
1470 3471 1607 3497 servus
1627 3471 1721 3497 suus
1741 3457 1864 3502 utilis,
1885 3458 2040 3498 A.B.C.
2210 3458 2226 3481 ⁷
2253 3457 2359 3510 ejus]

619 3523 700 3548 om.
721 3511 783 3549 ed.
805 3525 864 3562 pr.
1032 3512 1046 3534 ⁸
1075 3511 1236 3563 eorum]
1260 3525 1400 3552 eorum
1421 3511 1598 3557 indubie,
1619 3512 1774 3551 A.B.C.
1795 3512 1857 3551 ed.
1879 3525 1940 3563 pr.
