2436 4094
1009 420 1434 487 JoANNJS
1489 421 1838 472 WJCLJF
2157 443 2299 474 mn.

554 557 739 606 desinat
763 555 826 604 ad
849 556 1178 618 inceptionem
1196 555 1271 603 vel
1295 554 1634 604 desinitionem
1659 556 1807 618 partis
1831 571 1948 605 suae
1974 557 2297 606 substantialis

551 638 625 686 vel
671 637 989 686 accidentalis.
1073 637 1408 700 Aggregatum
1455 636 1626 685 etiam¹
1666 645 1828 700 potest
1872 637 2105 688 denotare
2150 638 2298 687 talem

550 719 879 776 substantiam,
905 718 982 766 cui
1005 718 1130 766 inest
1154 718 1508 767 accidentaliter
1529 719 1624 767 tale
1648 718 1874 768 accidens
1906 720 2220 783 assignatum,
2243 728 2299 769 ut

550 800 701 847 homo
745 799 881 847 albus
922 806 1083 862 potest
1117 800 1278 848 vocari
1319 807 1491 848 natura
1527 799 1752 859 hominiS,
1794 808 1842 849 et
1875 816 1979 849 non
2016 801 2298 865 hujusmodi

549 888 877 944 aggregatum.
953 880 1017 929 Et
1051 881 1208 943 primo
1254 881 1514 944 loquuntur
1546 881 1813 930 Arzktoteles
1845 890 1894 930 et
1926 881 2127 930 Averozss·
2160 897 2298 932 com-

548 969 788 1011 mentator
819 976 934 1011 suus
966 962 1301 1011 communiter.
1379 962 1443 1011 Et
1465 963 1516 1010 in
1540 963 1619 1012 illa
1642 962 1971 1012 dissensione2
1992 964 2172 1012 verbali
2204 971 2298 1013 stat

547 1052 630 1092 tua
665 1043 911 1107 replicatio
946 1045 1049 1092 sine
1084 1043 1254 1092 fructu.
1322 1043 1404 1092 Ad
1443 1045 1625 1092 tertiam
1665 1052 1798 1092 tuam
1833 1045 2110 1094 instantiam
2149 1053 2297 1109 patet,

548 1126 684 1189 quod
708 1133 798 1174 stat
816 1127 1062 1175 contentio
1079 1126 1131 1174 in
1149 1126 1545 1189 aequivocatione
1570 1127 1866 1189 acceptionis
1890 1127 2076 1176 mundi.
2145 1126 2297 1176 Com-

548 1208 755 1256 muniter
788 1215 954 1256 tamen
990 1207 1175 1265 dicitur,
1213 1208 1336 1256 sicut
1369 1214 1442 1256 est
1477 1208 1707 1256 continue
1743 1207 1874 1256 idem
1907 1208 2060 1257 homo
2100 1217 2298 1272 propter

547 1289 780 1337 unitatem
805 1289 995 1337 animae
1020 1297 1067 1337 et
1089 1289 1322 1338 unitatem
1345 1290 1675 1338 membrorum
1700 1291 2113 1352 spermaticorum,
2132 1291 2202 1340 sic
2225 1298 2299 1340 est

548 1371 777 1419 continue
799 1370 931 1419 idem
953 1370 1180 1429 munduS,
1204 1378 1401 1434 propter
1424 1370 1657 1419 unitatem
1687 1371 1943 1420 materialis
1975 1373 2225 1431 essentiae,
2250 1380 2299 1421 et

548 1452 780 1500 unitatem
802 1452 910 1510 Dei,
937 1452 1019 1515 qui
1043 1452 1310 1500 secundum
1334 1451 1602 1515 quosdam⁸
1624 1452 1795 1500 dicitur
1818 1453 1982 1501 anima
2004 1454 2190 1503 mundi.

616 1533 678 1582 Et
702 1548 800 1596 quo
825 1534 887 1582 ad
909 1534 1146 1582 unitatem
1174 1533 1360 1581 formae
1383 1533 1682 1592 intrinsecae,
1707 1549 1832 1596 quae
1864 1542 1937 1583 est
1967 1550 2079 1599 pars
2110 1535 2299 1595 mundi,

549 1623 620 1663 est
645 1615 882 1663 dissensio
910 1614 1042 1677 apud
1065 1614 1273 1674 multos;
1323 1622 1376 1663 ut
1398 1614 1597 1677 quidam
1631 1623 1894 1675 autumant,
1927 1616 2062 1680 quod
2096 1617 2297 1680 angelus

552 1704 625 1745 est
674 1711 787 1759 pars
836 1696 1056 1744 coelestis
1098 1696 1315 1758 corporis
1356 1704 1499 1759 atque
1539 1697 1709 1745 mundi
1721 1713 1735 1758 ;
1790 1697 1991 1760 quidam
2031 1706 2207 1758 autem,
2243 1707 2299 1748 ut

548 1778 798 1826 Avicenna
833 1785 880 1825 et
910 1778 986 1826 alii
1018 1778 1326 1840 peripatetici,
1350 1785 1574 1840 putantes
1606 1778 1741 1841 quod
1771 1779 1962 1828 coelum
1991 1788 2212 1830 movetur
2233 1795 2297 1830 ex

547 1874 614 1916 se,
652 1859 853 1907 credunt
890 1858 1024 1922 quod
1065 1858 1256 1907 coelum
1295 1859 1442 1907 habet
1478 1860 1692 1908 animam
1731 1861 2020 1922 sensitivam,
2055 1863 2133 1911 cui
2173 1863 2298 1911 inest

545 1940 690 1988 virtus
731 1940 1052 2002 imaginativa,
1094 1948 1142 1988 et
1174 1955 1278 1988 non
1325 1955 1496 1989 sensus
1535 1941 1876 2003 particularior.
1946 1942 2056 1992 Nec
2093 1944 2295 2004 mireriS,

547 2021 799 2083 quomodo
834 2022 1046 2070 mundus
1082 2020 1252 2070 dicitur
1285 2036 1438 2070 unum
1473 2037 1664 2085 corpus,
1689 2030 1736 2071 et
1771 2023 2054 2073 continuum
2089 2040 2151 2074 ex
2184 2040 2295 2089 par-

547 2102 674 2150 tibus
708 2102 1009 2157 immediatis,
1045 2102 1155 2151 licet
1191 2104 1285 2151 sint
1319 2118 1527 2166 corpora
1562 2103 1826 2167 disparium
1861 2106 2146 2169 specierum,
2182 2108 2297 2171 quia

548 2184 616 2232 sic
640 2191 714 2232 est
736 2184 786 2231 in
809 2183 1038 2244 homine3
1074 2185 1175 2232 imo
1200 2184 1298 2232 duo
1332 2184 1555 2234 homines
1593 2194 2022 2251 quantumcunque
2047 2188 2294 2249 distanteS,

547 2264 727 2312 faciunt
758 2279 911 2312 unum
945 2280 1122 2328 corpus
1155 2273 1201 2313 et
1232 2280 1385 2313 unum
1418 2267 1635 2329 spiritum
1666 2275 1714 2316 et
1744 2283 1895 2317 unam
1927 2270 2156 2330 animam,
2181 2285 2295 2320 cum

548 2346 714 2394 localis
750 2346 976 2394 distantia
998 2346 1073 2394 vel
1105 2347 1404 2409 contiguatio
1439 2362 1543 2395 non
1577 2349 1790 2411 impedit,
1816 2351 1935 2413 quin
1968 2351 2080 2400 talia
2115 2352 2295 2402 consti-

546 2434 681 2475 tuant
714 2442 866 2475 unum
902 2442 1093 2490 corpuS,
1129 2442 1191 2476 eo
1228 2428 1361 2491 quod
1398 2429 1537 2492 juxta
1576 2429 1891 2493 Porphz‘rium
1929 2433 2295 2497 participatione

545 2508 723 2570 speciei
757 2508 918 2570 plures
952 2508 1174 2557 homines
1210 2518 1320 2558 sunt
1355 2525 1481 2559 unus
1515 2511 1681 2559 hom0.
1752 2512 1877 2561 Mihi
1911 2522 2073 2563 autem
2094 2515 2294 2576 videtur,

545 2589 680 2651 quod
704 2590 905 2652 angelus
929 2605 1031 2638 non
1051 2592 1301 2654 componit
1319 2607 1432 2640 cum
1455 2594 1589 2653 orbe,
1608 2600 1656 2641 et
1680 2593 1722 2642 si
1745 2603 1938 2644 moveat
1955 2594 2090 2645 illum
2107 2597 2293 2657 orbem,

543 2671 733 2719 tamen‘*
756 2679 916 2733 potest
939 2672 1061 2720 mitti
1083 2674 1148 2721 ad
1169 2680 1346 2722 terram
1366 2674 1582 2737 juvando
1614 2674 1840 2724 homines
1871 2684 1918 2725 et
1945 2676 2111 2727 redire.
2185 2678 2294 2728 Nec

544 2752 729 2801 videtur
752 2753 869 2801 mihi
893 2762 1117 2817 oportere
1150 2753 1285 2817 quod
1317 2756 1447 2804 orbis
1473 2755 1648 2805 habeat
1671 2757 1740 2806 sic
1765 2758 1979 2806 animam
2003 2759 2293 2821 sensitivam,

541 2834 649 2883 licet
672 2834 787 2883 luna
810 2843 856 2883 et
881 2835 999 2884 aliae
1022 2835 1298 2885 influentiae
1323 2837 1556 2886 coelestes
1579 2838 1815 2887 vivificent
1837 2854 2050 2889 massam
2074 2842 2293 2904 corporis

545 2916 829 2975 sublunaris,
868 2924 915 2965 et
956 2917 1022 2965 ita
1060 2925 1190 2966 totus
1229 2918 1441 2966 mundus
1483 2934 1747 2982 corporeus
1784 2928 1858 2968 est
1890 2937 1990 2970 una
2030 2923 2294 2972 substantia

545 2998 857 3046 sufficienter⁵
891 3000 1133 3057 continua,
1169 3014 1281 3047 cum
1314 3000 1374 3047 sit
1397 3001 1671 3048 naturaliter
1693 3016 1847 3049 unum
1871 3017 2064 3066 corpus,
2133 3003 2198 3052 Et
2229 3004 2294 3053 ad

545 3081 907 3143 corruptionem
941 3096 1137 3130 suarum
1167 3082 1375 3144 partium
1406 3081 1749 3141 sublunariurn,
1775 3097 1878 3130 non
1909 3092 2100 3146 oportet
2129 3086 2291 3149 ipsum

545 3163 804 3225 corrumpi,
837 3163 912 3211 vel
945 3163 984 3211 si
1017 3163 1338 3226 corrumpitur
1370 3163 1639 3212 secundum
1672 3165 1885 3227 partem⁶
1916 3165 1990 3213 et⁷
2021 3168 2291 3216 secundum

598 3339 613 3362 1
641 3340 925 3393 Aggregatum
943 3341 1087 3394 etiam]
1109 3346 1150 3382 et
1169 3340 1365 3381 terminus
1389 3338 1651 3381 accidentalis
1678 3339 1955 3392 personaliter,
1990 3340 2098 3382 C.D.
2128 3342 2192 3383 ed.
2225 3357 2288 3396 pr.

544 3391 560 3414 ²
586 3393 854 3448 dissensione]
875 3396 1128 3443 dissertione,
1149 3395 1212 3436 ed.
1231 3408 1293 3448 pr.
1493 3394 1510 3417 ⁸
1537 3393 1755 3447 quosdam]
1775 3394 1945 3447 aliquos,
1964 3395 2068 3436 A.B.
2087 3398 2291 3439 secundae

545 3459 701 3487 manus.
865 3449 881 3472 4
907 3450 1065 3504 tamen]
1086 3463 1180 3492 cum
1198 3462 1295 3495 non,
1315 3448 1379 3490 ed.
1398 3461 1484 3501 pr.;
1516 3453 1653 3490 tamen
1673 3461 1793 3494 nunc,
1813 3449 1866 3489 A.
1980 3449 1996 3473 ⁵
2023 3449 2288 3505 sufficienter]

544 3501 863 3605 τευρῗῆοίαῗξετ,
884 3504 987 3545 Α.Β.
1207 3504 1223 3527 ⁶
1250 3502 1430 3557 partem]
1450 3516 1573 3544 unam
1591 3509 1762 3557 partem,
1783 3503 1964 3550 A.B.C.;
1993 3516 2120 3553 suam,
2141 3506 2204 3547 ed.
2225 3519 2286 3559 pr.

587 3559 627 3593 et
669 3568 750 3595 om.
814 3587 822 3596 .
