2496 4108
350 427 452 499 238

1026 426 1453 493 JOANNIS
1522 427 1870 477 WJCLJF
2077 454 2083 456 -
2183 445 2344 478 uam.

584 567 753 623 nisare,
803 565 936 627 quod
984 564 1091 612 talis
1138 565 1189 612 in
1236 564 1388 626 patria
1437 564 1497 613 sit
1543 564 1746 612 beatus?
1817 562 1924 612 Nec
1972 563 2173 612 dubium
2218 563 2337 627 quin

584 647 811 695 miracula
846 653 1053 708 possunt
1087 648 1243 710 magis
1267 648 1477 707 illudere,
1505 659 1619 696 cum
1644 646 1864 694 diabolus
1899 645 2248 708 transfigurans
2283 658 2337 693 se

583 730 633 776 in
665 728 893 791 angelum
916 728 1059 776 lucis¹
1087 729 1273 791 maJ‘ora
1296 729 1528 800 miracula
1563 729 1612 775 in
1637 715 1847 790 persona
1870 725 2084 775 defuncti
2104 725 2333 775 'damnati

582 817 742 874 potest
777 809 1060 868 ostendere;
1111 818 1158 857 et
1194 810 1262 858 sic
1287 810 1483 869 videtur,
1511 809 1645 874 quod
1680 825 1767 872 per
1800 817 1948 857 testes
1983 817 2046 875 et
2062 806 2250 872 judiees
2286 815 2336 857 et

580 887 783 954 patrias²
823 899 1136 952 procurantes
1183 888 1478 954 particularis
1526 891 1728 939 ecclesia
1770 890 1960 952 saepius
2003 890 2061 938 sit
2104 889 2301 939 seducta
2316 906 2330 950 ;

583 973 678 1020 hoc
704 979 866 1020 autem
891 972 1015 1020 foret
1040 972 1194 1032 facile,
1218 981 1264 1021 et
1291 972 1511 1021 diabolus
1536 989 1638 1021 non
1664 971 1840 1020 dormit
1865 970 2154 1034 decipiendo
2178 985 2337 1034 popu-

581 1055 682 1102 lum
718 1062 954 1116 quantum
988 1062 1147 1117 potest
1161 1070 1174 1113 3
1225 1055 1356 1102 unde
1389 1055 1567 1102 multae
1603 1053 1810 1117 patriae8
1845 1069 1906 1101 ex
1938 1053 2018 1101 tali
2056 1053 2337 1102 seductione

584 1137 761 1185 diaboli
807 1136 916 1198 plus
965 1137 1131 1184 colunt
1177 1145 1402 1184 vocatum
1450 1143 1674 1184 sanctum
1721 1150 1903 1182 novum
1949 1133 2242 1198 hujusmodi,
2289 1142 2339 1183 et

583 1218 850 1281 specialiter
890 1218 1142 1265 assistente
1171 1218 1327 1280 signo
1376 1225 1664 1281 sumptuoso
1708 1216 1933 1271 sensibili,
1976 1230 2124 1280 quam
2171 1215 2338 1265 colunt

583 1299 853 1347 Dominum
875 1298 1045 1363 Jesum
1070 1298 1331 1348 Christum.
2163 1310 2170 1314 ”

1271 1637 1430 1689 CAP.
1466 1638 1654 1687 XXXI.

619 1768 812 1818 Christi
829 1769 924 1826 lex,
953 1770 980 1815 τ’.
992 1785 1025 1815 e.
1053 1770 1287 1830 scrzptura
1309 1785 1465 1828 sacra,
1491 1770 1696 1831 reliquas
1720 1770 1835 1832 leges
1859 1768 2092 1832 infinitum
2115 1768 2308 1816 excedit.

655 1914 856 1962 Alz'tlzz'a.
928 1912 1215 1971 Considero,
1242 1915 1308 1961 mi
1346 1914 1502 1972 frater,
1535 1915 1669 1977 quod
1704 1930 1794 1977 pro
1829 1914 1919 1963 ista
1954 1914 2206 1971 sententia,
2230 1912 2341 1961 licet

586 2010 698 2043 vera
729 1994 881 2052 fuerit,
917 2010 1011 2042 nec
1043 1995 1213 2043 laudes
1246 1997 1514 2058 reportabis
1551 2012 1579 2043 a
1615 1997 1819 2058 satrapis
1855 2011 1947 2043 nec
1983 1996 2046 2043 ab
2081 1994 2252 2043 incolis
2286 1994 2338 2041 in

588 2077 873 2126 contractis⁴
909 2077 959 2123 in
996 2078 1170 2139 quibus
1194 2076 1457 2125 fundantur
1481 2077 1763 2140 hujusmodi
1787 2078 2038 2126 novitateS.
2110 2076 2209 2124 Sed
2245 2075 2338 2133 dic,

587 2173 723 2221 rog0,
750 2159 802 2205 de
823 2158 1099 2205 conclusione
1130 2159 1278 2205 tertia.
1349 2158 1552 2206 Videtur
1585 2159 1728 2216 enim,
1756 2159 1889 2220 quod
1922 2158 2042 2206 fides
2076 2157 2338 2220 scripturae

587 2240 732 2287 habet
750 2239 896 2287 hodie
921 2239 1153 2302 plurimos
1179 2240 1535 2301 impugnantes,
1556 2249 1603 2288 et
1626 2256 1686 2288 ex
1713 2255 1860 2288 causa
1877 2239 2127 2302 multiplici
2151 2252 2339 2302 paucos

588 2323 691 2384 eJus
717 2321 1004 2369 sententiam
1028 2321 1370 2382 ponderantes.

655 2402 927 2449 Phronesz’s.
997 2402 1345 2464 Experimento
1383 2403 1526 2451 didici
1562 2403 1695 2465 quod
1726 2418 1893 2451 verum
1925 2402 2224 2466 sententias⁵,
2249 2417 2340 2450 nec

589 2484 754 2532 dubito
780 2485 898 2546 quin
921 2483 1175 2531 infidelitas
1200 2485 1258 2532 sit
1293 2485 1342 2531 in
1367 2500 1542 2545 causa3
1594 2500 1696 2533 non
1721 2486 1851 2532 enim
1886 2485 2072 2533 sincere
2101 2485 2342 2533 credimus

586 2567 637 2612 in
661 2565 930 2612 Dominum
966 2564 1134 2627 Jesum
1159 2564 1420 2623 Christum,
1448 2582 1560 2614 cum
1594 2567 1690 2615 hoc
1728 2567 1842 2615 dato
1878 2581 1940 2615 ex
1975 2566 2069 2615 fide
2094 2566 2342 2615 fructuosa

588 2655 874 2704 teneremus,
901 2646 1033 2708 quod
1058 2647 1318 2708 scripturae
1351 2663 1514 2696 sacrae
1547 2656 1595 2696 et
1628 2648 1897 2711 specialiter
1924 2647 2159 2710 evangelii
2191 2648 2343 2695 nostri

568 2730 648 2777 -sit
673 2729 911 2775 infinitum
936 2728 1094 2790 major
1127 2729 1383 2776 auctoritas
1409 2743 1557 2791 quam
1582 2731 1840 2777 auctoritas
1865 2729 2056 2777 alterius
2081 2730 2340 2792 scripturae

591 2809 872 2872 signandae.
933 2809 1032 2856 Sed
1050 2817 1101 2856 ut
1118 2809 1288 2871 loquar
1309 2811 1551 2869 strictius⁶,
1572 2810 1786 2859 notanda
1811 2819 1882 2859 est
1906 2812 1990 2859 tibi
2009 2809 2341 2873 aequivocatio

492 2923 517 2975 Ξ
530 2948 536 2959 ‚
591 2892 650 2939 de
675 2892 924 2952 scriptura.
995 2891 1166 2938 Primo
1190 2892 1321 2938 enim
1355 2892 1586 2954 scriptura
1619 2893 1781 2940 sacra⁷
1804 2893 1963 2954 signat
1986 2890 2154 2955 Jesum
2179 2890 2342 2939 Chris-

590 2982 694 3020 tum
726 2972 900 3020 librum
925 2973 1062 3030 vitae,
1089 2972 1138 3018 in
1172 2987 1271 3035 quo
1304 2974 1465 3020 omnis
1496 2974 1666 3022 veritas
1699 2981 1771 3021 est
1795 2974 2037 3035 inscripta,
2059 2973 2196 3034 juxta
2226 2971 2342 3019 illud

589 3054 828 3118 Johannis
849 3069 924 3103 x.:
962 3058 972 3078 ‘
989 3069 1093 3101 non
1112 3061 1272 3116 potest
1296 3054 1415 3102 solvi
1435 3055 1682 3116 scriptura,
1705 3069 1851 3116 quem
1871 3053 2013 3101 Pater
2031 3053 2343 3102 sanctificavit

590 3145 636 3184 et
677 3138 805 3184 misit
845 3137 894 3183 in
931 3133 1223 3183 mundum⁸.’
1295 3133 1501 3182 Secundo
1535 3136 1659 3182 modo
1694 3136 1851 3197 signat
1885 3135 2104 3182 veritates
2146 3135 2197 3181 in
2232 3135 2341 3196 ipso

519 3258 523 3259 γ
589 3219 710 3265 libro
735 3218 856 3265 vitae
881 3217 1149 3279 inscriptas,
1177 3217 1274 3264 sive
1308 3217 1401 3264 sint
1433 3217 1642 3264 rationes
1674 3217 1974 3279 exemplares
1998 3224 2218 3264 aeternae
2243 3216 2341 3262 sive

561 3347 565 3362 ⁶
648 3353 662 3376 ¹
692 3352 743 3392 cf.
777 3364 796 3391 2
818 3352 1005 3392 Corinth.
1026 3351 1079 3390 xi.
1104 3362 1166 3401 14.
1358 3350 1373 3373 2
1402 3350 1573 3403 patrias]
1595 3351 1761 3403 primas,
1781 3351 1844 3391 ed.
1865 3364 1927 3404 pr.
2118 3350 2134 3374 ⁸
2161 3351 2340 3404 patriae]

590 3406 756 3457 primae,
777 3407 840 3446 ed.
860 3419 921 3458 pr.
1125 3405 1139 3428 4
1166 3405 1208 3444 in
1229 3405 1470 3457 contractis]
1491 3405 1673 3458 ingratis,
1693 3405 1872 3452 A.B.C.;
1903 3406 2339 3457 contractum=regio‚

591 3469 757 3509 country,
777 3460 887 3512 angl.
1086 3459 1102 3483 ⁵
1129 3459 1370 3511 sententias]
1392 3460 1555 3505 sentias,
1575 3460 1637 3499 ed.
1657 3472 1718 3512 pr.
1932 3459 1948 3482 ⁶
1975 3459 2120 3512 loquar
2137 3459 2338 3511 strictius]

592 3513 737 3565 loquor
756 3515 916 3560 certius,
937 3514 1000 3554 ed.
1021 3526 1082 3566 pr.
1191 3513 1206 3536 ⁷
1236 3513 1369 3565 sacra]
1391 3527 1472 3554 om.
1493 3514 1556 3554 ed.
1577 3527 1638 3566 pr.
1765 3513 1781 3536 ⁸
1809 3525 1928 3565 quem
1947 3513 2336 3566 pater-mundum]

593 3580 673 3606 om.
698 3568 848 3608 A.B.C.
870 3568 933 3608 ed.
954 3581 1015 3620 pr.
1073 3568 1211 3608 Verba
1230 3568 1450 3608 secundum
1469 3568 1695 3608 versionem
1716 3574 1725 3590 ‘
1739 3566 1960 3619 vulgatam’
1979 3565 2152 3619 prolata.
