2462 4114
1027 398 1452 465 sOANNIS
1521 398 1867 447 WICLIF
2179 415 2334 444 ΜΕΝ.

1273 771 1429 820 CAP.
1467 771 1657 820 XXIII.

859 912 934 960 De
956 920 1238 962 sacramento
1249 916 1546 976 poenitentiae
1568 921 1610 962 et
1628 915 1819 979 ejusdem
1835 914 2064 985 partibus.

659 1057 859 1104 Alz'thz'a.
930 1057 1089 1105 Video
1131 1059 1264 1120 quod
1302 1059 1621 1106 institutiones
1655 1059 1910 1116 humanae,
1948 1072 2071 1120 quae
2106 1063 2339 1104 vocantur

426 1140 487 1226 {³1¹5
489 1168 522 1192 es
591 1138 722 1201 leges
755 1138 1060 1197 matrimonii,
1096 1140 1346 1187 modicum
1377 1141 1572 1202 placent
1602 1140 1699 1187 tibi.
1771 1140 1892 1187 Ideo
1919 1138 2036 1196 dic1‚
2061 1151 2202 1200 rogO,
2226 1151 2339 1185 sen—

294 1235 403 1274 ionem,
418 1241 476 1260 con
478 1207 535 1259 res-

341 1302 450 1332 iiiiii

592 1220 789 1267 tentiam
812 1228 946 1267 tuam
969 1220 1021 1266 de
1050 1227 1331 1268 sacramento
1351 1223 1660 1283 poentientiae.
1730 1221 1792 1268 Et
1824 1221 1981 1283 primo
2005 1219 2190 1267 videtur
2220 1217 2341 1266 mihi

595 1301 782 1349 difficile
829 1302 989 1363 ipsum
1036 1301 1306 1350 describere
1353 1311 1550 1366 propter
1595 1302 1814 1350 aemulos
1861 1301 2120 1364 captiosos.
2210 1297 2341 1348 Cum

594 1384 724 1430 enim
750 1383 919 1430 dicitur
945 1384 1278 1442 communiter,
1305 1385 1439 1446 quod
1471 1385 1769 1447 poenitentia
1799 1383 1945 1430 habet
1968 1391 2063 1430 tres
2094 1389 2256 1444 partes
2288 1388 2342 1428 ut

597 1466 790 1523 cithara,
819 1465 996 1512 scilicet
1021 1465 1180 1512 cordis
1206 1466 1561 1523 contritionem,
1588 1466 1685 1513 oris
1712 1464 2074 1513 confessionem
2099 1471 2147 1512 et
2178 1462 2340 1525 operis

598 1533 987 1604 satisfactionem,
1011 1546 1196 1594 videtur
1232 1546 1420 1594 difficile
1458 1547 1648 1608 signare
1671 1562 1828 1609 genus
1863 1545 2203 1608 poenitentiae,
2227 1557 2342 1592 cum

596 1631 686 1676 ista
709 1629 798 1675 tria
823 1628 916 1675 sint
942 1628 1127 1675 diversa
1150 1629 1200 1674 in
1226 1644 1418 1690 genere.

664 1710 938 1757 Phronesz's.
1011 1709 1127 1756 Non
1171 1710 1459 1772 imagineris,
1497 1709 1631 1771 quod
1671 1709 1789 1756 istae
1833 1709 1925 1756 sint
1959 1715 2119 1770 partes
2155 1706 2348 1770 quanti-

598 1793 768 1839 tativae
810 1791 1110 1854 qualitativae
1146 1791 1220 1837 vel
1262 1792 1600 1853 quidditativae
1643 1791 1981 1853 poenitentiae,
2018 1797 2071 1836 ut
2106 1789 2227 1836 ratio
2262 1795 2347 1835 tua

598 1873 751 1920 innuit
765 1889 778 1931 3
816 1872 902 1920 sed
926 1873 1273 1934 poenitentiam
1297 1873 1513 1934 intelligo
1539 1872 1763 1929 formam,
1789 1886 1886 1934 qua
1918 1870 2150 1918 contritus
2174 1869 2346 1917 dicitur

598 1953 859 2001 formaliter
890 1953 1153 2015 poenitere,
1181 1961 1228 2000 et
1252 1954 1320 2000 sic
1353 1962 1552 2015 apparet
1584 1953 1702 2000 mihi
1734 1953 2085 2015 poenitentiam
2109 1951 2159 1998 in
2181 1958 2344 1998 mente

600 2035 874 2082 consistere.
948 2034 1057 2082 Alia
1081 2043 1255 2093 autem,
1282 2051 1406 2097 quae
1431 2043 1662 2083 vocantur
1685 2043 1844 2098 partes
1868 2034 2208 2097 poenitentiae,
2236 2022 2348 2081 sunt

601 2116 689 2162 sibi
725 2116 1004 2172 accidentia,
1031 2117 1187 2178 ipsam
1221 2125 1273 2163 ut
1297 2117 1618 2164 communiter
1650 2116 1956 2178 complentia,
1988 2123 2035 2163 et
2063 2115 2201 2177 juxta
2231 2114 2347 2162 illud

601 2196 786 2258 psalmi,
823 2202 833 2221 ‘
851 2197 1117 2244 confitebor
1142 2199 1226 2244 tibi
1251 2199 1299 2245 in
1336 2198 1516 2246 cithara
1540 2198 1676 2245 Deus
1708 2196 1899 2255 meus²,'
1926 2196 2174 2258 signantur
2210 2211 2347 2244 com-

600 2279 807 2325 muniter
831 2294 916 2340 per
940 2287 1100 2341 partes
1125 2279 1332 2327 citharae
1359 2280 1621 2342 corporalis
1634 2295 1647 2338 ;
1696 2280 1761 2326 ita
1794 2278 1952 2341 quod³
1985 2293 2212 2340 suprema
2235 2293 2347 2340 pars

602 2359 823 2417 citharae,
861 2360 910 2406 in
947 2375 1042 2422 qua
1078 2360 1339 2422 infiguntur
1375 2361 1507 2419 clavi,
1545 2369 1680 2408 notet
1716 2361 1875 2408 cordis
1911 2360 2265 2417 contritionem,
2301 2367 2349 2407 et

600 2456 771 2503 grossa
806 2457 863 2488 ac
901 2457 1115 2488 concava
1150 2457 1260 2503 pars
1297 2442 1505 2490 citharae
1542 2457 1666 2504 quae
1704 2456 1880 2490 sonum
1905 2449 2085 2500 causat,
2111 2441 2350 2509 significet

601 2523 697 2570 oris
723 2521 1094 2580 confessionem,
1120 2523 1257 2569 tertia
1282 2531 1443 2569 autem
1468 2539 1578 2584 pars
1602 2522 1825 2580 citharae,
1847 2537 1972 2585 quae
1997 2522 2241 2570 connectit
2262 2521 2351 2570 has

603 2603 720 2650 duas
759 2603 821 2649 ad
856 2603 1075 2660 invicem,
1111 2604 1346 2665 significet
1378 2605 1537 2666 operis
1574 2604 1977 2663 satisfactionem3
2026 2611 2074 2652 et
2106 2605 2175 2652 sic
2198 2600 2354 2666 lyrae⁴

604 2691 714 2732 sunt
740 2685 876 2746 quasi
900 2680 1208 2746 particulares
1242 2686 1581 2747 expressiones
1612 2686 1797 2748 peccati
1821 2686 2032 2733 hominis
2057 2686 2192 2748 quod
2215 2700 2354 2733 com-

603 2766 744 2823 misit,
771 2765 832 2812 ad
857 2765 989 2827 quod
1013 2774 1215 2828 prosunt
1239 2767 1372 2828 digiti
1408 2767 1746 2829 praelatorum.
1817 2766 1880 2814 Et
1905 2768 1974 2815 sic
2006 2774 2080 2815 est
2103 2766 2353 2830 multiplex

603 2847 899 2909 poenitentia
923 2855 1198 2909 aggregata,
1224 2849 1380 2909 prima
1411 2857 1483 2896 est
1517 2849 1673 2896 solum
1707 2850 1757 2895 in
1790 2848 1954 2896 animo
1979 2856 2027 2896 et
2050 2848 2355 2906 insensibilis,

605 2927 724 2990 qua5
749 2928 980 2976 contritus
998 2928 1216 2976 Domino
1242 2929 1496 2976 confitetur
1510 2945 1522 2989 ;
1560 2930 1637 2976 illa
1662 2938 1824 2977 autem
1842 2929 1952 2977 licet
1977 2929 2037 2976 sit
2054 2930 2356 2992 parvipensa,

605 3017 676 3056 est
700 3017 863 3056 tamen
887 3010 1056 3057 virtute
1082 3011 1308 3068 maxima,
1335 3011 1437 3057 sine
1464 3026 1560 3072 qua
1592 3011 1712 3058 aliae
1745 3010 1863 3057 nihil
1886 3010 2059 3059 valent.
2130 3011 2357 3059 Secunda

605 3106 718 3137 vero
763 3099 834 3137 est
875 3092 1174 3152 poenitentia
1221 3099 1484 3153 aggregata
1530 3107 1591 3138 ex
1633 3092 1711 3138 illa
1756 3099 1804 3139 et
1850 3091 2161 3153 expressione
2201 3091 2357 3139 vocali

606 3171 906 3233 singulariter
947 3171 1073 3219 facta
1113 3172 1238 3230 Deo,
1282 3181 1327 3219 et
1375 3173 1443 3219 sic
1486 3181 1586 3220 tam
1633 3181 1793 3234 patres
1834 3173 1955 3234 legis
1996 3173 2166 3220 veteris
2207 3187 2357 3236 quam

608 3260 766 3313 patres
803 3253 915 3301 novi
956 3253 1254 3301 testamenti⁶
1290 3254 1609 3301 communiter
1645 3263 1755 3303 sunt
1791 3253 2015 3302 confessi.
2069 3254 2185 3306 ,Sed
2219 3255 2357 3302 tertia

664 3414 676 3436 ¹
705 3415 790 3466 dic]
813 3416 1019 3455 modicum
1039 3416 1117 3462 dic,
1141 3416 1187 3455 B.
1208 3417 1269 3455 ed.
1291 3430 1351 3468 pr.
1516 3417 1532 3440 ²
1561 3419 1625 3457 Ps.
1646 3417 1739 3456 lxxi.
1761 3417 1878 3469 (lxx.)
1904 3429 1966 3458 22.
2105 3418 2205 3458 8ita
2223 3418 2353 3471 quod]

611 3467 699 3512 ista,
721 3469 782 3506 ed.
804 3482 864 3520 pr.
1057 3470 1071 3492 ⁴
1098 3470 1227 3522 lyrae]
1250 3471 1303 3509 D.
1324 3485 1331 3509 :
1362 3470 1483 3515 lirae3
1514 3472 1700 3518 breviter,
1720 3472 1874 3512 A.B.C.
2083 3471 2226 3524 ³qua]
2246 3472 2354 3524 quia,

580 3548 581 3551 η
612 3521 671 3558 ed.
694 3535 752 3571 pr.
919 3525 933 3546 ⁶
962 3530 1096 3575 patres
1117 3525 1212 3564 novi
1233 3525 1483 3577 testamenti]
1506 3526 1647 3566 fratres
1667 3527 1762 3566 novi
1783 3526 2026 3572 testamenti,
2047 3526 2101 3565 D.
