2436 4094
34 398 37 399 ’
124 399 289 465 cuj..
744 413 854 462 ΤΕ
874 413 966 462 [Α
988 413 1036 461 L
1060 414 1103 463 ο
1125 412 1172 462 G
1198 410 1315 461 US.

152 550 423 599 secundum
458 548 843 612 beneplacitum¹
880 547 989 606 Dei,
1027 547 1118 595 nisi
1154 546 1290 594 Deus
1325 561 1386 594 ex
1422 560 1603 608 magna
1640 559 1727 593 sua
1760 546 1914 608 gratia

149 631 248 681 hoc
271 631 526 695 acceptet?
595 631 719 679 Ideo
745 630 982 694 quidquid
1001 629 1152 677 homo
1177 628 1342 690 egerit,
1368 627 1442 675 vel
1467 635 1640 674 natura
1666 634 1830 675 creata
1863 627 1912 674 in

148 714 258 778 ipso
293 713 528 776 genuerit,
555 728 658 761 non
691 712 890 760 dicitur²
921 711 1068 759 virtus
1101 709 1298 757 moralis
1330 708 1577 756 meritoria
1611 709 1814 771 praemii
1838 709 1912 756 vel

146 794 303 845 laudis
341 803 621 858 perpetuae,
657 794 749 842 nisi
791 794 870 842 illa
904 793 1052 840 virtus
1092 792 1155 839 ab
1194 790 1318 838 alto³
1353 790 1549 847 venerit,
1587 797 1634 837 et
1670 805 1758 852 per
1793 805 1910 838 con-

147 892 360 940 sequens
384 877 472 925 ex*
495 876 650 940 gratia
672 876 767 924 Dei
793 875 880 923 sui.
951 874 1014 922 Et
1039 889 1100 922 ex
1124 874 1218 920 isto
1243 879 1373 934 patet
1398 871 1531 934 quod
1550 886 1697 918 nemo
1724 885 1910 933 cogno-

145 959 249 1019 scit,
276 960 314 1008 si
351 959 411 1008 sit
444 958 695 1007 moraliter
727 958 983 1014 virtuosuS,
1008 955 1100 1003 nisi
1136 969 1165 1003 a
1193 953 1304 1001 Deo
1342 953 1431 1001 sibi
1467 952 1606 1000 fuerit
1642 953 1910 1015 specialiter

145 1040 424 1089 revelatum.
493 1039 557 1088 Et
581 1040 650 1088 sic
674 1039 725 1086 in
749 1046 852 1087 tota
875 1038 966 1086 ista
998 1036 1200 1085 materia
1231 1035 1291 1083 de
1325 1050 1412 1097 spe
1444 1035 1647 1096 praemii
1680 1034 1752 1082 et⁵
1779 1034 1907 1082 dele-

142 1121 279 1170 tione
314 1122 502 1185 peccati
537 1136 650 1170 cum
687 1121 777 1169 sibi
814 1120 1062 1177 similibus,
1099 1119 1246 1166 utitur
1281 1117 1486 1164 ecclesia
1520 1117 1824 1179 reputatione
1860 1125 1908 1164 et

144 1200 506 1268 suppositione⁶
529 1211 577 1252 et
611 1218 713 1252 non
749 1200 1189 1251 demonstratione⁷
1220 1199 1295 1246 vel
1332 1206 1462 1246 certa
1498 1199 1699 1246 scientia
1734 1199 1784 1246 in
1820 1214 1905 1261 spe

139 1285 386 1335 bonorum
408 1285 588 1349 patriae
613 1283 963 1334 conversando.
1036 1282 1272 1342 Quamvis
1291 1288 1452 1328 autem
1470 1279 1740 1327 Arzlvtoleles
1759 1280 1900 1338 dicat,

143 1366 278 1432 quod
297 1369 492 1431 signum
511 1368 572 1416 sit
588 1367 775 1415 homini
794 1366 927 1429 quod
947 1366 1006 1413 sit
1023 1364 1297 1412 habituatus
1323 1364 1508 1420 virtute,
1531 1364 1569 1410 si
1590 1361 1905 1410 delectanter⁸

143 1458 193 1499 et
224 1457 505 1499 constanter
536 1448 788 1512 operetur⁹
821 1447 1134 1496 conformiter
1166 1446 1355 1502 rationi,
1381 1445 1476 1494 hoc
1509 1454 1674 1493 tamen
1709 1444 1903 1506 signum

93 1523 95 1525 ’
143 1547 248 1581 non
283 1540 355 1581 est
389 1532 727 1580 invincibiliter
763 1531 1081 1593 conjunctum
1113 1527 1340 1587 virtuti¹⁰;
1397 1543 1510 1574 cum
1542 1527 1694 1574 homo
1728 1541 1903 1587 expers

141 1615 323 1678 gratiae
348 1621 510 1676 potest
533 1614 596 1662 ad
620 1621 813 1675 tempus
831 1612 882 1659 in
906 1611 1050 1659 bonis
1068 1610 1298 1673 operibus
1318 1609 1555 1666 delectari,
1577 1609 1723 1656 etiam
1746 1607 1902 1655 malus

143 1696 359 1759 angeluS,
396 1694 486 1744 et²¹
522 1702 954 1759 quantumcunque
988 1693 1265 1755 praescituS,
1302 1692 1555 1754 peccando
1587 1691 1638 1738 in
1669 1689 1901 1752 Spiritum

140 1786 364 1827 sanctum
400 1786 449 1826 et
482 1792 636 1840 usque
672 1775 735 1824 ad
769 1782 993 1823 mortem.
1062 1774 1126 1821 Et
1159 1781 1304 1836 patet,
1342 1774 1477 1835 quod
1511 1773 1608 1820 hoc
1643 1779 1900 1834 peccatum

118 1860 284 1909 ⁴nimis
315 1860 494 1909 multos
523 1858 733 1907 caecavit
760 1857 955 1914 insciOS,
980 1855 1065 1918 qui
1097 1855 1350 1913 diffiniunt,
1383 1855 1518 1917 quod
1549 1854 1703 1902 homo
1738 1853 1899 1900 absol-

136 1941 260 1991 vitur
284 1947 324 1991 ”a
362 1948 568 2005 peccato
604 1946 804 2003 propter
837 1939 994 1986 levem
1028 1938 1287 1985 verborum
1329 1952 1528 1984 suorum
1565 1935 1897 1984 ostensionem

135 2024 215 2072 vel>
247 2024 628 2087 expressionem,
664 2021 758 2070 et¹²
792 2019 1189 2069 sacerdotalem¹³
1227 2034 1463 2067 manuum
1501 2019 1867 2081 impositionem
1881 2032 1895 2076 ς

133 2105 221 2154 sed
244 2105 306 2154 de
329 2106 423 2154 isto
446 2104 659 2153 inferius
728 2103 868 2151 Istud
893 2109 1056 2150 autem
1080 2109 1152 2151 est
1176 2097 1337 2150 citra14
1360 2101 1613 2149 materiam
1637 2099 1766 2157 fidei,
1786 2099 1896 2148 licet

131 2187 383 2236 materiam
407 2187 512 2250 spei
535 2186 757 2234 fidelibus
783 2184 1098 2233 administret.

198 2268 444 2317 Differunt
479 2275 643 2316 autem
685 2267 804 2315 istae
839 2274 936 2315 tres
971 2266 1166 2313 virtutes
1203 2265 1485 2328 theologicae,
1523 2264 1659 2324 fideS,
1698 2281 1811 2330 spes
1847 2275 1895 2315 et

130 2351 302 2401 caritas
345 2351 396 2399 in
433 2349 545 2408 hoc,
582 2349 716 2412 quod
745 2349 870 2412 fides
907 2348 1022 2396 dicit
1061 2347 1475 2410 supernaturalem
1513 2355 1561 2396 et
1599 2349 1893 2398 habitualem

128 2433 352 2482 notitiam
387 2431 759 2489 credendorum,
796 2430 919 2478 inter
959 2430 1316 2492 reputationem
1358 2438 1503 2492 atque
1540 2431 1807 2491 scientiam,
1845 2441 1892 2480 et

127 2513 275 2563 habet
306 2514 428 2563 fides
459 2513 779 2576 proprietates
811 2510 1090 2560 laudabiles.
1162 2510 1260 2558 Sed
1292 2511 1578 2570 notandum,
1603 2514 1737 2575 quod
1769 2515 1891 2563 fides

126 2595 424 2659 quandoque
455 2595 688 2657 accipitur
720 2609 810 2657 pro
838 2601 948 2641 actu
981 2592 1225 2650 credendi,
1252 2593 1549 2655 quandoque
1581 2609 1673 2655 pro
1708 2594 1887 2654 habitu,

126 2686 176 2728 et
210 2677 506 2742 quandoque
542 2691 632 2739 pro
668 2675 864 2723 veritate
901 2688 1026 2736 quae
1059 2673 1281 2721 creditur.
1355 2673 1475 2721 Ideo
1510 2675 1677 2722 dicunt
1709 2676 1888 2735 fideles,

125 2759 262 2824 quod
296 2760 453 2823 prima
475 2765 550 2806 est
584 2757 705 2805 fides
728 2772 820 2819 qua
857 2756 1114 2812 credimuS,
1139 2755 1354 2802 secunda
1389 2763 1462 2803 est
1494 2755 1614 2804 fides
1638 2765 1728 2818 per
1750 2774 1888 2819 quam

125 2842 381 2900 credimuS,
407 2848 456 2890 et
479 2840 617 2889 tertia
639 2847 713 2887 est
737 2838 857 2886 fides
885 2853 1021 2900 quam
1055 2837 1308 2885 credimus.
1381 2837 1443 2884 Et
1468 2837 1589 2886 fides
1616 2836 1689 2902 (ut
1721 2839 1887 2888 dicunt
1920 2831 1926 2837 ”

126 2920 420 2988 scholastici)
457 2921 595 2971 alia¹⁵
630 2929 703 2970 est
738 2920 971 2978 informis,
999 2934 1112 2967 cum
1138 2923 1149 2944 ‘
1167 2919 1370 2966 credunt
1407 2919 1674 2968 daemones
1710 2930 1756 2969 et
1791 2930 1883 2969 tre-

60 3025 64 3039 ‘v
126 3002 422 3064 mescunt¹⁶,’
460 3012 508 3052 et
543 3003 636 3053 alia
670 3011 743 3051 est
779 3002 900 3051 fides
944 3001 1138 3049 caritate
1183 3000 1401 3049 formata.
1474 3001 1677 3051 Videtur
1719 3011 1882 3052 tamen

180 3184 195 3208 ¹
221 3183 544 3237 beneplacitum]
566 3183 775 3236 placitum,
798 3182 850 3221 A.
1072 3181 1087 3203 ²
1114 3181 1280 3233 dieitur]
1302 3181 1433 3227 datur,
1458 3181 1510 3221 D.
1730 3182 1745 3204 ³
1772 3181 1878 3236 alto]

123 3238 220 3285 alio,
239 3238 304 3279 ed.
323 3251 385 3291 pr.
494 3237 510 3261 ⁴
536 3238 604 3291 ex]
619 3251 656 3284 a,
670 3238 717 3276 B.
731 3238 886 3289 primae
897 3248 1055 3280 manus,
1072 3236 1176 3276 C.D.
1193 3236 1256 3275 ed.
1273 3249 1333 3288 pr.
1442 3236 1456 3258 ⁵
1485 3235 1545 3288 et]
1560 3235 1622 3280 de,
1640 3235 1688 3276 C.
1714 3237 1778 3276 ed.
1792 3249 1852 3289 pr.
1867 3251 1877 3283 ;

124 3293 178 3335 de
196 3292 479 3338 delectatione,
499 3292 555 3332 D.
775 3292 791 3314 ⁶
820 3291 1076 3343 reputatione
1095 3297 1134 3330 et
1156 3289 1457 3342 suppositione]
1480 3291 1705 3342 reputative
1724 3298 1765 3331 et
1785 3304 1879 3343 sup-

123 3347 312 3401 posifive,
334 3346 381 3386 B.
402 3346 465 3387 ed.
484 3359 547 3399 pr.
657 3345 672 3368 ⁷
700 3344 1070 3396 demonstratione]
1092 3343 1422 3389 demonstrative,
1444 3344 1507 3383 ed.
1528 3357 1589 3396 pr.
1699 3346 1715 3368 ⁸
1743 3345 1876 3386 delec-

123 3400 278 3463 tanter]
299 3400 608 3446 delectabiliter,
626 3400 680 3440 D.
701 3401 763 3440 ed.
785 3413 846 3452 pr.
1149 3399 1164 3420 ⁰
1194 3398 1404 3450 operetur]
1427 3405 1630 3450 operatur,
1654 3399 1708 3440 D.
1730 3400 1793 3440 ed.
1815 3413 1876 3453 pr.

122 3455 156 3480 ¹⁰
183 3461 445 3507 conjunctum
464 3455 623 3507 virtuti]
645 3454 948 3507 conjunctivum
969 3452 1140 3498 virtutis,
1163 3453 1268 3492 C.D.
1290 3452 1351 3491 ed.
1373 3465 1433 3504 pr.
1578 3453 1604 3476 ¹¹
1636 3453 1696 3505 et]
1718 3467 1800 3494 om.
1822 3454 1875 3495 A.

123 3508 156 3551 ¹?
183 3509 244 3562 et]
256 3516 298 3550 et
309 3509 376 3556 ad,
391 3509 546 3549 A.B.C.
559 3509 621 3549 ed.
638 3522 699 3562 pr.
812 3509 841 3532 ¹³
870 3506 1183 3557 sacerdotalem]
1202 3507 1549 3551 sacramentalem,
1568 3508 1722 3548 B.C.D.
1736 3509 1800 3549 ed.
1815 3522 1876 3562 pr.

122 3562 153 3588 ²⁴
179 3563 301 3616 citra]
322 3570 477 3610 contra,
499 3562 554 3604 D.
575 3564 638 3604 ed.
659 3577 719 3617 pr.
831 3563 860 3587 ¹⁵
887 3562 987 3614 alia]
1009 3561 1156 3613 aliqua,
1179 3561 1241 3600 ed.
1263 3573 1323 3612 pr.
1435 3562 1465 3585 ¹⁶
1495 3560 1544 3601 cf.
1567 3562 1649 3603 Iac.
1671 3563 1710 3603 ii.
1739 3576 1800 3617 ¹9·

2054 424 2154 479 133

1952 2289 2090 2319 Virtutes
2106 2291 2192 2319 theo-

1951 2324 2087 2359 logicae:
2106 2325 2193 2354 fides.
