<?xml version="1.0" encoding="UTF-8"?>
<!DOCTYPE html PUBLIC "-//W3C//DTD XHTML 1.0 Transitional//EN"
    "http://www.w3.org/TR/xhtml1/DTD/xhtml1-transitional.dtd">
<html xmlns="http://www.w3.org/1999/xhtml" xml:lang="en" lang="en">
 <head>
  <title>
</title>
<meta http-equiv="Content-Type" content="text/html;charset=utf-8" />
  <meta name='ocr-system' content='tesseract 3.04.00' />
  <meta name='ocr-capabilities' content='ocr_page ocr_carea ocr_par ocr_line ocrx_word'/>
</head>
<body>
  <div class='ocr_page' id='page_1' title='image "./trialoguscumsupp00wycluoft_0390.png"; bbox 0 0 2462 4114; ppageno 0'>
   <div class='ocr_carea' id='block_1_1' title="bbox 1069 422 2375 486">
    <p class='ocr_par' dir='ltr' id='par_1_1' title="bbox 1069 422 2375 486">
     <span class='ocr_line' id='line_1_1' title="bbox 1069 422 2375 486; baseline -0.002 -14"><span class='ocrx_word' id='word_1_1' title='bbox 1069 422 1494 486; x_wconf 87' lang='lat' dir='ltr'><em>JOANNIS</em></span> <span class='ocrx_word' id='word_1_2' title='bbox 1564 422 1916 472; x_wconf 83' lang='lat' dir='ltr'><em>WICLIF</em></span> <span class='ocrx_word' id='word_1_3' title='bbox 2223 441 2375 470; x_wconf 55' lang='grc' dir='ltr'>ΜΕΝ.</span> 
     </span>
    </p>
   </div>
   <div class='ocr_carea' id='block_1_2' title="bbox 626 554 2381 1188">
    <p class='ocr_par' dir='ltr' id='par_1_2' title="bbox 626 554 2381 1188">
     <span class='ocr_line' id='line_1_2' title="bbox 628 554 2374 615; baseline -0.003 -9"><span class='ocrx_word' id='word_1_4' title='bbox 628 566 870 606; x_wconf 82' lang='lat' dir='ltr'>creaturae</span> <span class='ocrx_word' id='word_1_5' title='bbox 912 557 1006 605; x_wconf 91' lang='lat' dir='ltr'>Dei</span> <span class='ocrx_word' id='word_1_6' title='bbox 1055 558 1177 605; x_wconf 88' lang='lat' dir='ltr'>sicut</span> <span class='ocrx_word' id='word_1_7' title='bbox 1223 565 1270 605; x_wconf 92' lang='lat' dir='ltr'>et</span> <span class='ocrx_word' id='word_1_8' title='bbox 1318 557 1500 615; x_wconf 83' lang='lat' dir='ltr'>fratreS,</span> <span class='ocrx_word' id='word_1_9' title='bbox 1542 564 1591 604; x_wconf 92' lang='lat' dir='ltr'>et</span> <span class='ocrx_word' id='word_1_10' title='bbox 1636 556 1818 605; x_wconf 91' lang='lat' dir='ltr'>habent</span> <span class='ocrx_word' id='word_1_11' title='bbox 1863 557 2186 605; x_wconf 90' lang='lat' dir='ltr'>communiter</span> <span class='ocrx_word' id='word_1_12' title='bbox 2226 554 2374 602; x_wconf 90' lang='lat' dir='ltr'>verba</span> 
     </span>
     <span class='ocr_line' id='line_1_3' title="bbox 628 637 2376 700; baseline -0.003 -13"><span class='ocrx_word' id='word_1_13' title='bbox 628 639 972 688; x_wconf 85' lang='lat' dir='ltr'>exhortationis</span> <span class='ocrx_word' id='word_1_14' title='bbox 1009 638 1117 700; x_wconf 93' lang='lat' dir='ltr'>plus</span> <span class='ocrx_word' id='word_1_15' title='bbox 1152 638 1379 696; x_wconf 87' lang='lat' dir='ltr'>efficacia,</span> <span class='ocrx_word' id='word_1_16' title='bbox 1405 653 1552 700; x_wconf 91' lang='lat' dir='ltr'>quare</span> <span class='ocrx_word' id='word_1_17' title='bbox 1588 653 1690 685; x_wconf 93' lang='lat' dir='ltr'>non</span> <span class='ocrx_word' id='word_1_18' title='bbox 1725 645 1929 700; x_wconf 87' lang='lat' dir='ltr'><strong>possunt</strong></span> <span class='ocrx_word' id='word_1_19' title='bbox 1953 637 2044 700; x_wconf 89' lang='lat' dir='ltr'>ipsi</span> <span class='ocrx_word' id='word_1_20' title='bbox 2080 643 2376 699; x_wconf 84' lang='lat' dir='ltr'>cooperante</span> 
     </span>
     <span class='ocr_line' id='line_1_4' title="bbox 626 715 2374 782; baseline -0.002 -15"><span class='ocrx_word' id='word_1_21' title='bbox 626 721 719 768; x_wconf 91' lang='lat' dir='ltr'>Dei</span> <span class='ocrx_word' id='word_1_22' title='bbox 755 721 908 782; x_wconf 88' lang='lat' dir='ltr'>gratia</span> <span class='ocrx_word' id='word_1_23' title='bbox 940 720 1181 782; x_wconf 89' lang='lat' dir='ltr'>corripere</span> <span class='ocrx_word' id='word_1_24' title='bbox 1214 727 1261 768; x_wconf 89' lang='lat' dir='ltr'>et</span> <span class='ocrx_word' id='word_1_25' title='bbox 1294 720 1534 782; x_wconf 87' lang='lat' dir='ltr'>corrigere</span> <span class='ocrx_word' id='word_1_26' title='bbox 1570 719 1798 767; x_wconf 89' lang='lat' dir='ltr'>dominos</span> <span class='ocrx_word' id='word_1_27' title='bbox 1834 718 2158 781; x_wconf 84' lang='lat' dir='ltr'>temporales?</span> <span class='ocrx_word' id='word_1_28' title='bbox 2217 715 2374 764; x_wconf 92' lang='lat' dir='ltr'>Num-</span> 
     </span>
     <span class='ocr_line' id='line_1_5' title="bbox 627 799 2375 863; baseline -0.001 -15"><span class='ocrx_word' id='word_1_29' title='bbox 627 802 743 863; x_wconf 89' lang='lat' dir='ltr'>quid</span> <span class='ocrx_word' id='word_1_30' title='bbox 766 801 934 849; x_wconf 87' lang='lat' dir='ltr'>fratres</span> <span class='ocrx_word' id='word_1_31' title='bbox 958 801 1104 849; x_wconf 91' lang='lat' dir='ltr'>velint</span> <span class='ocrx_word' id='word_1_32' title='bbox 1128 809 1312 849; x_wconf 88' lang='lat' dir='ltr'>tantam</span> <span class='ocrx_word' id='word_1_33' title='bbox 1337 801 1694 849; x_wconf 91' lang='lat' dir='ltr'>indurationem</span> <span class='ocrx_word' id='word_1_34' title='bbox 1718 801 1768 848; x_wconf 92' lang='lat' dir='ltr'>in</span> <span class='ocrx_word' id='word_1_35' title='bbox 1799 801 2011 849; x_wconf 88' lang='lat' dir='ltr'>dominis</span> <span class='ocrx_word' id='word_1_36' title='bbox 2035 799 2152 863; x_wconf 88' lang='lat' dir='ltr'>ipsis</span> <span class='ocrx_word' id='word_1_37' title='bbox 2175 813 2375 863; x_wconf 90' lang='lat' dir='ltr'>ponere,</span> 
     </span>
     <span class='ocr_line' id='line_1_6' title="bbox 628 880 2375 945; baseline -0.003 -15"><span class='ocrx_word' id='word_1_38' title='bbox 628 883 762 944; x_wconf 92' lang='lat' dir='ltr'>quod</span> <span class='ocrx_word' id='word_1_39' title='bbox 787 883 905 930; x_wconf 91' lang='lat' dir='ltr'>sicut</span> <span class='ocrx_word' id='word_1_40' title='bbox 929 883 1020 945; x_wconf 92' lang='lat' dir='ltr'>ipsi</span> <span class='ocrx_word' id='word_1_41' title='bbox 1045 883 1371 944; x_wconf 89' lang='lat' dir='ltr'>impediuntur</span> <span class='ocrx_word' id='word_1_42' title='bbox 1395 898 1424 929; x_wconf 91' lang='lat' dir='ltr'>a</span> <span class='ocrx_word' id='word_1_43' title='bbox 1447 890 1583 944; x_wconf 86' lang='lat' dir='ltr'>patre</span> <span class='ocrx_word' id='word_1_44' title='bbox 1609 897 1697 930; x_wconf 91' lang='lat' dir='ltr'>suo</span> <span class='ocrx_word' id='word_1_45' title='bbox 1732 882 1960 930; x_wconf 90' lang='lat' dir='ltr'>dominos</span> <span class='ocrx_word' id='word_1_46' title='bbox 1993 881 2100 930; x_wconf 92' lang='lat' dir='ltr'>illos</span> <span class='ocrx_word' id='word_1_47' title='bbox 2134 880 2375 942; x_wconf 87' lang='lat' dir='ltr'>corrigere</span> 
     </span>
     <span class='ocr_line' id='line_1_7' title="bbox 629 962 2380 1026; baseline -0.002 -15"><span class='ocrx_word' id='word_1_48' title='bbox 629 965 745 1025; x_wconf 93' lang='lat' dir='ltr'>quin</span> <span class='ocrx_word' id='word_1_49' title='bbox 779 964 941 1026; x_wconf 89' lang='lat' dir='ltr'>potius</span> <span class='ocrx_word' id='word_1_50' title='bbox 975 964 1038 1011; x_wconf 90' lang='lat' dir='ltr'>ad</span> <span class='ocrx_word' id='word_1_51' title='bbox 1074 964 1283 1012; x_wconf 91' lang='lat' dir='ltr'>deterius</span> <span class='ocrx_word' id='word_1_52' title='bbox 1319 964 1514 1026; x_wconf 88' lang='lat' dir='ltr'>agitare,</span> <span class='ocrx_word' id='word_1_53' title='bbox 1541 964 1610 1011; x_wconf 91' lang='lat' dir='ltr'>sic</span> <span class='ocrx_word' id='word_1_54' title='bbox 1646 965 1992 1012; x_wconf 90' lang='lat' dir='ltr'>necessitentur</span> <span class='ocrx_word' id='word_1_55' title='bbox 2024 962 2183 1010; x_wconf 89' lang='lat' dir='ltr'>cuncti</span> <span class='ocrx_word' id='word_1_56' title='bbox 2219 975 2380 1024; x_wconf 91' lang='lat' dir='ltr'>popu-</span> 
     </span>
     <span class='ocr_line' id='line_1_8' title="bbox 629 1042 2380 1107; baseline -0.002 -15"><span class='ocrx_word' id='word_1_57' title='bbox 629 1046 752 1092; x_wconf 85' lang='lat' dir='ltr'>lares</span> <span class='ocrx_word' id='word_1_58' title='bbox 783 1045 1144 1093; x_wconf 88' lang='lat' dir='ltr'>eommunicare</span> <span class='ocrx_word' id='word_1_59' title='bbox 1169 1060 1411 1092; x_wconf 91' lang='lat' dir='ltr'>venenum</span> <span class='ocrx_word' id='word_1_60' title='bbox 1438 1045 1614 1092; x_wconf 91' lang='lat' dir='ltr'>diaboli</span> <span class='ocrx_word' id='word_1_61' title='bbox 1644 1045 1761 1107; x_wconf 91' lang='lat' dir='ltr'>ipsis</span> <span class='ocrx_word' id='word_1_62' title='bbox 1797 1045 2006 1092; x_wconf 91' lang='lat' dir='ltr'>dominis</span> <span class='ocrx_word' id='word_1_63' title='bbox 2039 1045 2161 1092; x_wconf 91' lang='lat' dir='ltr'>sicut</span> <span class='ocrx_word' id='word_1_64' title='bbox 2193 1042 2380 1090; x_wconf 85' lang='lat' dir='ltr'>fratres.</span> 
     </span>
     <span class='ocr_line' id='line_1_9' title="bbox 632 1122 2381 1188; baseline -0.002 -16"><span class='ocrx_word' id='word_1_65' title='bbox 632 1125 778 1173; x_wconf 92' lang='lat' dir='ltr'>Unde</span> <span class='ocrx_word' id='word_1_66' title='bbox 803 1126 920 1174; x_wconf 88' lang='lat' dir='ltr'>alias</span> <span class='ocrx_word' id='word_1_67' title='bbox 946 1125 1058 1184; x_wconf 87' lang='lat' dir='ltr'>dixi,</span> <span class='ocrx_word' id='word_1_68' title='bbox 1079 1141 1178 1188; x_wconf 94' lang='lat' dir='ltr'>quo</span> <span class='ocrx_word' id='word_1_69' title='bbox 1205 1126 1267 1173; x_wconf 85' lang='lat' dir='ltr'>ad</span> <span class='ocrx_word' id='word_1_70' title='bbox 1292 1127 1498 1187; x_wconf 84' lang='lat' dir='ltr'>primam</span> <span class='ocrx_word' id='word_1_71' title='bbox 1522 1134 1709 1188; x_wconf 89' lang='lat' dir='ltr'>partem</span> <span class='ocrx_word' id='word_1_72' title='bbox 1734 1127 2015 1184; x_wconf 88' lang='lat' dir='ltr'>sententiae,</span> <span class='ocrx_word' id='word_1_73' title='bbox 2036 1123 2170 1188; x_wconf 92' lang='lat' dir='ltr'>quod</span> <span class='ocrx_word' id='word_1_74' title='bbox 2192 1122 2381 1172; x_wconf 90' lang='lat' dir='ltr'>domini</span> 
     </span>
    </p>
   </div>
   <div class='ocr_carea' id='block_1_3' title="bbox 551 1204 2382 1269">
    <p class='ocr_par' dir='ltr' id='par_1_3' title="bbox 551 1204 2382 1269">
     <span class='ocr_line' id='line_1_10' title="bbox 551 1204 2382 1269; baseline -0.002 -14"><span class='ocrx_word' id='word_1_75' title='bbox 551 1215 569 1233; x_wconf 57' lang='grc' dir='ltr'><strong>ὃ</strong></span> <span class='ocrx_word' id='word_1_76' title='bbox 631 1207 923 1269; x_wconf 87' lang='lat' dir='ltr'>temporales</span> <span class='ocrx_word' id='word_1_77' title='bbox 961 1206 1143 1254; x_wconf 88' lang='lat' dir='ltr'>habent</span> <span class='ocrx_word' id='word_1_78' title='bbox 1177 1215 1467 1269; x_wconf 89' lang='lat' dir='ltr'>potestatem</span> <span class='ocrx_word' id='word_1_79' title='bbox 1505 1224 1534 1255; x_wconf 89' lang='lat' dir='ltr'>a</span> <span class='ocrx_word' id='word_1_80' title='bbox 1567 1206 1678 1254; x_wconf 93' lang='lat' dir='ltr'>Deo</span> <span class='ocrx_word' id='word_1_81' title='bbox 1720 1221 2023 1264; x_wconf 83' lang='lat' dir='ltr'>concessam,</span> <span class='ocrx_word' id='word_1_82' title='bbox 2058 1213 2112 1253; x_wconf 90' lang='lat' dir='ltr'>ut</span> <span class='ocrx_word' id='word_1_83' title='bbox 2147 1211 2281 1268; x_wconf 87' lang='lat' dir='ltr'>patet</span> <span class='ocrx_word' id='word_1_84' title='bbox 2318 1204 2382 1252; x_wconf 87' lang='lat' dir='ltr'>ad</span> 
     </span>
    </p>
   </div>
   <div class='ocr_carea' id='block_1_4' title="bbox 632 1283 2390 3132">
    <p class='ocr_par' dir='ltr' id='par_1_4' title="bbox 632 1283 2390 3132">
     <span class='ocr_line' id='line_1_11' title="bbox 632 1283 2382 1350; baseline -0.002 -15"><span class='ocrx_word' id='word_1_85' title='bbox 632 1289 888 1337; x_wconf 91' lang='lat' dir='ltr'>Romanos</span> <span class='ocrx_word' id='word_1_86' title='bbox 929 1288 1043 1346; x_wconf 69' lang='lat' dir='ltr'>xiii„</span> <span class='ocrx_word' id='word_1_87' title='bbox 1081 1288 1143 1336; x_wconf 90' lang='lat' dir='ltr'>ad</span> <span class='ocrx_word' id='word_1_88' title='bbox 1177 1289 1304 1336; x_wconf 85' lang='lat' dir='ltr'>viros</span> <span class='ocrx_word' id='word_1_89' title='bbox 1346 1289 1698 1336; x_wconf 91' lang='lat' dir='ltr'>ecclesiasticos</span> <span class='ocrx_word' id='word_1_90' title='bbox 1736 1287 2087 1350; x_wconf 88' lang='lat' dir='ltr'>castigandum.</span> <span class='ocrx_word' id='word_1_91' title='bbox 2157 1283 2382 1346; x_wconf 80' lang='lat' dir='ltr'>Mirabile</span> 
     </span>
     <span class='ocr_line' id='line_1_12' title="bbox 632 1365 2380 1432; baseline -0.002 -15"><span class='ocrx_word' id='word_1_92' title='bbox 632 1370 829 1432; x_wconf 91' lang='lat' dir='ltr'>quidem</span> <span class='ocrx_word' id='word_1_93' title='bbox 863 1369 987 1417; x_wconf 87' lang='lat' dir='ltr'>foret</span> <span class='ocrx_word' id='word_1_94' title='bbox 1021 1370 1157 1432; x_wconf 93' lang='lat' dir='ltr'>quod</span> <span class='ocrx_word' id='word_1_95' title='bbox 1193 1369 1378 1417; x_wconf 89' lang='lat' dir='ltr'>domini</span> <span class='ocrx_word' id='word_1_96' title='bbox 1413 1370 1706 1432; x_wconf 89' lang='lat' dir='ltr'>temporales</span> <span class='ocrx_word' id='word_1_97' title='bbox 1740 1369 1952 1416; x_wconf 88' lang='lat' dir='ltr'>habeant</span> <span class='ocrx_word' id='word_1_98' title='bbox 1985 1374 2280 1431; x_wconf 77' lang='lat' dir='ltr'>potestatem</span> <span class='ocrx_word' id='word_1_99' title='bbox 2314 1365 2380 1414; x_wconf 87' lang='lat' dir='ltr'>ad</span> 
     </span>
     <span class='ocr_line' id='line_1_13' title="bbox 633 1448 2383 1512; baseline -0.002 -13"><span class='ocrx_word' id='word_1_100' title='bbox 633 1451 1066 1499; x_wconf 87' lang='lat' dir='ltr'>ecclesiasticorum</span> <span class='ocrx_word' id='word_1_101' title='bbox 1091 1451 1237 1497; x_wconf 88' lang='lat' dir='ltr'>vitam</span> <span class='ocrx_word' id='word_1_102' title='bbox 1261 1451 1311 1497; x_wconf 89' lang='lat' dir='ltr'>in</span> <span class='ocrx_word' id='word_1_103' title='bbox 1338 1450 1514 1498; x_wconf 91' lang='lat' dir='ltr'>Christi</span> <span class='ocrx_word' id='word_1_104' title='bbox 1538 1451 1768 1512; x_wconf 90' lang='lat' dir='ltr'>pauperie</span> <span class='ocrx_word' id='word_1_105' title='bbox 1793 1448 2181 1507; x_wconf 90' lang='lat' dir='ltr'>subvertendum,</span> <span class='ocrx_word' id='word_1_106' title='bbox 2205 1455 2256 1496; x_wconf 88' lang='lat' dir='ltr'>et</span> <span class='ocrx_word' id='word_1_107' title='bbox 2279 1462 2383 1495; x_wconf 89' lang='lat' dir='ltr'>non</span> 
     </span>
     <span class='ocr_line' id='line_1_14' title="bbox 632 1527 2382 1594; baseline -0.003 -14"><span class='ocrx_word' id='word_1_108' title='bbox 632 1533 841 1580; x_wconf 89' lang='lat' dir='ltr'>habeant</span> <span class='ocrx_word' id='word_1_109' title='bbox 881 1539 1173 1594; x_wconf 92' lang='lat' dir='ltr'>potestatem</span> <span class='ocrx_word' id='word_1_110' title='bbox 1216 1532 1278 1579; x_wconf 91' lang='lat' dir='ltr'>ad</span> <span class='ocrx_word' id='word_1_111' title='bbox 1322 1532 1582 1589; x_wconf 88' lang='lat' dir='ltr'>stultitiam,</span> <span class='ocrx_word' id='word_1_112' title='bbox 1625 1533 1675 1578; x_wconf 90' lang='lat' dir='ltr'>in</span> <span class='ocrx_word' id='word_1_113' title='bbox 1717 1546 1814 1593; x_wconf 88' lang='lat' dir='ltr'>qua</span> <span class='ocrx_word' id='word_1_114' title='bbox 1854 1539 2024 1579; x_wconf 89' lang='lat' dir='ltr'>contra</span> <span class='ocrx_word' id='word_1_115' title='bbox 2063 1530 2229 1578; x_wconf 91' lang='lat' dir='ltr'>Deum</span> <span class='ocrx_word' id='word_1_116' title='bbox 2265 1527 2382 1576; x_wconf 91' lang='lat' dir='ltr'>deli-</span> 
     </span>
     <span class='ocr_line' id='line_1_15' title="bbox 633 1610 2383 1675; baseline -0.002 -14"><span class='ocrx_word' id='word_1_117' title='bbox 633 1622 848 1675; x_wconf 89' lang='lat' dir='ltr'>querant,</span> <span class='ocrx_word' id='word_1_118' title='bbox 887 1613 1240 1675; x_wconf 88' lang='lat' dir='ltr'>corrigendum.</span> <span class='ocrx_word' id='word_1_119' title='bbox 1310 1613 1501 1661; x_wconf 86' lang='lat' dir='ltr'>Fratres</span> <span class='ocrx_word' id='word_1_120' title='bbox 1541 1614 1671 1661; x_wconf 87' lang='lat' dir='ltr'>enim</span> <span class='ocrx_word' id='word_1_121' title='bbox 1707 1613 1925 1661; x_wconf 85' lang='lat' dir='ltr'>videntur</span> <span class='ocrx_word' id='word_1_122' title='bbox 1958 1614 2009 1660; x_wconf 92' lang='lat' dir='ltr'>in</span> <span class='ocrx_word' id='word_1_123' title='bbox 2043 1612 2139 1660; x_wconf 93' lang='lat' dir='ltr'>hoc</span> <span class='ocrx_word' id='word_1_124' title='bbox 2175 1610 2383 1659; x_wconf 89' lang='lat' dir='ltr'>similare</span> 
     </span>
     <span class='ocr_line' id='line_1_16' title="bbox 634 1691 2382 1755; baseline -0.002 -14"><span class='ocrx_word' id='word_1_125' title='bbox 634 1695 723 1741; x_wconf 90' lang='lat' dir='ltr'>sibi</span> <span class='ocrx_word' id='word_1_126' title='bbox 766 1693 1029 1741; x_wconf 87' lang='lat' dir='ltr'>seculares1</span> <span class='ocrx_word' id='word_1_127' title='bbox 1072 1694 1316 1752; x_wconf 86' lang='lat' dir='ltr'>dominos,</span> <span class='ocrx_word' id='word_1_128' title='bbox 1366 1694 1501 1755; x_wconf 91' lang='lat' dir='ltr'>quod</span> <span class='ocrx_word' id='word_1_129' title='bbox 1542 1694 1636 1741; x_wconf 87' lang='lat' dir='ltr'>sint</span> <span class='ocrx_word' id='word_1_130' title='bbox 1682 1691 1761 1741; x_wconf 85' lang='lat' dir='ltr'>ut2</span> <span class='ocrx_word' id='word_1_131' title='bbox 1807 1693 1871 1741; x_wconf 93' lang='lat' dir='ltr'>illi</span> <span class='ocrx_word' id='word_1_132' title='bbox 1919 1692 2100 1740; x_wconf 92' lang='lat' dir='ltr'>diaboli</span> <span class='ocrx_word' id='word_1_133' title='bbox 2147 1691 2382 1749; x_wconf 90' lang='lat' dir='ltr'>indurati;</span> 
     </span>
     <span class='ocr_line' id='line_1_17' title="bbox 633 1772 2386 1838; baseline -0.001 -18"><span class='ocrx_word' id='word_1_134' title='bbox 633 1775 740 1823; x_wconf 91' lang='lat' dir='ltr'>licet</span> <span class='ocrx_word' id='word_1_135' title='bbox 773 1782 935 1823; x_wconf 89' lang='lat' dir='ltr'>autem</span> <span class='ocrx_word' id='word_1_136' title='bbox 967 1775 1206 1823; x_wconf 86' lang='lat' dir='ltr'>seculares</span> <span class='ocrx_word' id='word_1_137' title='bbox 1232 1775 1418 1822; x_wconf 90' lang='lat' dir='ltr'>domini</span> <span class='ocrx_word' id='word_1_138' title='bbox 1443 1775 1507 1823; x_wconf 93' lang='lat' dir='ltr'>ad</span> <span class='ocrx_word' id='word_1_139' title='bbox 1531 1783 1723 1838; x_wconf 91' lang='lat' dir='ltr'>tempus</span> <span class='ocrx_word' id='word_1_140' title='bbox 1748 1775 1810 1822; x_wconf 89' lang='lat' dir='ltr'>ab</span> <span class='ocrx_word' id='word_1_141' title='bbox 1838 1775 1940 1822; x_wconf 91' lang='lat' dir='ltr'>istis</span> <span class='ocrx_word' id='word_1_142' title='bbox 1972 1772 2386 1837; x_wconf 86' lang='lat' dir='ltr'>pseudofratribus</span> 
     </span>
     <span class='ocr_line' id='line_1_18' title="bbox 635 1854 2385 1918; baseline -0.002 -15"><span class='ocrx_word' id='word_1_143' title='bbox 635 1857 729 1903; x_wconf 92' lang='lat' dir='ltr'>sint</span> <span class='ocrx_word' id='word_1_144' title='bbox 753 1856 951 1914; x_wconf 85' lang='lat' dir='ltr'>seducti,</span> <span class='ocrx_word' id='word_1_145' title='bbox 972 1857 1038 1903; x_wconf 90' lang='lat' dir='ltr'>sic</span> <span class='ocrx_word' id='word_1_146' title='bbox 1063 1857 1197 1918; x_wconf 93' lang='lat' dir='ltr'>quod</span> <span class='ocrx_word' id='word_1_147' title='bbox 1220 1857 1416 1918; x_wconf 87' lang='lat' dir='ltr'>quilibet</span> <span class='ocrx_word' id='word_1_148' title='bbox 1440 1871 1610 1904; x_wconf 92' lang='lat' dir='ltr'>eorum</span> <span class='ocrx_word' id='word_1_149' title='bbox 1629 1857 1705 1904; x_wconf 90' lang='lat' dir='ltr'>vel</span> <span class='ocrx_word' id='word_1_150' title='bbox 1728 1857 1863 1904; x_wconf 91' lang='lat' dir='ltr'>multi</span> <span class='ocrx_word' id='word_1_151' title='bbox 1895 1871 2009 1904; x_wconf 93' lang='lat' dir='ltr'>cum</span> <span class='ocrx_word' id='word_1_152' title='bbox 2032 1855 2130 1903; x_wconf 90' lang='lat' dir='ltr'>suis</span> <span class='ocrx_word' id='word_1_153' title='bbox 2152 1854 2385 1902; x_wconf 86' lang='lat' dir='ltr'>uxoribus</span> 
     </span>
     <span class='ocr_line' id='line_1_19' title="bbox 633 1934 2386 1999; baseline -0.002 -16"><span class='ocrx_word' id='word_1_154' title='bbox 633 1937 869 1984; x_wconf 75' lang='lat' dir='ltr'>habeant³</span> <span class='ocrx_word' id='word_1_155' title='bbox 899 1952 1051 1983; x_wconf 93' lang='lat' dir='ltr'>unum</span> <span class='ocrx_word' id='word_1_156' title='bbox 1084 1936 1355 1984; x_wconf 88' lang='lat' dir='ltr'>Ischarioth</span> <span class='ocrx_word' id='word_1_157' title='bbox 1389 1937 1788 1999; x_wconf 89' lang='lat' dir='ltr'>pseudofratrem‚</span> <span class='ocrx_word' id='word_1_158' title='bbox 1813 1937 2004 1985; x_wconf 68' lang='lat' dir='ltr'>tamen*</span> <span class='ocrx_word' id='word_1_159' title='bbox 2027 1951 2089 1984; x_wconf 86' lang='lat' dir='ltr'>ex</span> <span class='ocrx_word' id='word_1_160' title='bbox 2112 1935 2208 1983; x_wconf 87' lang='lat' dir='ltr'>Dei</span> <span class='ocrx_word' id='word_1_161' title='bbox 2231 1934 2386 1997; x_wconf 88' lang='lat' dir='ltr'>gratia</span> 
     </span>
     <span class='ocr_line' id='line_1_20' title="bbox 635 2015 2384 2080; baseline -0.002 -15"><span class='ocrx_word' id='word_1_162' title='bbox 635 2025 796 2080; x_wconf 88' lang='lat' dir='ltr'>potest</span> <span class='ocrx_word' id='word_1_163' title='bbox 842 2033 949 2065; x_wconf 91' lang='lat' dir='ltr'>esse</span> <span class='ocrx_word' id='word_1_164' title='bbox 995 2017 1129 2079; x_wconf 95' lang='lat' dir='ltr'>quod</span> <span class='ocrx_word' id='word_1_165' title='bbox 1177 2026 1476 2080; x_wconf 88' lang='lat' dir='ltr'>cognoscant</span> <span class='ocrx_word' id='word_1_166' title='bbox 1524 2018 1827 2066; x_wconf 91' lang='lat' dir='ltr'>diabolorum</span> <span class='ocrx_word' id='word_1_167' title='bbox 1873 2016 2100 2066; x_wconf 76' lang='lat' dir='ltr'>istorum¹⁵</span> <span class='ocrx_word' id='word_1_168' title='bbox 2139 2015 2384 2071; x_wconf 87' lang='lat' dir='ltr'>versutias,</span> 
     </span>
     <span class='ocr_line' id='line_1_21' title="bbox 637 2084 2386 2162; baseline -0.001 -17"><span class='ocrx_word' id='word_1_169' title='bbox 637 2113 806 2145; x_wconf 90' lang='lat' dir='ltr'>eorum</span> <span class='ocrx_word' id='word_1_170' title='bbox 841 2098 1034 2146; x_wconf 88' lang='lat' dir='ltr'>fraudes</span> <span class='ocrx_word' id='word_1_171' title='bbox 1070 2098 1298 2146; x_wconf 92' lang='lat' dir='ltr'>subdolas</span> <span class='ocrx_word' id='word_1_172' title='bbox 1336 2099 1627 2148; x_wconf 89' lang='lat' dir='ltr'>deserentes.</span> <span class='ocrx_word' id='word_1_173' title='bbox 1700 2100 1960 2162; x_wconf 88' lang='lat' dir='ltr'>Supposita</span> <span class='ocrx_word' id='word_1_174' title='bbox 1994 2084 2156 2147; x_wconf 81' lang='lat' dir='ltr'>autern</span> <span class='ocrx_word' id='word_1_175' title='bbox 2190 2098 2386 2145; x_wconf 88' lang='lat' dir='ltr'>veritate</span> 
     </span>
     <span class='ocr_line' id='line_1_22' title="bbox 637 2178 2387 2242; baseline -0.001 -17"><span class='ocrx_word' id='word_1_176' title='bbox 637 2180 821 2241; x_wconf 90' lang='lat' dir='ltr'>primae</span> <span class='ocrx_word' id='word_1_177' title='bbox 858 2180 1006 2241; x_wconf 92' lang='lat' dir='ltr'>partis</span> <span class='ocrx_word' id='word_1_178' title='bbox 1043 2179 1369 2227; x_wconf 89' lang='lat' dir='ltr'>conclusionis</span> <span class='ocrx_word' id='word_1_179' title='bbox 1406 2180 1663 2227; x_wconf 89' lang='lat' dir='ltr'>damnatae</span> <span class='ocrx_word' id='word_1_180' title='bbox 1698 2196 1785 2242; x_wconf 93' lang='lat' dir='ltr'>per</span> <span class='ocrx_word' id='word_1_181' title='bbox 1809 2180 1990 2238; x_wconf 90' lang='lat' dir='ltr'>fratres,</span> <span class='ocrx_word' id='word_1_182' title='bbox 2019 2187 2065 2227; x_wconf 93' lang='lat' dir='ltr'>et</span> <span class='ocrx_word' id='word_1_183' title='bbox 2097 2178 2261 2226; x_wconf 91' lang='lat' dir='ltr'>relicta</span> <span class='ocrx_word' id='word_1_184' title='bbox 2294 2178 2387 2225; x_wconf 92' lang='lat' dir='ltr'>illis</span> 
     </span>
     <span class='ocr_line' id='line_1_23' title="bbox 637 2259 2385 2323; baseline -0.001 -17"><span class='ocrx_word' id='word_1_185' title='bbox 637 2260 873 2307; x_wconf 91' lang='lat' dir='ltr'>solutione</span> <span class='ocrx_word' id='word_1_186' title='bbox 898 2261 1097 2307; x_wconf 90' lang='lat' dir='ltr'>rationis</span> <span class='ocrx_word' id='word_1_187' title='bbox 1121 2261 1330 2322; x_wconf 90' lang='lat' dir='ltr'>triplicis,</span> <span class='ocrx_word' id='word_1_188' title='bbox 1356 2275 1504 2322; x_wconf 88' lang='lat' dir='ltr'>quam</span> <span class='ocrx_word' id='word_1_189' title='bbox 1527 2262 1709 2308; x_wconf 90' lang='lat' dir='ltr'>veritati</span> <span class='ocrx_word' id='word_1_190' title='bbox 1734 2262 1880 2323; x_wconf 91' lang='lat' dir='ltr'>priori</span> <span class='ocrx_word' id='word_1_191' title='bbox 1905 2260 2034 2309; x_wconf 89' lang='lat' dir='ltr'>fatue</span> <span class='ocrx_word' id='word_1_192' title='bbox 2067 2259 2385 2316; x_wconf 87' lang='lat' dir='ltr'>cumularunt,</span> 
     </span>
     <span class='ocr_line' id='line_1_24' title="bbox 636 2339 2387 2409; baseline 0.001 -22"><span class='ocrx_word' id='word_1_193' title='bbox 636 2341 884 2388; x_wconf 89' lang='lat' dir='ltr'>videamus</span> <span class='ocrx_word' id='word_1_194' title='bbox 909 2341 1102 2388; x_wconf 89' lang='lat' dir='ltr'>ulterius</span> <span class='ocrx_word' id='word_1_195' title='bbox 1128 2341 1379 2409; x_wconf 88' lang='lat' dir='ltr'>quomodo</span> <span class='ocrx_word' id='word_1_196' title='bbox 1416 2341 1665 2399; x_wconf 90' lang='lat' dir='ltr'>diffiniunt,</span> <span class='ocrx_word' id='word_1_197' title='bbox 1693 2343 1827 2403; x_wconf 92' lang='lat' dir='ltr'>quod</span> <span class='ocrx_word' id='word_1_198' title='bbox 1858 2343 1947 2390; x_wconf 90' lang='lat' dir='ltr'>iste</span> <span class='ocrx_word' id='word_1_199' title='bbox 1981 2357 2115 2390; x_wconf 91' lang='lat' dir='ltr'>error</span> <span class='ocrx_word' id='word_1_200' title='bbox 2147 2348 2219 2388; x_wconf 89' lang='lat' dir='ltr'>est</span> <span class='ocrx_word' id='word_1_201' title='bbox 2242 2339 2387 2388; x_wconf 86' lang='lat' dir='ltr'>nimis</span> 
     </span>
     <span class='ocr_line' id='line_1_25' title="bbox 637 2420 2387 2486; baseline -0.001 -17"><span class='ocrx_word' id='word_1_202' title='bbox 637 2422 961 2484; x_wconf 72' lang='lat' dir='ltr'>periculosus,</span> <span class='ocrx_word' id='word_1_203' title='bbox 998 2422 1362 2483; x_wconf 89' lang='lat' dir='ltr'>impertinenter</span> <span class='ocrx_word' id='word_1_204' title='bbox 1387 2431 1548 2469; x_wconf 88' lang='lat' dir='ltr'>autem</span> <span class='ocrx_word' id='word_1_205' title='bbox 1573 2423 1794 2470; x_wconf 91' lang='lat' dir='ltr'>videntur</span> <span class='ocrx_word' id='word_1_206' title='bbox 1819 2439 1962 2486; x_wconf 93' lang='lat' dir='ltr'>super</span> <span class='ocrx_word' id='word_1_207' title='bbox 1986 2431 2088 2471; x_wconf 89' lang='lat' dir='ltr'>tota</span> <span class='ocrx_word' id='word_1_208' title='bbox 2113 2420 2387 2484; x_wconf 59' lang='lat' dir='ltr'>copulativa</span> 
     </span>
     <span class='ocr_line' id='line_1_26' title="bbox 637 2495 2388 2566; baseline -0.001 -17"><span class='ocrx_word' id='word_1_209' title='bbox 637 2503 788 2550; x_wconf 89' lang='lat' dir='ltr'>taliter</span> <span class='ocrx_word' id='word_1_210' title='bbox 813 2500 1040 2550; x_wconf 79' lang='lat' dir='ltr'>diffinire6</span> <span class='ocrx_word' id='word_1_211' title='bbox 1064 2503 1155 2550; x_wconf 90' lang='lat' dir='ltr'>nisi</span> <span class='ocrx_word' id='word_1_212' title='bbox 1188 2517 1333 2565; x_wconf 91' lang='lat' dir='ltr'>super</span> <span class='ocrx_word' id='word_1_213' title='bbox 1364 2511 1567 2565; x_wconf 88' lang='lat' dir='ltr'>utraque</span> <span class='ocrx_word' id='word_1_214' title='bbox 1599 2512 1733 2566; x_wconf 89' lang='lat' dir='ltr'>parte</span> <span class='ocrx_word' id='word_1_215' title='bbox 1767 2505 2004 2551; x_wconf 89' lang='lat' dir='ltr'>senserint</span> <span class='ocrx_word' id='word_1_216' title='bbox 2036 2518 2144 2552; x_wconf 90' lang='lat' dir='ltr'>esse</span> <span class='ocrx_word' id='word_1_217' title='bbox 2175 2495 2388 2561; x_wconf 77' lang='lat' dir='ltr'>errorem</span> 
     </span>
     <span class='ocr_line' id='line_1_27' title="bbox 638 2584 2386 2648; baseline 0 -17"><span class='ocrx_word' id='word_1_218' title='bbox 638 2592 780 2646; x_wconf 90' lang='lat' dir='ltr'>atque</span> <span class='ocrx_word' id='word_1_219' title='bbox 805 2584 1085 2646; x_wconf 91' lang='lat' dir='ltr'>periculum,</span> <span class='ocrx_word' id='word_1_220' title='bbox 1111 2591 1158 2631; x_wconf 91' lang='lat' dir='ltr'>et</span> <span class='ocrx_word' id='word_1_221' title='bbox 1190 2599 1277 2646; x_wconf 94' lang='lat' dir='ltr'>per</span> <span class='ocrx_word' id='word_1_222' title='bbox 1301 2599 1609 2646; x_wconf 90' lang='lat' dir='ltr'>consequens</span> <span class='ocrx_word' id='word_1_223' title='bbox 1642 2585 1733 2633; x_wconf 92' lang='lat' dir='ltr'>nisi</span> <span class='ocrx_word' id='word_1_224' title='bbox 1765 2593 2018 2648; x_wconf 89' lang='lat' dir='ltr'>utramque</span> <span class='ocrx_word' id='word_1_225' title='bbox 2051 2593 2240 2648; x_wconf 89' lang='lat' dir='ltr'>partem</span> <span class='ocrx_word' id='word_1_226' title='bbox 2275 2598 2386 2632; x_wconf 90' lang='lat' dir='ltr'>sen-</span> 
     </span>
     <span class='ocr_line' id='line_1_28' title="bbox 639 2664 2388 2728; baseline 0.001 -17"><span class='ocrx_word' id='word_1_227' title='bbox 639 2666 785 2712; x_wconf 91' lang='lat' dir='ltr'>serint</span> <span class='ocrx_word' id='word_1_228' title='bbox 820 2680 926 2712; x_wconf 92' lang='lat' dir='ltr'>esse</span> <span class='ocrx_word' id='word_1_229' title='bbox 963 2665 1171 2712; x_wconf 87' lang='lat' dir='ltr'>falsam⁷.</span> <span class='ocrx_word' id='word_1_230' title='bbox 1242 2664 1305 2712; x_wconf 92' lang='lat' dir='ltr'>Et</span> <span class='ocrx_word' id='word_1_231' title='bbox 1342 2680 1454 2712; x_wconf 87' lang='lat' dir='ltr'>cum</span> <span class='ocrx_word' id='word_1_232' title='bbox 1491 2666 1674 2713; x_wconf 91' lang='lat' dir='ltr'>domini</span> <span class='ocrx_word' id='word_1_233' title='bbox 1709 2666 2002 2728; x_wconf 90' lang='lat' dir='ltr'>temporales</span> <span class='ocrx_word' id='word_1_234' title='bbox 2037 2681 2088 2714; x_wconf 88' lang='lat' dir='ltr'>se</span> <span class='ocrx_word' id='word_1_235' title='bbox 2124 2667 2388 2716; x_wconf 86' lang='lat' dir='ltr'>exercitant</span> 
     </span>
     <span class='ocr_line' id='line_1_29' title="bbox 639 2746 2387 2809; baseline 0.002 -17"><span class='ocrx_word' id='word_1_236' title='bbox 639 2747 958 2793; x_wconf 90' lang='lat' dir='ltr'>communiter</span> <span class='ocrx_word' id='word_1_237' title='bbox 981 2746 1031 2792; x_wconf 91' lang='lat' dir='ltr'>in</span> <span class='ocrx_word' id='word_1_238' title='bbox 1063 2746 1217 2808; x_wconf 89' lang='lat' dir='ltr'>prima</span> <span class='ocrx_word' id='word_1_239' title='bbox 1250 2754 1386 2808; x_wconf 89' lang='lat' dir='ltr'>parte</span> <span class='ocrx_word' id='word_1_240' title='bbox 1418 2746 1481 2794; x_wconf 93' lang='lat' dir='ltr'>ad</span> <span class='ocrx_word' id='word_1_241' title='bbox 1513 2747 1715 2794; x_wconf 89' lang='lat' dir='ltr'>salutem</span> <span class='ocrx_word' id='word_1_242' title='bbox 1748 2762 1862 2794; x_wconf 89' lang='lat' dir='ltr'>suae</span> <span class='ocrx_word' id='word_1_243' title='bbox 1895 2748 2099 2805; x_wconf 88' lang='lat' dir='ltr'>animae,</span> <span class='ocrx_word' id='word_1_244' title='bbox 2123 2755 2176 2795; x_wconf 91' lang='lat' dir='ltr'>ut</span> <span class='ocrx_word' id='word_1_245' title='bbox 2205 2761 2387 2809; x_wconf 88' lang='lat' dir='ltr'>suppo-</span> 
     </span>
     <span class='ocr_line' id='line_1_30' title="bbox 639 2826 2388 2890; baseline 0.001 -17"><span class='ocrx_word' id='word_1_246' title='bbox 639 2834 760 2873; x_wconf 91' lang='lat' dir='ltr'>nunt</span> <span class='ocrx_word' id='word_1_247' title='bbox 784 2826 951 2874; x_wconf 89' lang='lat' dir='ltr'>fratres</span> <span class='ocrx_word' id='word_1_248' title='bbox 974 2827 1282 2890; x_wconf 87' lang='lat' dir='ltr'>imponentes</span> <span class='ocrx_word' id='word_1_249' title='bbox 1307 2842 1520 2874; x_wconf 93' lang='lat' dir='ltr'>errorem</span> <span class='ocrx_word' id='word_1_250' title='bbox 1544 2828 1595 2874; x_wconf 92' lang='lat' dir='ltr'>in</span> <span class='ocrx_word' id='word_1_251' title='bbox 1619 2828 1714 2875; x_wconf 92' lang='lat' dir='ltr'>isto</span> <span class='ocrx_word' id='word_1_252' title='bbox 1743 2828 1920 2886; x_wconf 89' lang='lat' dir='ltr'>labore,</span> <span class='ocrx_word' id='word_1_253' title='bbox 1948 2828 2198 2890; x_wconf 91' lang='lat' dir='ltr'>implicant</span> <span class='ocrx_word' id='word_1_254' title='bbox 2232 2827 2388 2875; x_wconf 91' lang='lat' dir='ltr'>domi-</span> 
     </span>
     <span class='ocr_line' id='line_1_31' title="bbox 640 2907 2387 2971; baseline 0.001 -17"><span class='ocrx_word' id='word_1_255' title='bbox 640 2923 732 2955; x_wconf 90' lang='lat' dir='ltr'>nos</span> <span class='ocrx_word' id='word_1_256' title='bbox 771 2909 821 2954; x_wconf 91' lang='lat' dir='ltr'>in</span> <span class='ocrx_word' id='word_1_257' title='bbox 861 2907 982 2955; x_wconf 80' lang='lat' dir='ltr'>hoc⁸</span> <span class='ocrx_word' id='word_1_258' title='bbox 1024 2908 1345 2956; x_wconf 91' lang='lat' dir='ltr'>communiter</span> <span class='ocrx_word' id='word_1_259' title='bbox 1381 2908 1682 2966; x_wconf 85' lang='lat' dir='ltr'>malefacere,</span> <span class='ocrx_word' id='word_1_260' title='bbox 1719 2909 1833 2971; x_wconf 88' lang='lat' dir='ltr'>quia</span> <span class='ocrx_word' id='word_1_261' title='bbox 1875 2910 1926 2956; x_wconf 91' lang='lat' dir='ltr'>in</span> <span class='ocrx_word' id='word_1_262' title='bbox 1965 2909 2231 2971; x_wconf 88' lang='lat' dir='ltr'>periculum</span> <span class='ocrx_word' id='word_1_263' title='bbox 2271 2923 2387 2956; x_wconf 87' lang='lat' dir='ltr'>suae</span> 
     </span>
     <span class='ocr_line' id='line_1_32' title="bbox 641 2986 2390 3052; baseline 0.001 -16"><span class='ocrx_word' id='word_1_264' title='bbox 641 2989 830 3036; x_wconf 89' lang='lat' dir='ltr'>animae</span> <span class='ocrx_word' id='word_1_265' title='bbox 866 2997 914 3036; x_wconf 90' lang='lat' dir='ltr'>et</span> <span class='ocrx_word' id='word_1_266' title='bbox 950 2989 1184 3036; x_wconf 90' lang='lat' dir='ltr'>damnum</span> <span class='ocrx_word' id='word_1_267' title='bbox 1207 2989 1275 3036; x_wconf 91' lang='lat' dir='ltr'>rei</span> <span class='ocrx_word' id='word_1_268' title='bbox 1299 2989 1518 3050; x_wconf 90' lang='lat' dir='ltr'>publicae</span> <span class='ocrx_word' id='word_1_269' title='bbox 1553 2990 1776 3036; x_wconf 90' lang='lat' dir='ltr'>oberrare</span> <span class='ocrx_word' id='word_1_270' title='bbox 1785 2986 1817 3046; x_wconf 84' lang='lat'>⁹,</span> <span class='ocrx_word' id='word_1_271' title='bbox 1844 2997 1891 3036; x_wconf 93' lang='lat' dir='ltr'>et</span> <span class='ocrx_word' id='word_1_272' title='bbox 1926 3005 2039 3037; x_wconf 93' lang='lat' dir='ltr'>cum</span> <span class='ocrx_word' id='word_1_273' title='bbox 2074 2989 2138 3037; x_wconf 88' lang='lat' dir='ltr'>ad</span> <span class='ocrx_word' id='word_1_274' title='bbox 2165 2988 2390 3052; x_wconf 85' lang='lat' dir='ltr'>regalia1⁰</span> 
     </span>
     <span class='ocr_line' id='line_1_33' title="bbox 642 3069 2389 3132; baseline 0.002 -16"><span class='ocrx_word' id='word_1_275' title='bbox 642 3070 768 3131; x_wconf 89' lang='lat' dir='ltr'>regis</span> <span class='ocrx_word' id='word_1_276' title='bbox 791 3069 886 3117; x_wconf 90' lang='lat' dir='ltr'>hoc</span> <span class='ocrx_word' id='word_1_277' title='bbox 911 3071 1092 3128; x_wconf 86' lang='lat' dir='ltr'>attinet,</span> <span class='ocrx_word' id='word_1_278' title='bbox 1117 3077 1249 3132; x_wconf 89' lang='lat' dir='ltr'>patet</span> <span class='ocrx_word' id='word_1_279' title='bbox 1285 3069 1419 3132; x_wconf 93' lang='lat' dir='ltr'>quod</span> <span class='ocrx_word' id='word_1_280' title='bbox 1449 3069 1617 3117; x_wconf 88' lang='lat' dir='ltr'>fratres</span> <span class='ocrx_word' id='word_1_281' title='bbox 1649 3070 1909 3132; x_wconf 92' lang='lat' dir='ltr'>imponunt</span> <span class='ocrx_word' id='word_1_282' title='bbox 1939 3070 2044 3132; x_wconf 88' lang='lat' dir='ltr'>regi</span> <span class='ocrx_word' id='word_1_283' title='bbox 2075 3078 2125 3118; x_wconf 92' lang='lat' dir='ltr'>et</span> <span class='ocrx_word' id='word_1_284' title='bbox 2157 3071 2389 3119; x_wconf 82' lang='lat' dir='ltr'>omnibus</span> 
     </span>
    </p>
   </div>
   <div class='ocr_carea' id='block_1_5' title="bbox 645 3216 2440 3484">
    <p class='ocr_par' dir='ltr' id='par_1_5' title="bbox 645 3216 2440 3484">
     <span class='ocr_line' id='line_1_34' title="bbox 698 3216 2388 3270; baseline 0.002 -14"><span class='ocrx_word' id='word_1_285' title='bbox 698 3217 711 3239; x_wconf 87' lang='lat'><strong>¹</strong></span> <span class='ocrx_word' id='word_1_286' title='bbox 741 3217 919 3257; x_wconf 87' lang='lat' dir='ltr'>similare</span> <span class='ocrx_word' id='word_1_287' title='bbox 947 3217 1025 3257; x_wconf 87' lang='lat' dir='ltr'>sibi</span> <span class='ocrx_word' id='word_1_288' title='bbox 1054 3216 1274 3269; x_wconf 86' lang='lat' dir='ltr'>seculares]</span> <span class='ocrx_word' id='word_1_289' title='bbox 1304 3216 1495 3257; x_wconf 91' lang='lat' dir='ltr'>simulare</span> <span class='ocrx_word' id='word_1_290' title='bbox 1523 3217 1582 3257; x_wconf 90' lang='lat' dir='ltr'>sic</span> <span class='ocrx_word' id='word_1_291' title='bbox 1610 3217 1716 3263; x_wconf 88' lang='lat' dir='ltr'>illos,</span> <span class='ocrx_word' id='word_1_292' title='bbox 1738 3217 1784 3257; x_wconf 92' lang='lat' dir='ltr'>B.</span> <span class='ocrx_word' id='word_1_293' title='bbox 1804 3219 1960 3270; x_wconf 87' lang='lat' dir='ltr'>primae</span> <span class='ocrx_word' id='word_1_294' title='bbox 1988 3231 2157 3265; x_wconf 88' lang='lat' dir='ltr'>manus;</span> <span class='ocrx_word' id='word_1_295' title='bbox 2197 3219 2388 3259; x_wconf 88' lang='lat' dir='ltr'>simulare</span> 
     </span>
     <span class='ocr_line' id='line_1_35' title="bbox 645 3271 2389 3324; baseline 0.001 -14"><span class='ocrx_word' id='word_1_296' title='bbox 645 3272 722 3310; x_wconf 87' lang='lat' dir='ltr'>sibi</span> <span class='ocrx_word' id='word_1_297' title='bbox 740 3271 833 3320; x_wconf 85' lang='lat' dir='ltr'>illos</span> <span class='ocrx_word' id='word_1_298' title='bbox 853 3271 1066 3318; x_wconf 87' lang='lat' dir='ltr'>seculares,</span> <span class='ocrx_word' id='word_1_299' title='bbox 1086 3271 1149 3310; x_wconf 91' lang='lat' dir='ltr'>ed.</span> <span class='ocrx_word' id='word_1_300' title='bbox 1171 3284 1258 3322; x_wconf 85' lang='lat' dir='ltr'>pr.;</span> <span class='ocrx_word' id='word_1_301' title='bbox 1289 3271 1467 3311; x_wconf 86' lang='lat' dir='ltr'>similare</span> <span class='ocrx_word' id='word_1_302' title='bbox 1486 3271 1511 3310; x_wconf 90' lang='lat' dir='ltr'>i.</span> <span class='ocrx_word' id='word_1_303' title='bbox 1523 3284 1558 3311; x_wconf 92' lang='lat' dir='ltr'>e.</span> <span class='ocrx_word' id='word_1_304' title='bbox 1579 3272 1730 3311; x_wconf 88' lang='lat' dir='ltr'>similes</span> <span class='ocrx_word' id='word_1_305' title='bbox 1744 3272 1924 3313; x_wconf 85' lang='lat' dir='ltr'>reddere.</span> <span class='ocrx_word' id='word_1_306' title='bbox 2177 3272 2194 3296; x_wconf 76' lang='lat'>²</span> <span class='ocrx_word' id='word_1_307' title='bbox 2221 3273 2302 3312; x_wconf 89' lang='lat' dir='ltr'>sint</span> <span class='ocrx_word' id='word_1_308' title='bbox 2321 3273 2389 3324; x_wconf 87' lang='lat' dir='ltr'>ut]</span> 
     </span>
     <span class='ocr_line' id='line_1_36' title="bbox 646 3324 2389 3378; baseline 0.002 -15"><span class='ocrx_word' id='word_1_309' title='bbox 646 3325 761 3371; x_wconf 87' lang='lat' dir='ltr'>sieut,</span> <span class='ocrx_word' id='word_1_310' title='bbox 782 3325 846 3365; x_wconf 89' lang='lat' dir='ltr'>ed.</span> <span class='ocrx_word' id='word_1_311' title='bbox 866 3338 927 3378; x_wconf 90' lang='lat' dir='ltr'>pr.</span> <span class='ocrx_word' id='word_1_312' title='bbox 1163 3325 1179 3347; x_wconf 74' lang='lat'><strong>3</strong></span> <span class='ocrx_word' id='word_1_313' title='bbox 1206 3324 1405 3377; x_wconf 90' lang='lat' dir='ltr'>habeant]</span> <span class='ocrx_word' id='word_1_314' title='bbox 1426 3325 1588 3372; x_wconf 85' lang='lat' dir='ltr'>habeat,</span> <span class='ocrx_word' id='word_1_315' title='bbox 1611 3326 1673 3365; x_wconf 87' lang='lat' dir='ltr'>ed.</span> <span class='ocrx_word' id='word_1_316' title='bbox 1694 3339 1754 3378; x_wconf 89' lang='lat' dir='ltr'>pr.</span> <span class='ocrx_word' id='word_1_317' title='bbox 1984 3325 2000 3349; x_wconf 76' lang='lat'><strong>⁴</strong></span> <span class='ocrx_word' id='word_1_318' title='bbox 2026 3325 2185 3378; x_wconf 88' lang='lat' dir='ltr'>tamen]</span> <span class='ocrx_word' id='word_1_319' title='bbox 2207 3339 2312 3372; x_wconf 91' lang='lat' dir='ltr'>cum,</span> <span class='ocrx_word' id='word_1_320' title='bbox 2334 3327 2389 3367; x_wconf 92' lang='lat' dir='ltr'>A.</span> 
     </span>
     <span class='ocr_line' id='line_1_37' title="bbox 646 3378 2387 3432; baseline 0.002 -15"><span class='ocrx_word' id='word_1_321' title='bbox 646 3379 709 3417; x_wconf 92' lang='lat' dir='ltr'>ed.</span> <span class='ocrx_word' id='word_1_322' title='bbox 729 3391 791 3430; x_wconf 89' lang='lat' dir='ltr'>pr.</span> <span class='ocrx_word' id='word_1_323' title='bbox 981 3378 997 3402; x_wconf 86' lang='lat'>⁵</span> <span class='ocrx_word' id='word_1_324' title='bbox 1025 3378 1217 3430; x_wconf 86' lang='lat' dir='ltr'>istorum]</span> <span class='ocrx_word' id='word_1_325' title='bbox 1239 3379 1415 3425; x_wconf 89' lang='lat' dir='ltr'>illorum,</span> <span class='ocrx_word' id='word_1_326' title='bbox 1435 3380 1497 3419; x_wconf 91' lang='lat' dir='ltr'>ed.</span> <span class='ocrx_word' id='word_1_327' title='bbox 1518 3393 1579 3431; x_wconf 93' lang='lat' dir='ltr'>pr.</span> <span class='ocrx_word' id='word_1_328' title='bbox 1788 3380 1804 3403; x_wconf 77' lang='lat'><strong>⁶</strong></span> <span class='ocrx_word' id='word_1_329' title='bbox 1833 3379 2023 3432; x_wconf 87' lang='lat' dir='ltr'>diffinire]</span> <span class='ocrx_word' id='word_1_330' title='bbox 2044 3380 2220 3427; x_wconf 83' lang='lat' dir='ltr'>diffiniri,</span> <span class='ocrx_word' id='word_1_331' title='bbox 2239 3380 2303 3420; x_wconf 84' lang='lat' dir='ltr'>ed.</span> <span class='ocrx_word' id='word_1_332' title='bbox 2323 3393 2387 3432; x_wconf 89' lang='lat' dir='ltr'>pr.</span> 
     </span>
     <span class='ocr_line' id='line_1_38' title="bbox 645 3431 2440 3484; baseline 0.002 -14"><span class='ocrx_word' id='word_1_333' title='bbox 645 3431 660 3453; x_wconf 85' lang='lat'>⁷</span> <span class='ocrx_word' id='word_1_334' title='bbox 688 3432 852 3483; x_wconf 84' lang='lat' dir='ltr'>salsam]</span> <span class='ocrx_word' id='word_1_335' title='bbox 874 3431 1035 3477; x_wconf 88' lang='lat' dir='ltr'>falsum,</span> <span class='ocrx_word' id='word_1_336' title='bbox 1055 3433 1118 3472; x_wconf 93' lang='lat' dir='ltr'>ed.</span> <span class='ocrx_word' id='word_1_337' title='bbox 1139 3446 1200 3484; x_wconf 89' lang='lat' dir='ltr'>pr.</span> <span class='ocrx_word' id='word_1_338' title='bbox 1366 3434 1381 3456; x_wconf 81' lang='lat'>⁸</span> <span class='ocrx_word' id='word_1_339' title='bbox 1409 3434 1451 3472; x_wconf 90' lang='lat' dir='ltr'>in</span> <span class='ocrx_word' id='word_1_340' title='bbox 1469 3433 1568 3484; x_wconf 90' lang='lat' dir='ltr'>hoc]</span> <span class='ocrx_word' id='word_1_341' title='bbox 1590 3446 1671 3473; x_wconf 92' lang='lat' dir='ltr'>om.</span> <span class='ocrx_word' id='word_1_342' title='bbox 1694 3433 1741 3472; x_wconf 92' lang='lat' dir='ltr'>B.</span> <span class='ocrx_word' id='word_1_343' title='bbox 1762 3434 1962 3474; x_wconf 86' lang='lat' dir='ltr'>secundae</span> <span class='ocrx_word' id='word_1_344' title='bbox 1981 3446 2139 3474; x_wconf 85' lang='lat' dir='ltr'>manus.</span> <span class='ocrx_word' id='word_1_345' title='bbox 2267 3433 2284 3457; x_wconf 79' lang='lat'><strong>⁹</strong></span> <span class='ocrx_word' id='word_1_346' title='bbox 2313 3434 2387 3474; x_wconf 84' lang='lat' dir='ltr'>ob·</span> <span class='ocrx_word' id='word_1_347' title='bbox 2429 3472 2440 3480; x_wconf 65' lang='grc'>,</span> 
     </span>
    </p>
   </div>
   <div class='ocr_carea' id='block_1_6' title="bbox 646 3486 2387 3591">
    <p class='ocr_par' dir='ltr' id='par_1_6' title="bbox 646 3486 2387 3591">
     <span class='ocr_line' id='line_1_39' title="bbox 646 3486 2387 3578; baseline 0.002 -54"><span class='ocrx_word' id='word_1_348' title='bbox 646 3486 796 3577; x_wconf 74' lang='lat' dir='ltr'>errarle]</span> <span class='ocrx_word' id='word_1_349' title='bbox 819 3486 873 3525; x_wconf 93' lang='lat' dir='ltr'>ob</span> <span class='ocrx_word' id='word_1_350' title='bbox 889 3499 1084 3578; x_wconf 56' lang='lat' dir='ltr'>grrorem,</span> <span class='ocrx_word' id='word_1_351' title='bbox 1105 3486 1167 3526; x_wconf 91' lang='lat' dir='ltr'>ed.</span> <span class='ocrx_word' id='word_1_352' title='bbox 1189 3499 1249 3538; x_wconf 90' lang='lat' dir='ltr'>pr.</span> <span class='ocrx_word' id='word_1_353' title='bbox 1448 3487 1478 3510; x_wconf 84' lang='lat'>¹⁰</span> <span class='ocrx_word' id='word_1_354' title='bbox 1506 3486 1677 3539; x_wconf 85' lang='lat' dir='ltr'>regalia]</span> <span class='ocrx_word' id='word_1_355' title='bbox 1699 3488 1905 3539; x_wconf 89' lang='lat' dir='ltr'>regaliam,</span> <span class='ocrx_word' id='word_1_356' title='bbox 1926 3488 1972 3526; x_wconf 91' lang='lat' dir='ltr'>B.</span> <span class='ocrx_word' id='word_1_357' title='bbox 1994 3487 2194 3529; x_wconf 87' lang='lat' dir='ltr'>secundae</span> <span class='ocrx_word' id='word_1_358' title='bbox 2211 3499 2358 3528; x_wconf 85' lang='lat' dir='ltr'>manus</span> <span class='ocrx_word' id='word_1_359' title='bbox 2376 3502 2387 3533; x_wconf 84' lang='lat'><strong>;</strong></span> 
     </span>
     <span class='ocr_line' id='line_1_40' title="bbox 648 3551 1009 3591; baseline 0.006 -15"><span class='ocrx_word' id='word_1_360' title='bbox 648 3551 746 3589; x_wconf 88' lang='lat' dir='ltr'>regu</span> <span class='ocrx_word' id='word_1_361' title='bbox 763 3552 844 3585; x_wconf 88' lang='lat' dir='ltr'>am,</span> <span class='ocrx_word' id='word_1_362' title='bbox 867 3552 888 3579; x_wconf 90' lang='lat' dir='ltr'>e</span> <span class='ocrx_word' id='word_1_363' title='bbox 921 3569 928 3578; x_wconf 88' lang='lat'><strong>.</strong></span> <span class='ocrx_word' id='word_1_364' title='bbox 950 3552 1009 3591; x_wconf 88' lang='lat' dir='ltr'>pr.</span> 
     </span>
    </p>
   </div>
  </div>
 </body>
</html>
