2436 4094
677 337 1439 390 PROLEGOMENA.
1952 351 2021 408 35

371 470 571 537 quidem
610 473 826 522 numeris
868 472 957 523 sed
997 488 1059 522 ex
1099 480 1236 538 parte
1276 471 1450 522 saltem
1491 471 1782 537 perficiatur.
1866 472 2022 537 Igitur

254 583 264 602 r
311 559 560 619 laetamur,
597 559 776 610 Wiclifi
817 575 982 625 opera,
1020 561 1062 611 si
1108 576 1212 612 non
1251 561 1435 620 omnia,
1472 568 1641 611 tamen
1674 560 1866 620 selecta,
1906 576 2020 611 cum

161 714 187 736 r
255 656 406 698 tum
420 647 632 712 Anglico
656 663 883 698 sermone
907 650 1086 715 scripta
1103 650 1198 699 edi.
1251 649 1360 700 Nec
1383 650 1562 714 exigua
1579 657 1654 700 est
1676 649 1842 713 gaudii
1864 650 2020 699 nostri

227 756 238 794 3
255 737 269 750 ‘
337 737 475 802 quod
497 737 641 786 nobis
665 751 864 801 quoque
889 753 1182 787 concessum
1206 738 1280 798 sit,
1304 738 1450 803 hujus
1473 738 1636 802 operis
1659 738 1822 788 socios
1846 752 1972 787 esse.

105 817 236 903 At
265 839 452 890 magno
482 824 632 874 animi
666 825 836 875 dolore
866 826 1214 890 perfundimur,
1240 827 1433 891 quoties
1462 826 1550 876 viri
1579 826 1763 892 egregii
1793 826 2017 876 reminis-

89 914 130 966 ·,’·
95 966 167 1001 ff
162 939 214 980 ,;
225 939 265 975 ,
293 914 378 979 qui
411 915 536 964 sicut
571 913 676 964 aliis
709 915 990 965 tractatibus
1024 915 1228 965 edendis
1262 916 1588 966 scribendisve
1622 915 1686 965 de
1721 915 2018 966 accuratiore

176 1002 282 1069 fi
313 1002 599 1067 cognitione
643 1003 831 1068 optime
875 1004 1064 1064 meruit,
1104 1004 1171 1054 ita
1215 1005 1340 1054 inter
1384 1019 1559 1054 omnes
1604 986 1799 1054 nostrae
1845 1004 2018 1053 aetatis

138 1093 162 1139 's
255 1114 272 1134 .:
321 1106 384 1141 eo
418 1090 623 1142 tendere
662 1093 825 1156 coepit
866 1100 1010 1157 atque
1050 1092 1101 1142 id
1141 1101 1391 1143 assecutus
1425 1101 1514 1153 est,
1548 1101 1602 1142 ut
1641 1108 1795 1158 opera
1844 1093 2019 1156 Wz'clzfi

147 1172 153 1179 ¹
257 1196 362 1231 ex
395 1179 611 1230 fontibus
644 1181 994 1245 limpidissimis
1015 1181 1227 1232 hausta
1213 1198 1264 1231 m
1287 1182 1448 1232 lucem
1474 1182 1814 1246 proferrentur.
1881 1181 2018 1231 Wal-

185 1291 241 1311 ·1‹=
212 1204 632 1334 ³”Waddington
672 1268 867 1334 Shzrley
906 1271 1127 1330 dicimuS,
1170 1272 1254 1335 qui
1300 1280 1350 1322 et
1395 1271 1676 1322 academiae
1717 1271 2020 1322 Oxoniensis

170 1380 234 1401 22
265 1357 608 1424 discipulisque
632 1366 682 1409 et
703 1360 850 1409 nobis
873 1359 1047 1411 flebilis
1070 1361 1258 1410 circiter
1281 1376 1415 1410 anno
1440 1361 1618 1410 abhinc
1648 1368 1859 1410 mortem
1883 1360 2018 1410 obiit.

168 1474 200 1485 2
277 1446 430 1508 Deus,
472 1455 525 1498 ut
569 1448 714 1512 hujus
754 1430 840 1497 {riri
887 1450 1138 1509 memoria,
1182 1450 1260 1499 cui
1307 1449 1530 1500 divinitus
1575 1449 1869 1514 permissum
1915 1462 2019 1497 non

87 1542 169 1606 ᾗ
225 1550 353 1602 opus
396 1535 495 1586 hoc
539 1536 810 1600 perfectum
855 1545 1001 1602 atque
1048 1538 1324 1589 absolutum
1370 1539 1549 1598 videre,
1596 1539 1660 1589 ab
1705 1538 1879 1588 animis
1923 1538 2020 1602 piis

138 1629 147 1638 '¹
196 1649 234 1669 a:
254 1648 266 1669 ο
278 1640 342 1676 ue
369 1633 608 1692 perpetuo
638 1626 877 1676 recolatur
893 1629 904 1676 1

1225 1777 1583 1828 Gomnfflnus
1617 1754 1882 1827 annmn.

233 1885 462 1948 nram,
491 1888 554 1936 26
581 1885 724 1948 Noa,
755 1888 899 1949 1867.
