2424 4120
11 391 13 393 ’
83 395 89 401 ’
131 440 285 478 m...
733 423 843 472 TR
861 423 953 472 [Α
976 425 1023 472 L
1047 426 1090 475 ο
1113 425 1160 474 G
1185 424 1303 476 σε.

140 574 142 579 ·
197 563 279 612 Ad
301 564 546 612 secundum
568 569 887 626 argumentum
910 572 1047 612 tuum
1070 566 1348 628 respondeo
1377 582 1465 629 per
1491 569 1883 631 suppositionem

68 636 78 693 ᾗ
127 645 335 706 tertiam,
375 646 512 710 quod
551 646 675 695 sicut
714 645 852 694 Deus
893 647 1163 695 secundum
1204 648 1428 696 notitiam
1471 650 1883 700 distinctissimam

78 755 97 781 r<
121 726 299 777 'omnia
326 741 536 790 corpora
566 742 628 775 ex
662 727 838 775 atomis
863 728 963 775 suis
997 729 1287 791 composuit,
1314 730 1382 777 sic
1416 735 1530 778 cum
1562 746 1666 779 non
1696 732 1883 795 potest1

23 795 25 798 Α
64 820 95 859 ,Ἀ
129 808 362 858 {notitia
390 820 553 856 rerum
575 808 813 866 excidere,
839 808 1313 871 scit-perfectissime
1340 819 1532 861 atomos
1558 812 1665 862 illos
1700 813 1884 861 recolli-

126 886 259 955 gere.
325 887 450 938 Ideo
483 889 625 937 stulte
655 889 842 938 miraris
874 904 935 937 ex
972 897 1056 938 tua
1087 891 1360 954 ignorantia
1392 894 1632 942 immensa
1663 895 1885 943 notitiam

71 1030 73 1035 .
121 963 220 1021 Dei
242 970 341 1020 tui.
381 970 464 1019 Ad
486 972 674 1019 teritum
697 976 1020 1034 argumentum
1046 980 1183 1020 tuum
1207 974 1499 1036 respondeO,
1524 977 1661 1039 quod
1686 978 1809 1026 sicut
1833 986 1886 1026 tu

78 1110 81 1112 ,
123 1052 335 1103 mamis
359 1051 454 1102 tibi
444 1052 777 1115 incognitum
810 1053 872 1101 de
895 1053 1097 1112 inesse²‚
1123 1054 1223 1102 imo
1256 1056 1415 1104 nescis
1449 1057 1489 1105 si
1511 1057 1607 1106 hoc
1641 1059 1700 1106 sit
1728 1061 1886 1121 possi·

63 1121 79 1175 s
126 1128 238 1191 bile,
263 1133 335 1182 sic
356 1133 642 1196 responderi
674 1141 836 1196 potest
868 1149 956 1197 per
979 1134 1064 1182 tibi
1098 1136 1396 1199 ambiguum,
1422 1138 1559 1200 quod
1591 1138 1728 1188 Deus
1756 1140 1887 1189 ordi-

66 1211 82 1247 :0
123 1214 299 1264 nabit
285 1229 337 1263 m
358 1215 534 1264 talibus
565 1212 701 1279 quod
736 1216 828 1264 sibi
858 1216 1104 1279 placuerit,
1131 1218 1254 1266 sicut
1280 1219 1517 1267 ordinavit
1540 1222 1792 1269 materiam
1825 1221 1889 1270 ad

63 1312 94 1365 ,ᾗ
126 1310 283 1361 panes
304 1303 354 1346 et
374 1297 548 1360 pisces,
573 1312 700 1361 quos
725 1298 795 1346 sic
828 1297 1170 1360 multiplicavit,
1195 1307 1247 1348 ut
1275 1301 1324 1347 in
1357 1301 1612 1364 evangelio
1644 1303 1888 1352 recitatur.

126 1373 237 1428 Nec
267 1379 504 1427 erubesco
529 1378 666 1442 quod
687 1387 882 1442 oportet
904 1379 1108 1441 tam‘jme
1137 1396 1288 1444 quam
1319 1389 1369 1429 te
1392 1381 1488 1430 Dei
1524 1383 1884 1432 ordinationem

71 1510 73 1513 ,
124 1457 180 1507 in
209 1458 386 1507 talibus
417 1459 657 1523 ignorare,
689 1468 742 1508 ut
773 1468 903 1524 puta,
929 1476 1078 1524 quam
1112 1477 1275 1510 rarum
1309 1464 1407 1511 erit·
1431 1479 1611 1526 corpus
1641 1465 1784 1524 beati,
1810 1464 1886 1513 vel

11 1559 15 1563 ·
71 1539 73 1541 ’
125 1539 246 1604 'quid
276 1547 360 1588 aut
389 1548 628 1604 quantum
659 1540 721 1589 de
753 1542 954 1590 materia
983 1550 1201 1605 resurget
1235 1558 1384 1606 quam
1417 1552 1693 1606 portaverat
1724 1544 1803 1593 hic
1835 1546 1886 1592 in

47 3162 79 3197 ‘³

66 1608 70 1682 J
125 1620 216 1670 via.
284 1620 363 1670 De
385 1637 487 1670 uno
511 1629 677 1670 tamen
701 1637 804 1671 non
828 1623 1011 1683 dubito,
1031 1625 1168 1687 quod
1190 1625 1329 1672 multi
1354 1625 1628 1688 corpulenti
1651 1633 1700 1673 et
1721 1627 1883 1689 grossi

58 1699 75 1770 ’
125 1709 324 1768 portant
346 1702 426 1752 hic
457 1703 674 1766 plurem³
700 1705 966 1763 materiam,
992 1704 1416 1769 quamsshabebunt
1438 1714 1550 1769 post
1574 1708 1885 1756 resurrectio-

58 1798 60 1803 *
129 1796 247 1833 nem
267 1785 322 1832 in
345 1771 513 1848 patria.
575 1785 672 1834 Sed
696 1786 813 1845 sci0,
833 1786 968 1849 quod
992 1787 1043 1834 in
1061 1785 1296 1835 omnibus'
1309 1787 1411 1835 istis
1428 1787 1566 1836 Deus
1585 1789 1649 1836 ad
1666 1789 1885 1851 regulam

116 1858 384 1915 ordinabit.
444 1865 543 1915 Sed
559 1866 678 1930 quid
694 1867 766 1915 vis
786 1867 1007 1930 ampliuS‚
1028 1882 1141 1915 cum
1166 1868 1381 1930 argutiae
1400 1869 1535 1917 tuae*
1560 1884 1662 1917 non
1681 1870 1886 1918 militant

37 1943 39 1946 ’
66 1990 70 1991 ⁷
129 1945 358 1997 adversus
380 1947 750 2012 possibilitatem
773 1948 847 1996 vel
870 1949 1292 1998 rationabilitatem
1314 1950 1460 2014 hujus
1483 1951 1782 2000 sententiae?

842 2279 1002 2330 CAP.
1039 2280 1172 2328 XLI.

689 2410 766 2459 De
787 2412 1054 2474 corporibus
1077 2412 1319 2460 beatorum.

172 2538 182 2546 ”
196 2539 400 2589 Alithia.
469 2540 580 2600 Dic,
598 2555 722 2604 rogo
745 2541 904 2600 frater,
929 2543 982 2590 de
1004 2543 1181 2591 dotibus
1204 2552 1443 2606 corporum
1467 2544 1711 2603 beatorum,
1738 2544 1881 2607 quia⁶

70 2671 74 2675 ,
128 2621 315 2671 videtur
336 2623 500 2672 multis
522 2623 740 2672 mirabile
764 2625 899 2687 quod
923 2639 1130 2687 corpora
1161 2633 1292 2673 tante
1325 2626 1565 2673 contraria
1597 2640 1699 2673 non
1732 2634 1879 2688 agent

128 2702 194 2757 ,ad
217 2706 424 2756 invicem
447 2713 496 2753 et
521 2721 627 2754 sese
659 2706 974 2754 consument⁶
1005 2706 1056 2753 in
1088 2714 1309 2769 tempore
1339 2706 1542 2755 infinit0.
1612 2706 1676 2754 Et
1708 2707 1879 2754 iterum

62 2834 64 2838 ,
126 2787 315 2837 videtur
337 2786 556 2834 mirabile
580 2786 714 2849 quod
738 2801 944 2849 corpora
967 2795 1068 2834 tam
1091 2787 1269 2849 gravia,
1294 2795 1395 2834 tam
1427 2787 1633 2835 multum
1666 2787 1727 2835 de
1756 2795 1880 2835 terra

127 2867 370 2927 habentia,
395 2883 499 2917 non
523 2868 629 2916 illos
653 2877 843 2916 creatos
876 2869 1068 2932 spiritus
1101 2868 1372 2931 fatigabunt
1402 2869 1453 2916 in
1479 2869 1574 2917 suis
1598 2869 1810 2917 motibus
1833 2876 1881 2916 et

127 2949 400 2999 tardabunt.
473 2948 700 2998 Similiter
730 2949 914 2998 videtur
948 2950 1109 2998 multis
1144 2950 1374 3008 mirabile,
1407 2949 1659 3013 quomodo
1695 2950 1879 2998 dimen-
1936 2981 1942 2987 »

27 3062 30 3065 -
129 3031 294 3100 aiones
317 3045 578 3094 corporum
609 3032 864 3080 beatorum
896 3047 1002 3080 sese
1034 3032 1188 3080 taliter
1219 3032 1552 3094 penetrabunt,
1579 3047 1692 3080 cum
1724 3031 1879 3094 philo-

50 3119 52 3122 ’
129 3101 275 3177 sophi
326 3113 659 3175 improbantes
706 3128 915 3161 vacuum
962 3128 1019 3162 ac
1066 3113 1423 3162 dimensionem
1467 3114 1714 3177 propriam
1758 3112 1880 3162 loci⁷

59 3219 66 3239 z
128 3202 438 3258 sumpserunt
461 3201 515 3242 ut
537 3209 624 3257 per
648 3209 701 3242 se
725 3202 898 3242 notum
922 3195 1228 3258 principium,
1254 3195 1391 3258 quod
1423 3194 1752 3244 dimensiones
1775 3210 1877 3244 non

51 3269 71 3303 Ὗ
129 3282 336 3341 possunt
360 3289 412 3324 se
435 3276 682 3338 reciproce
709 3283 977 3338 penetrare.

147 3420 149 3429 ·
183 3396 199 3422 ¹
226 3395 386 3450 potest]
406 3401 481 3443 est,
499 3396 564 3437 ed.
585 3409 646 3449 pr.
811 3395 827 3419 ²
853 3397 905 3436 de
923 3396 1074 3449 inesse]
1097 3397 1233 3438 Deum
1253 3409 1354 3443 esse,
1373 3397 1437 3437 ed.
1457 3410 1518 3450 pr.
1652 3397 1876 3451 ³plurem]

202 3463 351 3497 vetem,
371 3451 425 3490 A.
475 3450 614 3497 rimae,
636 3451 682 3490 B.
703 3451 906 3491 secundae
924 3464 1082 3498 manus,
1103 3451 1152 3492 C.
1273 3450 1288 3473 ¹
1317 3451 1429 3503 tuae]
1451 3465 1534 3491 om.
1555 3451 1607 3491 A.
1611 3451 1657 3492 B.
1661 3451 1710 3493 C.
1730 3452 1793 3492 ed.
1814 3464 1875 3505 pr.

171 3504 287 3558 quia]
307 3504 431 3558 quod,
490 3535 499 3545 .
518 3504 676 3558 primae
694 3518 851 3550 manus,
871 3505 934 3545 ed.
955 3518 1016 3557 pr.
1219 3505 1236 3528 ⁶
1263 3518 1351 3546 sese
1369 3505 1630 3557 consument]
1653 3507 1711 3547 sic
1729 3519 1876 3548 consu-

68 3563 73 3566 ’
130 3564 305 3607 nentur,
324 3559 490 3607 A.B.C;
520 3571 608 3600 sese
627 3565 930 3607 consumentur,
951 3559 1013 3600 ed.
1035 3572 1095 3612 pr.
1260 3558 1276 3582 ''
1303 3559 1405 3612 loci]
1426 3572 1508 3600 om.
1530 3559 1582 3600 A.
1586 3560 1632 3600 Β.
1635 3561 1684 3602 C.

1937 2553 1986 2581 De
1997 2553 2158 2582 beatorum

1935 2587 2115 2621 corporibus
2127 2588 2187 2617 dis-

1933 2625 2067 2654 putatur.
