2424 4120
344 444 452 512 436

273 587 396 612 Fratres
408 582 522 621 mendi·

270 624 376 646 cantes
389 616 529 655 multip-lni—

270 654 356 680 cibus
363 651 528 678 mendacns

270 687 469 720 implicantur.

1029 441 1451 505 JOANNIS
1507 442 1857 492 WICLIF
2024 465 2030 471 ·
2191 463 2328 492 CAR6.

654 576 1067 624 Mendicationem
1097 584 1258 623 autem
1284 575 1481 623 fratrum
1515 576 1631 624 alias
1661 576 1878 624 diffusius
1911 577 2193 639 improbavi.
2265 576 2330 624 Et

585 666 818 720 quantum
843 657 905 704 ad
923 658 1169 715 mendacia,
1191 673 1314 719 quae
1334 658 1582 705 includunt
1601 658 1766 704 omnia
1783 665 1997 719 peccata,
2018 651 2327 706 manifestum

583 747 667 796 est,
694 739 828 801 quod
851 738 1017 786 fratres
1042 739 1304 786 mendaciis
1330 739 1595 801 specialiter
1620 746 1730 786 sunt
1754 739 1966 797 involuti,
1987 754 2099 787 cum
2122 748 2329 802 peccant

583 821 826 867 mendaciis
867 821 1006 882 segni,
1044 821 1309 868 mendaciis
1350 821 1584 882 loquelae,
1623 828 1671 867 et
1711 820 1977 868 mendaciis
2014 820 2331 879 fundamenti,

582 918 638 949 ac
664 903 703 949 si
727 903 777 949 in
796 902 922 949 facto
943 902 1169 959 dicerent,
1192 905 1203 925 ⁶
1220 916 1311 949 nos
1331 917 1495 950 sumus
1515 903 1747 964 speciales
1771 902 1852 949 filii
1871 903 2020 964 patris
2044 901 2284 950 mendacii
2299 903 2329 961 ;'

582 997 693 1030 cum
728 982 857 1029 enim
894 997 995 1029 non
1032 991 1351 1044 compensant
1392 983 1893 1045 correspondentiam¹
1931 984 1982 1030 in
2023 983 2174 1045 signis
2195 983 2328 1040 suis,

580 1079 670 1111 nec
705 1065 756 1110 in
792 1064 999 1111 claustro
1035 1079 1126 1111 nec
1164 1065 1214 1111 in
1255 1065 1434 1123 habitu,
1472 1066 1579 1127 quis
1616 1066 1736 1127 gerit
1771 1065 1934 1113 falsius
1968 1065 2330 1127 incorporatum

580 1145 903 1202 mendacium,
946 1161 1003 1192 ac
1044 1146 1083 1193 si
1125 1145 1248 1193 foret
1295 1147 1355 1194 de
1401 1148 1665 1194 substantia
1712 1148 1784 1194 sui
1831 1147 2045 1195 ordinis?
2107 1146 2171 1194 Et
2217 1159 2331 1194 cum

579 1226 824 1272 mendaciis
858 1226 1045 1287 linguae
1080 1241 1195 1273 suae
1237 1234 1284 1273 et
1325 1226 1679 1274 adulationibus
1717 1227 1938 1274 dicuntur
1972 1226 2140 1275 fratres
2173 1226 2331 1274 vivere

579 1308 628 1354 in
675 1307 770 1355 hoc
816 1307 1029 1355 mund02
1075 1323 1176 1355 non
1224 1308 1382 1356 solum
1429 1309 1480 1355 in
1521 1309 1677 1356 verbis
1725 1309 2110 1357 extraordinariis
2152 1310 2240 1358 sed
2279 1310 2331 1357 in

579 1390 882 1437 sermonibus
901 1398 946 1436 et
965 1389 1102 1436 dictis
1123 1389 1421 1451 judiciariis&
1481 1390 1543 1437 Et
1568 1405 1666 1452 quo
1691 1390 1753 1438 ad
1771 1391 2004 1437 mendacia
2010 1391 2331 1454 fundamenti,

578 1479 721 1532 patet,
748 1471 882 1533 quod
918 1471 1087 1518 fratres
1123 1471 1184 1518 de
1221 1472 1318 1518 suis
1354 1472 1656 1534 personis'et
1692 1472 1938 1519 ordinibus
1973 1472 2162 1520 notorie
2193 1487 2332 1521 men-

577 1552 768 1610 tiuntur,
795 1568 907 1600 cum
942 1552 1122 1600 habent
1156 1568 1185 1600 a
1220 1568 1348 1615 papa
1385 1553 1795 1615 dispensationem
1829 1554 2060 1603 voluntati
2096 1569 2214 1602 suae
2249 1563 2331 1603 aut

579 1634 801 1681 avaritiae
849 1642 1219 1692 consonantem,
1271 1635 1338 1682 sic
1386 1635 1519 1697 quod
1566 1635 1722 1682 verius
1769 1643 1974 1697 possunt
2021 1635 2114 1683 dici
2160 1635 2329 1684 fratres

577 1715 776 1777 papales
801 1716 874 1762 vel
899 1715 1176 1774 antichristi,
1202 1731 1349 1778 quam
1382 1716 1548 1764 fratres
1574 1717 1821 1764 Dominici
1844 1717 1919 1765 vel
1942 1717 2198 1766 Francisci.
2268 1718 2331 1766 Et

578 1796 654 1843 alii
679 1797 777 1844 duo
811 1798 1007 1845 ordines
1039 1797 1238 1844 fratrum
1271 1798 1452 1845 scilicet
1476 1798 1860 1860 Augustinenses
1892 1807 1939 1846 et
1964 1798 2250 1848 Carmelitae
2279 1800 2332 1847 in

578 1878 843 1925 mendaciis
874 1879 1139 1926 manifestis
1166 1887 1274 1927 sunt
1298 1879 1508 1927 fundati:
1550 1879 1914 1942 Augustz‘nenses
1936 1881 2067 1928 enim
2097 1881 2329 1939 videntes,

579 1959 712 2021 quod
746 1959 795 2006 in
831 1960 930 2007 istis
967 1961 1213 2007 ordinibus
1249 1961 1506 2022 antiquitas
1541 1961 1875 2023 ponderatur4‚
1909 1963 2099 2025 fingunt
2134 1963 2267 2025 quod
2303 1976 2332 2010 'a

580 2048 747 2087 sancto
773 2040 1063 2102 Augustino,
1090 2041 1299 2102 magno5
1332 2041 1544 2099 doctore,
1571 2043 1885 2104 personaliter
1916 2051 2028 2092 sunt
2058 2043 2256 2102 fundati,
2283 2051 2330 2092 et
2386 2089 2389 2091 .

580 2121 646 2168 sic
688 2121 798 2183 per⁶
840 2118 1221 2183 quadringentos
1264 2137 1419 2170 annos
1460 2131 1507 2170 et
1549 2123 1752 2185 amplius
1795 2132 1960 2172 sancte
1999 2125 2246 2173 vixerunt⁷
2280 2127 2330 2173 in

580 2217 759 2259 eremo,
802 2203 986 2250 mundo
1028 2204 1274 2264 incogniti,
1318 2212 1365 2251 et
1407 2204 1468 2251 de
1509 2212 1644 2251 tanto
1691 2213 1801 2252 sunt
1841 2206 2135 2268 antiquiores
2180 2222 2331 2270 quam

577 2282 746 2330 fratres
785 2284 1140 2346 praedicatores
1175 2292 1222 2331 et
1258 2286 1325 2332 sic
1362 2285 1475 2333 illis⁸
1513 2286 1888 2345 excellentiores,
1926 2288 2023 2335 sive
2062 2288 2102 2336 si
2138 2291 2332 2351 patroni

576 2362 793 2412 bonitas⁹
829 2366 924 2412 sive
961 2366 1218 2428 antiquitas
1255 2367 1434 2414 debeat
1459 2368 1729 2429 ponderari.
1803 2367 2081 2416 Carmelitae
2113 2385 2228 2419 vero
2263 2371 2331 2418 vi-

578 2446 747 2493 dentes
771 2446 1156 2508 Augustinenses
1180 2448 1272 2495 isto
1299 2447 1411 2495 fuco
1435 2449 1674 2497 mendacii
1698 2449 1953 2498 ecclesiam
1977 2450 2155 2500 Christi
2188 2452 2330 2500 sedu-

578 2542 700 2584 cere,
727 2528 1023 2575 mentiuntur
1046 2529 1096 2574 in
1128 2530 1231 2576 istis
1257 2530 1496 2577 ambobus
1522 2531 1746 2578 ordinem
1779 2546 1919 2578 suum
1943 2526 2329 2595 Augustinenses

576 2609 808 2656 excellere
822 2626 836 2668 3
885 2625 1010 2668 cum,
1036 2611 1271 2672 inquiunt,
1298 2620 1407 2659 ante
1440 2612 1822 2661 incarnationem
1846 2613 2047 2662 Domini
2080 2624 2190 2664 sunt
2221 2616 2330 2674 fun-

577 2688 674 2736 dati
696 2697 744 2737 et
774 2691 966 2738 beatam
990 2691 1224 2753 virginem
1256 2701 1513 2755 patronam
1522 2692 1558 2719 ¹⁰
1580 2694 1834 2742 habeant1¹
1867 2696 2173 2758 singularem,
2198 2706 2329 2760 patet

576 2785 746 2818 eorum
793 2773 1074 2820 excellentia
1121 2789 1264 2836 supra
1310 2783 1523 2823 cunctos.
1618 2775 1762 2834 Nam,
1810 2785 1862 2824 ut
1908 2777 2110 2840 fingunt,
2159 2778 2329 2828 Helias

574 2853 790 2901 fundavit
823 2869 909 2902 eos
940 2855 991 2901 in
1023 2863 1191 2903 monte
1226 2855 1434 2904 Carmeli
1466 2865 1700 2919 tanquam
1732 2858 1855 2906 filios
1887 2859 2248 2922 prophetarum,
2281 2870 2328 2910 et
2391 2845 2395 2848 ⁵

575 2934 688 2983 hinc
722 2934 1009 2984 Carmelitae
1040 2937 1114 2983 vel
1148 2936 1382 2985 Helisitae
1415 2937 1637 2986 dicuntur
1668 2939 1922 3002 vulgariter
1934 2956 1949 3001 ς
1996 2949 2044 2989 et
2075 2957 2188 2990 cum
2221 2943 2328 3006 ipse

577 3014 747 3064 Helias
766 3016 1030 3079 figuravit12
1049 3018 1351 3080 singulariter
1373 3027 1577 3067 matrem
1597 3019 1788 3078 Christi,
1807 3020 1976 3070 fratres
1994 3023 2140 3071 etiam
2156 3024 2328 3072 beatae

576 3097 771 3159 virginis
797 3099 975 3146 debent
999 3099 1108 3147 dici.

642 3179 704 3226 Et
741 3180 809 3227 sic
845 3181 1064 3228 notando
1101 3181 1480 3228 circumstantias
1514 3181 1835 3244 multipliciter
1874 3184 2114 3234 mendacii
2149 3185 2324 3235 horum

630 3349 644 3372 ¹
672 3349 1093 3403 correspondentiam]
1115 3348 1486 3403 conespondenfia,
1508 3352 1561 3391 A.
1876 3353 1892 3377 ²
1918 3354 2093 3408 mundo]
2114 3356 2254 3404 modo,
2275 3358 2325 3398 C.

574 3403 588 3424 ³
613 3402 853 3455 judiciariis]
873 3404 1167 3465 mendaciariis‚
1191 3405 1240 3445 C.
1379 3404 1395 3427 4
1421 3405 1691 3458 ponderatur]
1712 3406 1916 3470 fundatur,
1937 3409 1986 3449 C.
2088 3410 2122 3472 '⁵
2147 3411 2321 3464 magno]

574 3457 995 3562 Qiiss'iuffffstro’
1016 3460 1064 3499 C'
1165 3513 1180 3535 ⁹
1208 3459 1605 3568 ὴοηέιὲξϊὶῗηῐῗιὲῗ
1782 3461 1808 3563 ,7
1834 3462 2252 3570 vffiffiffnssffrssffi'
2274 3466 2322 3560 ἓ.

574 3563 604 3587 ¹1
632 3564 829 3617 habeant]
851 3566 1074 3612 habebant,
1095 3567 1143 3608 C.
1308 3568 1339 3592 1²
1366 3514 1573 3620 figuravit]
1596 3567 1753 3621 figurat,
1775 3569 1823 3609 C.
