2436 4094
422 355 493 409 34
992 332 1747 387 PROLEGOMENA.

421 475 606 536 absque
651 471 788 521 titulo
834 471 1175 534 superscriptO,
1219 468 1306 516 sed
1353 466 1416 516 ad
1462 466 1646 515 calcem
1690 473 1918 515 tractatus
1964 464 2179 515 additum
2225 471 2326 514 est:

424 565 437 587 ‘
453 560 662 623 Explicit
719 558 1108 622 supplementum
1162 555 1378 618 trialogi!
1462 553 1685 617 Capitula
1738 553 1927 616 singula
1971 554 2184 602 numeris
2230 554 2329 603 suis

425 656 602 705 carent,
638 647 725 695 sed
759 660 910 694 novas
942 645 1092 692 lineas
1110 641 1403 690 'inchoando
1439 649 1487 690 et
1520 642 1667 690 literis
1702 642 1959 689 initialibus
1993 640 2330 704 grandioribus

424 744 472 783 et
507 735 659 782 minio
690 735 836 781 rubro
869 731 1117 780 delineatis
1150 730 1486 793 insigniuntur.
1556 729 1737 777 Manus
1769 744 1872 777 non
1902 736 2104 777 venusta
2133 729 2332 791 quidem

426 824 513 873 sed
536 823 798 885 aequabilis
822 836 980 883 neque
1005 818 1207 868 difficilis
1234 819 1373 877 lectu,
1399 819 1487 867 etsi
1511 818 1727 867 librarius
1760 818 1998 867 scribendi
2030 817 2333 880 compendiis

426 912 556 960 haud
578 911 642 958 ita
669 925 813 973 parce
835 923 952 957 usus
986 916 1071 958 est.
1141 908 1332 957 Textus
1364 908 1466 970 ipse
1498 908 1682 970 probus
1714 914 1762 955 et
1791 908 1917 954 bene
1949 913 2203 955 correctus.
2273 906 2335 954 In

427 999 643 1061 margine
670 1013 728 1046 ea
751 1004 1046 1060 argumenta,
1067 1011 1190 1060 quae
1215 1004 1486 1045 memoratu
1509 995 1730 1059 digniora
1746 995 1847 1043 visa
1870 1001 2046 1054 essent,
2071 994 2336 1044 identidem

426 1095 592 1135 notata
617 1093 739 1134 sunt.

497 1173 626 1222 Cum
659 1174 808 1221 libros
843 1172 936 1221 hos
967 1180 1126 1221 textus
1159 1172 1311 1236 ipsius
1342 1178 1565 1234 respectu
1596 1172 1718 1219 inter
1749 1184 1801 1219 se
1835 1169 2179 1228 conferremus,
2211 1168 2338 1218 hanc

427 1262 715 1311 sententiam
739 1260 987 1316 ferendam
1010 1276 1116 1309 esse
1142 1260 1430 1318 censuimuS,
1449 1259 1642 1308 codices
1662 1259 1720 1306 A.
1741 1267 1790 1307 et
1812 1260 1859 1307 b.
1880 1259 1970 1307 sibi
1992 1258 2090 1306 fere
2114 1257 2340 1321 aequales

428 1365 553 1409 esse,
589 1349 826 1397 inferioris
860 1364 976 1397 vero
1010 1349 1148 1412 pretii
1187 1349 1334 1396 libros
1370 1347 1411 1396 C
1448 1356 1495 1396 et
1529 1362 1559 1395 a
1592 1347 1857 1405 habend08‚
1894 1362 2007 1395 cum
2043 1346 2163 1394 liber
2197 1345 2240 1394 C
2277 1361 2339 1394 ex

429 1438 553 1486 libro
576 1437 636 1495 A,
663 1437 822 1486 codex
844 1452 875 1485 a
899 1453 926 1486 e
963 1437 1131 1486 codice
1155 1437 1182 1485 b
1218 1436 1412 1484 derivati
1443 1450 1549 1483 esse
1580 1434 1842 1483 videantur.
1912 1430 2117 1482 Deinde*
2136 1434 2258 1483 sicut
2289 1434 2341 1482 in

432 1525 667 1588 Trialogo
691 1525 1007 1583 recensendo,
1033 1526 1098 1574 ita
1130 1525 1180 1572 in
1216 1524 1564 1587 Supplemento
1588 1524 1798 1586 primum
1830 1523 2021 1571 edendo
2049 1537 2126 1572 res
2150 1537 2253 1571 non
2276 1522 2343 1570 ita
2433 1580 2436 1585 1

433 1628 486 1663 se
534 1614 711 1662 habere
758 1614 859 1662 visa
904 1621 989 1672 est,
1037 1621 1090 1661 ut
1134 1613 1277 1661 unius
1323 1613 1429 1660 libri
1475 1612 1675 1675 vestigia
1726 1611 2006 1675 premenda,
2047 1610 2343 1674 reliquorum

434 1701 661 1753 codicum
706 1701 938 1750 lectiones
980 1702 1137 1749 variae
1179 1701 1374 1749 nonnisi
1415 1700 1723 1748 annotandae
1763 1708 1939 1748 essent.
2009 1699 2235 1763 Namque
2281 1713 2343 1747 ex

434 1789 553 1853 ipsis
577 1790 722 1837 etiam
750 1789 959 1837 melioris
984 1797 1131 1837 notae
1156 1789 1300 1848 libris,
1327 1788 1507 1837 scilicet
1529 1787 1576 1835 A
1600 1796 1648 1836 et
1670 1789 1734 1846 b.‚
1759 1795 1919 1836 textus
1953 1789 2068 1836 satis
2099 1795 2345 1836 correctus

425 1885 582 1940 >atque
625 1877 969 1939 approbandus
1005 1877 1180 1925 hauriri
1216 1892 1318 1924 non
1356 1877 1523 1939 potuit,
1559 1892 1671 1925 cum
1711 1877 1956 1926 nonnullis
1997 1877 2047 1925 in
2083 1876 2203 1925 locis
2239 1876 2346 1924 libri

438 1980 612 2013 omnes
661 1965 709 2012 in
755 1980 905 2013 unam
951 1966 1254 2028 eandemque
1301 1965 1471 2013 falsam
1512 1965 1721 2012 formam
1768 1965 1892 2013 inter
1933 1980 1985 2013 se
2026 1966 2346 2014 consentiant.

441 2053 613 2116 Itaque
638 2052 807 2102 editori
831 2053 948 2101 nihil
972 2053 1208 2116 reliquum
1238 2062 1339 2102 erat
1370 2053 1463 2102 nisi
1492 2053 1671 2115 ubique
1703 2052 1965 2101 deliberare
1989 2061 2037 2102 et
2056 2054 2186 2118 Justa
2209 2053 2348 2101 lance

439 2143 709 2199 aestimare,
736 2157 861 2204 quae
885 2142 1026 2190 lectio
1051 2142 1288 2204 eligenda,
1315 2157 1438 2204 quae
1461 2141 1768 2204 reprobanda
1791 2150 1930 2190 esset.

508 2229 738 2292 Capitum
779 2230 1078 2292 singulorum
1119 2238 1404 2292 argumenta
1449 2245 1561 2279 cum
1607 2231 1657 2277 in
1703 2230 1930 2278 omnibus
1970 2230 2101 2279 libris
2144 2227 2349 2292 Supple-

440 2325 659 2366 mentum
684 2319 1042 2367 continentibus
1067 2319 1334 2381 significata
1357 2333 1459 2367 non
1491 2320 1599 2377 sint,
1624 2327 1859 2382 quantum
1890 2320 2136 2382 potuimus
2167 2319 2351 2383 optime

442 2407 781 2469 expressimus,
2236 2420 2238 2423 ’

509 2494 763 2542 Postremo
795 2510 952 2558 pauca
983 2497 1274 2559 subjungere
1305 2495 1459 2544 liceat.
1530 2494 2007 2545 Commentationem
2038 2494 2100 2544 de
2131 2499 2143 2522 ‘
2158 2495 2353 2544 Wiclifo

442 2590 492 2631 et
514 2580 768 2630 Lollardis'
794 2599 906 2631 cum
930 2585 1079 2632 tribus
1103 2585 1260 2633 lustris
1285 2584 1462 2633 abhinc
1486 2585 1803 2633 scriberemus
1829 2583 2238 2650 (Zestchrssft‘lr
2258 2585 2355 2633 Ιιίε-

441 2670 636 2718 torische
659 2670 909 2734 Reologz‘e,
932 2673 1074 2733 1853,
1093 2674 1191 2731 416
1212 2687 1305 2735 sq.;
1337 2675 1480 2733 1854,
1496 2674 1587 2734 167
1607 2670 1717 2737 sq.)‚
1734 2673 1971 2721 abstinere
1989 2688 2092 2722 non
2108 2673 2356 2736 potuimus

443 2759 562 2822 quin
609 2759 819 2821 ingenue
867 2760 1219 2818 confiteremur,
1263 2775 1356 2808 nos
1402 2775 1550 2823 quam
1595 2761 1807 2809 maxime
1854 2768 2036 2824 optare,
2076 2768 2131 2809 ut
2186 2761 2358 2826 Wiclfi

444 2862 595 2910 opera
627 2847 806 2906 omnia,
841 2855 1081 2911 quotquot
1111 2848 1162 2895 in
1193 2848 1496 2897 bibliothecis
1529 2857 1610 2897 aut
1641 2849 1848 2912 Angliae
1880 2848 2243 2912 Hiberniaeque
2275 2858 2358 2899 aut
2429 2899 2436 2902 .

445 2934 738 2984 Germaniae
773 2935 1023 2998 hucusque
1057 2945 1340 2985 conservata
1371 2944 1546 2995 essent,
1579 2937 1777 2986 tandem
1809 2936 2070 3000 aliquando
2101 2936 2358 2986 ederentur
2433 2994 2436 2995 7

445 3030 494 3071 et
530 3024 741 3071 virorum
779 3023 1036 3072 doctorum
1074 3025 1242 3073 studiis
1279 3025 1578 3087 aperirentur
1614 3025 1696 3085 (cf.
1727 3025 1907 3073 ibidem
1945 3040 1992 3088 p.
2025 3040 2085 3084 42
2093 3016 2146 3086 3:
2174 3025 2226 3073 in
2259 3026 2357 3075 fine

447 3119 591 3159 notae
621 3113 731 3171 15);
768 3111 864 3159 hoc
888 3111 992 3160 fore
1016 3120 1387 3160 monumentum
1411 3113 1511 3160 viro
1536 3113 1765 3161 ecclesiae
1789 3111 2125 3161 reformandae
2149 3114 2359 3178 antesig-

448 3213 580 3245 nano
612 3198 964 3261 dignissimum,
990 3216 1089 3264 quo
1122 3201 1354 3264 erigendo
1387 3200 1579 3264 Anglici
1603 3216 1705 3249 non
1741 3202 1887 3249 istum
1919 3200 2079 3250 solum
2102 3201 2190 3250 sed
2212 3202 2358 3251 etiam

449 3299 503 3332 se
556 3286 689 3348 ipsos
742 3287 929 3336 honore
977 3289 1193 3336 affecturi
1240 3296 1414 3337 essent.
1497 3287 1671 3351 Neque
1717 3289 1927 3337 virorum
1973 3288 2036 3337 ad
2081 3303 2208 3352 opus
2257 3298 2359 3338 tam

451 3371 654 3420 arduum
689 3376 1049 3438 suscipiendum
1084 3376 1374 3425 idoneorum
1407 3391 1566 3439 neque
1598 3392 1758 3425 rerum
1786 3376 1850 3425 ad
1883 3376 1978 3425 hoc
2011 3377 2359 3438 perficiendum
2432 3442 2436 3443 ⁷

452 3460 845 3522 requirendarum
869 3464 1121 3526 penuriam
1145 3465 1195 3512 in
1221 3464 1399 3528 Anglia
1422 3465 1629 3513 futuram
1653 3480 1759 3514 esse
1783 3465 2015 3528 auspicati
2039 3479 2221 3515 sumus.

521 3545 631 3610 Jam
673 3548 723 3596 in
764 3564 824 3597 eo
866 3559 953 3611 est,
990 3560 1042 3600 ut
1077 3567 1203 3616 opus
1240 3553 1369 3611 illud,
1407 3553 1541 3617 quod
1577 3553 1741 3602 animo
1777 3553 2221 3612 informaveramus,
2255 3569 2359 3603 non
