2424 4120
367 438 471 508 396

1035 434 1467 498 JOANNIS
1536 435 1892 485 WICLIF
2195 454 2347 484 πλαιν.

604 569 839 629 argutiam
874 576 1006 630 patet
1041 568 1175 629 quod
1210 583 1312 616 non
1351 576 1423 616 est
1457 568 1688 627 mirabile,
1726 569 1765 616 si
1800 570 1876 617 isti
1911 569 2137 618 doctores
2171 570 2264 619 sint
2298 571 2350 617 in

604 649 764 696 multis
800 650 889 696 sibi
924 649 1041 711 ipsis
1078 649 1303 697 contrarii
1339 657 1386 697 et
1420 650 1470 696 in
1506 650 1603 697 suis
1639 651 1947 698 sermonibus
1977 650 2212 709 diminuti,
2237 666 2351 699 cum

604 744 749 791 saepe
784 730 942 792 magis
978 745 1125 791 quam
1163 731 1230 778 sic
1266 738 1604 792 peccaverunt.
1681 730 2033 779 Verumtamen
2072 731 2224 780 homo
2264 747 2351 794 per

604 811 1054 873 aequivocationem
1086 820 1246 874 potest
1269 812 1434 860 tollere
1469 813 1644 860 multas
1677 814 2034 862 contrarietates
2062 814 2125 861 ab
2149 814 2351 886 aemulis

602 893 670 940 eis
695 893 959 955 impositas,
1029 892 1093 940 Et
1117 901 1352 955 quantum
1389 893 1450 941 ad
1487 894 1856 941 diminutionem
1893 902 2077 942 certum
2101 901 2186 953 est,
2212 895 2348 957 quod

603 973 738 1020 multi
762 974 1022 1021 obmittunt
1045 974 1169 1021 licite
1194 975 1368 1023 multas
1400 975 1638 1033 materias,
1666 990 1778 1022 cum
1803 989 1904 1022 non
1929 975 2095 1023 omnia
2117 976 2345 1023 omnibus

603 1063 649 1102 et
672 1055 868 1102 ubilibet
887 1055 979 1102 sint
998 1055 1216 1103 dicenda.
1276 1054 1586 1118 Quandoque
1611 1055 1754 1117 ergo1
1774 1071 1834 1102 ex
1858 1056 2095 1118 probabili
2113 1055 2350 1104 evidentia

603 1144 651 1183 et
697 1134 991 1197 quandoque
1033 1151 1094 1183 ex
1134 1136 1404 1198 ignorantia
1449 1137 1597 1183 multa
1637 1137 1749 1184 talia
1795 1144 1906 1184 sunt
1947 1136 2182 1185 dimissa².
2266 1137 2348 1186 Ad

601 1218 845 1264 secundam
867 1225 1000 1265 tuam
1025 1218 1260 1278 argutiam
1286 1217 1471 1274 dicitur,
1491 1217 1624 1279 quod
1649 1218 1881 1278 scriptura
1905 1218 2048 1265 debet
2066 1217 2263 1280 intelligi
2288 1219 2351 1266 ad

606 1313 804 1346 sensum
828 1312 975 1359 quem
999 1298 1178 1360 expetit
1192 1312 1205 1356 ;
1242 1305 1289 1345 et
1314 1298 1383 1345 sic
1406 1305 1566 1359 potest
1598 1298 1798 1360 intelligi
1820 1298 1964 1346 illud³
1986 1297 2350 1362 Apoealypsis⁴,

607 1380 740 1442 quod
774 1394 877 1426 non
911 1379 997 1426 erit
1033 1387 1225 1440 tempus
1262 1378 1467 1441 amplius
1507 1379 1660 1426 taliter
1696 1379 1944 1441 operandi,
1979 1387 2032 1428 ut
2072 1387 2185 1442 post
2222 1379 2351 1428 diem

603 1461 769 1523 judicii
804 1476 905 1508 non
940 1461 1027 1507 erit
1061 1468 1253 1522 tempus
1289 1459 1494 1522 amplius
1529 1459 1851 1522 promerendi,
1886 1459 1973 1507 sed
2008 1475 2122 1508 cum
2157 1463 2170 1486 ‘
2186 1461 2353 1509 omnia

608 1550 799 1604 tempus
834 1540 1067 1598 habent⁵‚'
1105 1541 1192 1595 erit
1226 1548 1418 1602 tempus
1454 1539 1514 1588 de
1552 1548 1712 1588 cetero
1746 1541 2114 1603 congaudendi;
2163 1556 2353 1590 verum-

607 1631 771 1671 tamen
795 1631 911 1671 tunc
935 1638 1037 1670 non
1061 1622 1148 1670 erit
1171 1629 1364 1684 tempus
1387 1621 1582 1680 annale,
1600 1621 1825 1669 diurnum
1849 1621 1923 1670 vel
1954 1637 2016 1670 ex
2049 1636 2191 1671 cursu
2217 1622 2353 1681 solis,

607 1713 659 1752 ut
682 1705 832 1752 modo
869 1704 1124 1761 cernimus,
1151 1710 1467 1765 acceptatum,
1504 1710 1551 1750 et
1579 1703 1675 1750 hoc
1709 1703 1822 1750 satis
1855 1710 1927 1751 est
1941 1718 1954 1761 ;
2002 1711 2050 1751 et
2083 1704 2352 1767 subjectum

570 1808 573 1811 ·
608 1787 727 1834 illius
781 1786 1016 1847 temporis
1070 1792 1231 1846 potest
1278 1783 1621 1832 rationabiliter
1668 1783 1762 1831 dici
1817 1783 2029 1832 mundus
2084 1785 2353 1832 secundum

608 1862 948 1930 quamcunque
973 1874 1175 1928 partem,
1201 1880 1348 1927 quam
1372 1865 1508 1913 Deus
1533 1865 1596 1913 ad
1627 1865 1722 1913 hoc
1756 1867 1998 1928 aptaverit.
2066 1866 2148 1914 Ad
2171 1869 2352 1915 tertiam

609 1949 843 2011 argutiam
876 1956 1007 1995 tuam
1039 1946 1331 2008 respondeo,
1358 1961 1470 1992 cum
1502 1946 1949 2009 quomodocunque
1976 1945 2257 1996 Anshelmus
2279 1948 2355 1996 vel

608 2030 685 2077 alii
721 2029 944 2077 doctores
982 2027 1242 2085 dixerunt⁶‚
1279 2027 1412 2088 quod
1447 2034 1558 2088 post
1593 2026 1722 2074 diem
1753 2027 1920 2089 judicii
1954 2028 2138 2076 nullum
2174 2043 2354 2092 corpus

609 2111 877 2159 movebitur
922 2124 1013 2156 nec
1054 2117 1214 2170 potest
1254 2108 1466 2155 localiter
1506 2108 1690 2155 moveri
1738 2108 1912 2166 subito,
1955 2109 2044 2156 sed
2085 2111 2352 2158 successive

610 2192 878 2240 movebitur
910 2190 1146 2237 celeritate
1178 2190 1320 2236 nobis
1351 2188 1729 2250 imperceptibili,
1754 2189 1890 2250 quod
1923 2197 1995 2237 est
2031 2191 2158 2239 satis.
2230 2191 2352 2240 Ideo

611 2287 712 2320 non
759 2273 1001 2329 sollicitor,
1049 2272 1132 2318 ubi
1179 2285 1387 2332 corpora
1433 2270 1500 2317 sic
1549 2269 1707 2317 subito
1754 2271 1999 2318 moventia
2045 2272 2136 2319 sibi
2182 2281 2351 2321 mutuo

611 2354 875 2402 obviabunt
889 2368 902 2413 ;
953 2353 1039 2400 sed
1074 2353 1188 2400 satis
1221 2360 1306 2409 est,
1333 2366 1446 2399 cum
1479 2351 1764 2398 continuum
1796 2352 2104 2414 componitur
2135 2368 2196 2400 ex
2228 2344 2353 2401 non-

611 2435 817 2498 quantis,
848 2433 982 2496 quod
1013 2448 1104 2495 pro
1136 2447 1237 2480 uno
1269 2433 1464 2479 instanti
1498 2432 1615 2479 situs
1646 2432 1942 2480 indivisibilis
1973 2449 2002 2480 a
2027 2434 2200 2482 situato
2231 2435 2354 2482 indi-

610 2516 781 2564 visibili
806 2515 864 2562 sit
889 2515 1148 2576 quaesitus,
1174 2514 1239 2560 ita
1263 2513 1398 2574 quod
1422 2521 1583 2561 motus
1608 2513 1730 2560 coeli
1754 2514 2022 2562 secundum
2045 2523 2279 2577 punctum
2303 2516 2353 2563 in

611 2597 948 2660 aequinoctiali
985 2596 1044 2643 sit
1078 2595 1421 2652 velocissimus,
1458 2602 1506 2641 et
1540 2602 1702 2642 motus
1738 2595 1923 2643 subitus
1958 2596 2008 2643 in
2042 2597 2352 2658 generatione

610 2679 684 2726 vel
720 2677 999 2725 alteratione
1036 2676 1095 2723 sit
1130 2691 1221 2724 nec
1257 2676 1397 2723 velox
1433 2690 1524 2723 nec
1560 2675 1737 2733 tardUS‚
1766 2676 1889 2723 sicut
1923 2676 2214 2725 immensum
2249 2693 2352 2726 non

611 2759 781 2807 dicitur
813 2773 919 2806 esse
951 2772 1167 2820 parvum,
1192 2772 1284 2804 nec
1309 2755 1437 2803 mole
1470 2756 1753 2803 indivisibile
1782 2755 1951 2804 dicitur
1974 2771 2080 2805 esse
2104 2773 2351 2820 magnum.

610 2840 673 2888 Et
705 2848 758 2887 ut
789 2839 945 2902 placet
968 2837 1153 2899 logicis,
1181 2852 1292 2884 cum
1317 2851 1551 2898 magnum
1575 2843 1622 2883 et
1653 2851 1853 2898 parvum
1886 2845 1997 2884 sunt
2027 2839 2354 2886 convertibilia

610 2921 817 2977 relativa,
851 2918 1036 2965 nullum
1070 2918 1363 2964 immensum
1399 2916 1568 2963 dicitur
1602 2917 1731 2964 mole
1763 2931 1997 2978 magnum
2030 2932 2123 2966 nec
2158 2918 2353 2981 aliquod

609 3000 889 3057 indivisibile
912 2999 1041 3046 mole
1065 3013 1280 3060 parvum,
1305 3013 1396 3045 nec
1421 2997 1599 3059 aliquid
1623 3005 1694 3045 est
1717 2998 1781 3044 ita
1803 3013 2038 3060 magnum
2060 3007 2113 3046 ut
2135 3014 2351 3061 parvum,

609 3085 729 3132 sicut
753 3082 898 3144 logici
931 3081 1229 3127 altercantur.
1299 3078 1363 3125 Et
1394 3086 1629 3140 quantum
1662 3078 1724 3126 ad
1747 3078 1930 3126 dictum
1961 3080 2194 3142 superius,
2227 3082 2354 3129 circa

609 3165 743 3228 quod
774 3171 914 3226 potes
948 3160 1255 3217 contendere,
1290 3159 1468 3207 scilicet
1492 3159 1626 3221 quod
1658 3159 1986 3207 dimensiones
2017 3169 2268 3222 penetrant
2300 3178 2352 3212 se

613 3248 734 3295 sicut
759 3253 806 3293 et
830 3257 1051 3306 corpora,
1078 3241 1172 3288 dici
1195 3248 1354 3303 potest
1378 3240 1511 3302 quod
1534 3239 1630 3288 hoc
1654 3255 1756 3288 non
1782 3240 2006 3302 sequitur,
2026 3256 2138 3289 cum
2162 3243 2352 3291 dimen-

611 3329 786 3384 siones,
808 3326 930 3373 sicut
948 3332 995 3372 et
1013 3332 1198 3372 ceterae
1224 3322 1526 3384 quantitateS,
1546 3336 1648 3369 non
1667 3329 1776 3369 sunt
1796 3322 1856 3370 de
1874 3337 2052 3384 genere
2071 3323 2349 3373 activorum.

665 3458 678 3480 1
708 3454 828 3507 ergo]
850 3453 972 3498 enim,
993 3453 1046 3491 A.
1287 3450 1302 3473 ²
1332 3449 1828 3501 Quandoque—dimissa]
1849 3463 1930 3490 om.
1951 3449 1998 3490 B.
2048 3451 2174 3492 rimae
2193 3465 2351 3501 manus,

609 3511 672 3550 ed.
692 3523 754 3562 pr.
895 3508 910 3530 ³
937 3506 1059 3560 illud]
1081 3507 1197 3552 sicut,
1219 3506 1265 3545 B.
1287 3505 1441 3557 primae
1459 3517 1616 3549 manus,
1637 3504 1686 3544 C.
1707 3504 1769 3543 ed.
1790 3516 1851 3555 pr.
2055 3505 2229 3557 Apocal,
2249 3521 2287 3548 x,
2310 3508 2349 3548 6⁴

609 3565 623 3587 ³
651 3564 701 3603 cf.
723 3561 958 3602 Ecclesiast.
982 3560 1038 3601 iii.
1064 3572 1098 3599 1.
1263 3560 1279 3582 ⁶
1306 3558 1512 3610 dixerunt]
1534 3558 1719 3605 dixerint,
1740 3558 1803 3597 ed.
1823 3570 1884 3610 pr.
