<?xml version="1.0" encoding="UTF-8"?>
<!DOCTYPE html PUBLIC "-//W3C//DTD XHTML 1.0 Transitional//EN"
    "http://www.w3.org/TR/xhtml1/DTD/xhtml1-transitional.dtd">
<html xmlns="http://www.w3.org/1999/xhtml" xml:lang="en" lang="en">
 <head>
  <title>
</title>
<meta http-equiv="Content-Type" content="text/html;charset=utf-8" />
  <meta name='ocr-system' content='tesseract 3.04.00' />
  <meta name='ocr-capabilities' content='ocr_page ocr_carea ocr_par ocr_line ocrx_word'/>
</head>
<body>
  <div class='ocr_page' id='page_1' title='image "./trialoguscumsupp00wycluoft_0081.png"; bbox 0 0 2436 4094; ppageno 0'>
   <div class='ocr_carea' id='block_1_1' title="bbox 53 3518 338 3567">
    <p class='ocr_par' dir='ltr' id='par_1_1' title="bbox 53 3518 338 3567">
     <span class='ocr_line' id='line_1_1' title="bbox 53 3518 338 3567; baseline -0.011 -3"><span class='ocrx_word' id='word_1_1' title='bbox 53 3527 62 3531; x_wconf 85' lang='lat'>&#39;</span> <span class='ocrx_word' id='word_1_2' title='bbox 126 3518 338 3567; x_wconf 80' lang='lat' dir='ltr'><strong>mixtione,</strong></span> 
     </span>
    </p>
   </div>
   <div class='ocr_carea' id='block_1_2' title="bbox 0 0 85 4094">
    <p class='ocr_par' dir='ltr' id='par_1_2' title="bbox 0 0 85 4094">
     <span class='ocr_line' id='line_1_2' title="bbox 0 0 85 4094; baseline 0 0"><span class='ocrx_word' id='word_1_3' title='bbox 0 0 85 4094; x_wconf 95' lang='lat' dir='ltr'><strong> </strong></span> 
     </span>
    </p>
   </div>
   <div class='ocr_carea' id='block_1_3' title="bbox 155 403 1328 454">
    <p class='ocr_par' dir='ltr' id='par_1_3' title="bbox 155 403 1328 454">
     <span class='ocr_line' id='line_1_3' title="bbox 155 403 1328 454; baseline 0 -2"><span class='ocrx_word' id='word_1_4' title='bbox 155 422 310 453; x_wconf 61' lang='lat' dir='ltr'><strong>canto.</strong></span> <span class='ocrx_word' id='word_1_5' title='bbox 759 403 1328 454; x_wconf 84' lang='lat' dir='ltr'><em>TRIALOGUS.</em></span> 
     </span>
    </p>
   </div>
   <div class='ocr_carea' id='block_1_4' title="bbox 219 534 2143 618">
    <p class='ocr_par' dir='ltr' id='par_1_4' title="bbox 219 534 2143 618">
     <span class='ocr_line' id='line_1_4' title="bbox 219 534 2143 618; baseline 0.002 -33"><span class='ocrx_word' id='word_1_6' title='bbox 219 534 492 586; x_wconf 64' lang='lat' dir='ltr'><strong>Phroneszk.</strong></span> <span class='ocrx_word' id='word_1_7' title='bbox 562 537 690 587; x_wconf 90' lang='lat' dir='ltr'><strong>Cum</strong></span> <span class='ocrx_word' id='word_1_8' title='bbox 722 538 901 587; x_wconf 90' lang='lat' dir='ltr'><strong>multae</strong></span> <span class='ocrx_word' id='word_1_9' title='bbox 934 539 1031 587; x_wconf 89' lang='lat' dir='ltr'><strong>sint</strong></span> <span class='ocrx_word' id='word_1_10' title='bbox 1062 553 1138 587; x_wconf 91' lang='lat' dir='ltr'><strong>res</strong></span> <span class='ocrx_word' id='word_1_11' title='bbox 1170 538 1370 587; x_wconf 90' lang='lat' dir='ltr'><strong>rationis</strong></span> <span class='ocrx_word' id='word_1_12' title='bbox 1378 537 1410 597; x_wconf 88' lang='lat'><strong>¹,</strong></span> <span class='ocrx_word' id='word_1_13' title='bbox 1436 553 1560 602; x_wconf 90' lang='lat' dir='ltr'><strong>quae</strong></span> <span class='ocrx_word' id='word_1_14' title='bbox 1594 553 1697 588; x_wconf 90' lang='lat' dir='ltr'><strong>non</strong></span> <span class='ocrx_word' id='word_1_15' title='bbox 1725 538 1908 590; x_wconf 89' lang='lat' dir='ltr'><strong>habent</strong></span> <span class='ocrx_word' id='word_1_16' title='bbox 1966 554 2078 618; x_wconf 54' lang='lat' dir='ltr'><strong>1¹1³?foss</strong></span> <span class='ocrx_word' id='word_1_17' title='bbox 2093 563 2143 618; x_wconf 68' lang='lat'><strong>¹⁰:</strong></span> 
     </span>
    </p>
   </div>
   <div class='ocr_carea' id='block_1_5' title="bbox 135 617 1906 687">
    <p class='ocr_par' dir='ltr' id='par_1_5' title="bbox 135 617 1906 687">
     <span class='ocr_line' id='line_1_5' title="bbox 135 617 1906 687; baseline 0.003 -20"><span class='ocrx_word' id='word_1_18' title='bbox 135 617 483 687; x_wconf 4' lang='lat' dir='ltr'><strong>‘existentiam&#39;</strong></span> <span class='ocrx_word' id='word_1_19' title='bbox 504 619 580 668; x_wconf 89' lang='lat' dir='ltr'><strong>vel</strong></span> <span class='ocrx_word' id='word_1_20' title='bbox 602 635 709 669; x_wconf 91' lang='lat' dir='ltr'><strong>esse</strong></span> <span class='ocrx_word' id='word_1_21' title='bbox 733 621 936 669; x_wconf 85' lang='lat' dir='ltr'><strong>existere</strong></span> <span class='ocrx_word' id='word_1_22' title='bbox 961 620 1222 668; x_wconf 85' lang='lat' dir='ltr'><strong>formaliter</strong></span> <span class='ocrx_word' id='word_1_23' title='bbox 1244 620 1572 683; x_wconf 89' lang='lat' dir='ltr'><strong>intelligend0‚</strong></span> <span class='ocrx_word' id='word_1_24' title='bbox 1597 629 1744 684; x_wconf 91' lang='lat' dir='ltr'><strong>patet,</strong></span> <span class='ocrx_word' id='word_1_25' title='bbox 1770 623 1906 686; x_wconf 91' lang='lat' dir='ltr'><strong>quod</strong></span> 
     </span>
    </p>
   </div>
   <div class='ocr_carea' id='block_1_6' title="bbox 53 690 1906 764">
    <p class='ocr_par' dir='ltr' id='par_1_6' title="bbox 49 677 1906 764">
     <span class='ocr_line' id='line_1_6' title="bbox 53 690 1906 764; baseline 0.003 -15.989"><span class='ocrx_word' id='word_1_26' title='bbox 53 690 56 695; x_wconf 67' lang='grc'><strong>’</strong></span> <span class='ocrx_word' id='word_1_27' title='bbox 146 697 325 750; x_wconf 81' lang='lat' dir='ltr'><strong>falsum</strong></span> <span class='ocrx_word' id='word_1_28' title='bbox 348 701 570 762; x_wconf 85' lang='lat' dir='ltr'><strong>assumiS‚</strong></span> <span class='ocrx_word' id='word_1_29' title='bbox 595 717 708 750; x_wconf 89' lang='lat' dir='ltr'><strong>cum</strong></span> <span class='ocrx_word' id='word_1_30' title='bbox 732 701 870 751; x_wconf 92' lang='lat' dir='ltr'><strong>Deus</strong></span> <span class='ocrx_word' id='word_1_31' title='bbox 893 701 1113 764; x_wconf 85' lang='lat' dir='ltr'><strong>intelligit</strong></span> <span class='ocrx_word' id='word_1_32' title='bbox 1137 700 1272 764; x_wconf 92' lang='lat' dir='ltr'><strong>quod</strong></span> <span class='ocrx_word' id='word_1_33' title='bbox 1295 701 1392 750; x_wconf 90' lang='lat' dir='ltr'><strong>hoc</strong></span> <span class='ocrx_word' id='word_1_34' title='bbox 1415 701 1513 751; x_wconf 81' lang='lat' dir='ltr'><strong>est⁸</strong></span> <span class='ocrx_word' id='word_1_35' title='bbox 1535 703 1610 750; x_wconf 91' lang='lat' dir='ltr'><strong>vel</strong></span> <span class='ocrx_word' id='word_1_36' title='bbox 1633 703 1734 762; x_wconf 90' lang='lat' dir='ltr'><strong>erit,</strong></span> <span class='ocrx_word' id='word_1_37' title='bbox 1760 712 1808 752; x_wconf 89' lang='lat' dir='ltr'><strong>et</strong></span> <span class='ocrx_word' id='word_1_38' title='bbox 1831 705 1906 752; x_wconf 92' lang='lat' dir='ltr'><strong>in-</strong></span> 
     </span>
    </p>
   </div>
   <div class='ocr_carea' id='block_1_7' title="bbox 143 781 1905 1092">
    <p class='ocr_par' dir='ltr' id='par_1_7' title="bbox 143 781 1905 1092">
     <span class='ocr_line' id='line_1_7' title="bbox 146 781 1905 848; baseline 0.002 -18"><span class='ocrx_word' id='word_1_39' title='bbox 146 781 315 846; x_wconf 88' lang='lat' dir='ltr'><strong>telligit</strong></span> <span class='ocrx_word' id='word_1_40' title='bbox 337 782 472 848; x_wconf 91' lang='lat' dir='ltr'><strong>quod</strong></span> <span class='ocrx_word' id='word_1_41' title='bbox 493 783 590 832; x_wconf 93' lang='lat' dir='ltr'><strong>hoc</strong></span> <span class='ocrx_word' id='word_1_42' title='bbox 613 799 717 832; x_wconf 92' lang='lat' dir='ltr'><strong>non</strong></span> <span class='ocrx_word' id='word_1_43' title='bbox 741 784 842 843; x_wconf 91' lang='lat' dir='ltr'><strong>erit,</strong></span> <span class='ocrx_word' id='word_1_44' title='bbox 869 799 982 832; x_wconf 90' lang='lat' dir='ltr'><strong>cum</strong></span> <span class='ocrx_word' id='word_1_45' title='bbox 1013 782 1177 831; x_wconf 86' lang='lat' dir='ltr'><strong>multis</strong></span> <span class='ocrx_word' id='word_1_46' title='bbox 1209 783 1487 832; x_wconf 91' lang='lat' dir='ltr'><strong>veritatibus</strong></span> <span class='ocrx_word' id='word_1_47' title='bbox 1514 784 1714 834; x_wconf 91' lang='lat' dir='ltr'><strong>rationis</strong></span> <span class='ocrx_word' id='word_1_48' title='bbox 1739 785 1905 834; x_wconf 91' lang='lat' dir='ltr'><strong>simili-</strong></span> 
     </span>
     <span class='ocr_line' id='line_1_8' title="bbox 146 864 1904 929; baseline 0.001 -16"><span class='ocrx_word' id='word_1_49' title='bbox 146 864 253 924; x_wconf 90' lang='lat' dir='ltr'><strong>bus,</strong></span> <span class='ocrx_word' id='word_1_50' title='bbox 278 879 404 929; x_wconf 91' lang='lat' dir='ltr'><strong>quae</strong></span> <span class='ocrx_word' id='word_1_51' title='bbox 436 880 540 915; x_wconf 87' lang='lat' dir='ltr'><strong>non</strong></span> <span class='ocrx_word' id='word_1_52' title='bbox 570 874 777 929; x_wconf 89' lang='lat' dir='ltr'>possunt</span> <span class='ocrx_word' id='word_1_53' title='bbox 808 865 985 914; x_wconf 90' lang='lat' dir='ltr'><strong>habere</strong></span> <span class='ocrx_word' id='word_1_54' title='bbox 1017 865 1323 913; x_wconf 86' lang='lat' dir='ltr'><strong>existentiam</strong></span> <span class='ocrx_word' id='word_1_55' title='bbox 1356 864 1607 913; x_wconf 87' lang='lat' dir='ltr'><strong>actualem.</strong></span> <span class='ocrx_word' id='word_1_56' title='bbox 1681 864 1904 916; x_wconf 92' lang='lat' dir='ltr'><strong>Concedi</strong></span> 
     </span>
     <span class='ocr_line' id='line_1_9' title="bbox 143 946 1903 1011; baseline 0 -15"><span class='ocrx_word' id='word_1_57' title='bbox 143 953 309 996; x_wconf 67' lang='lat' dir='ltr'><strong>tamen</strong></span> <span class='ocrx_word' id='word_1_58' title='bbox 349 955 526 1011; x_wconf 88' lang='lat' dir='ltr'><strong>potest,</strong></span> <span class='ocrx_word' id='word_1_59' title='bbox 567 946 702 1011; x_wconf 93' lang='lat' dir='ltr'><strong>quod</strong></span> <span class='ocrx_word' id='word_1_60' title='bbox 742 962 890 995; x_wconf 90' lang='lat' dir='ltr'><strong>omne</strong></span> <span class='ocrx_word' id='word_1_61' title='bbox 932 946 1067 1010; x_wconf 95' lang='lat' dir='ltr'><strong>quod</strong></span> <span class='ocrx_word' id='word_1_62' title='bbox 1103 950 1253 1008; x_wconf 82' lang='lat' dir='ltr'><strong>potest</strong></span> <span class='ocrx_word' id='word_1_63' title='bbox 1287 946 1505 1004; x_wconf 87' lang='lat' dir='ltr'><strong>existere,</strong></span> <span class='ocrx_word' id='word_1_64' title='bbox 1547 953 1770 1009; x_wconf 91' lang='lat' dir='ltr'><strong>tempore</strong></span> <span class='ocrx_word' id='word_1_65' title='bbox 1811 962 1903 996; x_wconf 91' lang='lat' dir='ltr'><strong>suo</strong></span> 
     </span>
     <span class='ocr_line' id='line_1_10' title="bbox 143 1025 1902 1092; baseline 0 -15"><span class='ocrx_word' id='word_1_66' title='bbox 143 1028 318 1089; x_wconf 88' lang='lat' dir='ltr'><strong>existit,</strong></span> <span class='ocrx_word' id='word_1_67' title='bbox 341 1037 391 1079; x_wconf 91' lang='lat' dir='ltr'><strong>et</strong></span> <span class='ocrx_word' id='word_1_68' title='bbox 413 1029 483 1079; x_wconf 90' lang='lat' dir='ltr'><strong>sic</strong></span> <span class='ocrx_word' id='word_1_69' title='bbox 505 1028 642 1078; x_wconf 89' lang='lat' dir='ltr'><strong>Deus</strong></span> <span class='ocrx_word' id='word_1_70' title='bbox 675 1029 1005 1079; x_wconf 89' lang='lat' dir='ltr'><strong>communicat</strong></span> <span class='ocrx_word' id='word_1_71' title='bbox 1035 1027 1172 1076; x_wconf 90' lang='lat' dir='ltr'><strong>omni</strong></span> <span class='ocrx_word' id='word_1_72' title='bbox 1203 1027 1390 1075; x_wconf 90' lang='lat' dir='ltr'><strong>homini</strong></span> <span class='ocrx_word' id='word_1_73' title='bbox 1423 1025 1789 1076; x_wconf 76' lang='lat' dir='ltr'><strong>intellectivam4</strong></span> <span class='ocrx_word' id='word_1_74' title='bbox 1810 1044 1902 1092; x_wconf 93' lang='lat' dir='ltr'><strong>po-</strong></span> 
     </span>
    </p>
   </div>
   <div class='ocr_carea' id='block_1_8' title="bbox 43 1108 1902 1175">
    <p class='ocr_par' dir='ltr' id='par_1_8' title="bbox 43 1108 1902 1175">
     <span class='ocr_line' id='line_1_11' title="bbox 43 1108 1902 1175; baseline -0.001 -16"><span class='ocrx_word' id='word_1_75' title='bbox 43 1108 53 1138; x_wconf 86' lang='grc'><strong>’-</strong></span> <span class='ocrx_word' id='word_1_76' title='bbox 141 1111 345 1160; x_wconf 88' lang='lat' dir='ltr'><strong>tentiam</strong></span> <span class='ocrx_word' id='word_1_77' title='bbox 368 1125 514 1175; x_wconf 89' lang='lat' dir='ltr'><strong>super</strong></span> <span class='ocrx_word' id='word_1_78' title='bbox 531 1126 694 1170; x_wconf 90' lang='lat' dir='ltr'><strong>omne,</strong></span> <span class='ocrx_word' id='word_1_79' title='bbox 720 1110 855 1175; x_wconf 93' lang='lat' dir='ltr'><strong>quod</strong></span> <span class='ocrx_word' id='word_1_80' title='bbox 873 1109 1002 1174; x_wconf 82' lang='lat' dir='ltr'><strong>ipse⁵</strong></span> <span class='ocrx_word' id='word_1_81' title='bbox 1020 1109 1264 1171; x_wconf 81' lang='lat' dir='ltr'><strong>intelligit3</strong></span> <span class='ocrx_word' id='word_1_82' title='bbox 1300 1108 1492 1156; x_wconf 79' lang='lat' dir='ltr'><strong>tamen⁶</strong></span> <span class='ocrx_word' id='word_1_83' title='bbox 1510 1110 1787 1158; x_wconf 90' lang='lat' dir='ltr'><strong>necessario</strong></span> <span class='ocrx_word' id='word_1_84' title='bbox 1807 1109 1902 1158; x_wconf 92' lang='lat' dir='ltr'><strong>alio</strong></span> 
     </span>
    </p>
   </div>
   <div class='ocr_carea' id='block_1_9' title="bbox 39 1189 1901 1257">
    <p class='ocr_par' dir='ltr' id='par_1_9' title="bbox 39 1189 1901 1257">
     <span class='ocr_line' id='line_1_12' title="bbox 39 1189 1901 1257; baseline -0.002 -15"><span class='ocrx_word' id='word_1_85' title='bbox 39 1223 52 1232; x_wconf 63' lang='lat'><strong><em>‚</em></strong></span> <span class='ocrx_word' id='word_1_86' title='bbox 141 1191 296 1242; x_wconf 88' lang='lat' dir='ltr'><strong>modo</strong></span> <span class='ocrx_word' id='word_1_87' title='bbox 329 1193 563 1257; x_wconf 86' lang='lat' dir='ltr'><strong>intelligit,</strong></span> <span class='ocrx_word' id='word_1_88' title='bbox 595 1208 745 1257; x_wconf 91' lang='lat' dir='ltr'><strong>quam</strong></span> <span class='ocrx_word' id='word_1_89' title='bbox 780 1200 854 1241; x_wconf 90' lang='lat' dir='ltr'><strong>est</strong></span> <span class='ocrx_word' id='word_1_90' title='bbox 888 1191 1067 1240; x_wconf 88' lang='lat' dir='ltr'><strong>modus</strong></span> <span class='ocrx_word' id='word_1_91' title='bbox 1104 1205 1203 1253; x_wconf 94' lang='lat' dir='ltr'><strong>quo</strong></span> <span class='ocrx_word' id='word_1_92' title='bbox 1237 1190 1390 1238; x_wconf 89' lang='lat' dir='ltr'><strong>homo</strong></span> <span class='ocrx_word' id='word_1_93' title='bbox 1427 1197 1589 1253; x_wconf 90' lang='lat' dir='ltr'><strong>potest</strong></span> <span class='ocrx_word' id='word_1_94' title='bbox 1622 1189 1901 1255; x_wconf 86' lang='lat' dir='ltr'><strong>intelligere,</strong></span> 
     </span>
    </p>
   </div>
   <div class='ocr_carea' id='block_1_10' title="bbox 49 1271 1902 1335">
    <p class='ocr_par' dir='ltr' id='par_1_10' title="bbox 49 1271 1902 1335">
     <span class='ocr_line' id='line_1_13' title="bbox 49 1271 1902 1335; baseline -0.003 -10"><span class='ocrx_word' id='word_1_95' title='bbox 49 1310 54 1318; x_wconf 60' lang='grc'><strong><em>,</em></strong></span> <span class='ocrx_word' id='word_1_96' title='bbox 142 1289 258 1324; x_wconf 88' lang='lat' dir='ltr'><strong>cum</strong></span> <span class='ocrx_word' id='word_1_97' title='bbox 292 1273 649 1325; x_wconf 87' lang='lat' dir='ltr'><strong>distinctissime</strong></span> <span class='ocrx_word' id='word_1_98' title='bbox 684 1283 731 1324; x_wconf 90' lang='lat' dir='ltr'><strong>et</strong></span> <span class='ocrx_word' id='word_1_99' title='bbox 766 1273 1078 1323; x_wconf 90' lang='lat' dir='ltr'><strong>inerrabiliter</strong></span> <span class='ocrx_word' id='word_1_100' title='bbox 1109 1272 1247 1320; x_wconf 90' lang='lat' dir='ltr'><strong>Deus</strong></span> <span class='ocrx_word' id='word_1_101' title='bbox 1282 1271 1442 1319; x_wconf 91' lang='lat' dir='ltr'><strong>solum</strong></span> <span class='ocrx_word' id='word_1_102' title='bbox 1477 1271 1712 1335; x_wconf 87' lang='lat' dir='ltr'><strong>intelligit,</strong></span> <span class='ocrx_word' id='word_1_103' title='bbox 1750 1272 1902 1320; x_wconf 91' lang='lat' dir='ltr'><strong>homo</strong></span> 
     </span>
    </p>
   </div>
   <div class='ocr_carea' id='block_1_11' title="bbox 141 1352 1902 1502">
    <p class='ocr_par' dir='ltr' id='par_1_11' title="bbox 141 1352 1902 1502">
     <span class='ocr_line' id='line_1_14' title="bbox 141 1352 1902 1421; baseline -0.003 -14"><span class='ocrx_word' id='word_1_104' title='bbox 141 1365 306 1408; x_wconf 87' lang='lat' dir='ltr'><strong>autem</strong></span> <span class='ocrx_word' id='word_1_105' title='bbox 337 1357 455 1406; x_wconf 90' lang='lat' dir='ltr'><strong>nihil</strong></span> <span class='ocrx_word' id='word_1_106' title='bbox 485 1357 703 1421; x_wconf 85' lang='lat' dir='ltr'><strong>intelligit</strong></span> <span class='ocrx_word' id='word_1_107' title='bbox 734 1358 828 1406; x_wconf 88' lang='lat' dir='ltr'><strong>nisi</strong></span> <span class='ocrx_word' id='word_1_108' title='bbox 860 1355 1124 1404; x_wconf 89' lang='lat' dir='ltr'><strong>errabiliter</strong></span> <span class='ocrx_word' id='word_1_109' title='bbox 1155 1361 1203 1402; x_wconf 91' lang='lat' dir='ltr'><strong>et</strong></span> <span class='ocrx_word' id='word_1_110' title='bbox 1229 1352 1448 1401; x_wconf 88' lang='lat' dir='ltr'><strong>confuse.</strong></span> <span class='ocrx_word' id='word_1_111' title='bbox 1518 1352 1712 1401; x_wconf 90' lang='lat' dir='ltr'><strong>Vellem</strong></span> <span class='ocrx_word' id='word_1_112' title='bbox 1735 1361 1902 1402; x_wconf 91' lang='lat' dir='ltr'><strong>tamen</strong></span> 
     </span>
     <span class='ocr_line' id='line_1_15' title="bbox 141 1434 1901 1502; baseline -0.003 -13"><span class='ocrx_word' id='word_1_113' title='bbox 141 1438 391 1489; x_wconf 84' lang='lat' dir='ltr'><strong>addiscere</strong></span> <span class='ocrx_word' id='word_1_114' title='bbox 413 1440 466 1488; x_wconf 91' lang='lat' dir='ltr'><strong>in</strong></span> <span class='ocrx_word' id='word_1_115' title='bbox 498 1440 590 1488; x_wconf 88' lang='lat' dir='ltr'><strong>ista</strong></span> <span class='ocrx_word' id='word_1_116' title='bbox 611 1439 826 1497; x_wconf 89' lang='lat' dir='ltr'><strong>materia,</strong></span> <span class='ocrx_word' id='word_1_117' title='bbox 853 1438 967 1502; x_wconf 89' lang='lat' dir='ltr'><strong>quia</strong></span> <span class='ocrx_word' id='word_1_118' title='bbox 990 1436 1107 1484; x_wconf 89' lang='lat' dir='ltr'><strong>nihil</strong></span> <span class='ocrx_word' id='word_1_119' title='bbox 1131 1435 1314 1484; x_wconf 91' lang='lat' dir='ltr'><strong>diffinio</strong></span> <span class='ocrx_word' id='word_1_120' title='bbox 1341 1434 1401 1483; x_wconf 93' lang='lat' dir='ltr'><strong>de</strong></span> <span class='ocrx_word' id='word_1_121' title='bbox 1425 1434 1522 1482; x_wconf 91' lang='lat' dir='ltr'><strong>Dei</strong></span> <span class='ocrx_word' id='word_1_122' title='bbox 1548 1436 1781 1497; x_wconf 89' lang='lat' dir='ltr'><strong>potentia,</strong></span> <span class='ocrx_word' id='word_1_123' title='bbox 1809 1451 1901 1484; x_wconf 88' lang='lat' dir='ltr'><strong>nec</strong></span> 
     </span>
    </p>
   </div>
   <div class='ocr_carea' id='block_1_12' title="bbox 46 1510 1901 1585">
    <p class='ocr_par' dir='ltr' id='par_1_12' title="bbox 36 1500 1901 1585">
     <span class='ocr_line' id='line_1_16' title="bbox 46 1510 1901 1585; baseline -0.003 -14.032"><span class='ocrx_word' id='word_1_124' title='bbox 46 1510 50 1559; x_wconf 54' lang='grc' dir='ltr'>ἶ</span> <span class='ocrx_word' id='word_1_125' title='bbox 140 1520 300 1570; x_wconf 85' lang='lat' dir='ltr'><strong>audeo</strong></span> <span class='ocrx_word' id='word_1_126' title='bbox 323 1520 619 1585; x_wconf 89' lang='lat' dir='ltr'><strong>profundare</strong></span> <span class='ocrx_word' id='word_1_127' title='bbox 645 1536 727 1569; x_wconf 90' lang='lat' dir='ltr'><strong>me</strong></span> <span class='ocrx_word' id='word_1_128' title='bbox 751 1522 802 1569; x_wconf 91' lang='lat' dir='ltr'><strong>in</strong></span> <span class='ocrx_word' id='word_1_129' title='bbox 826 1518 1134 1568; x_wconf 89' lang='lat' dir='ltr'><strong>distinctione</strong></span> <span class='ocrx_word' id='word_1_130' title='bbox 1160 1517 1221 1565; x_wconf 92' lang='lat' dir='ltr'><strong>de</strong></span> <span class='ocrx_word' id='word_1_131' title='bbox 1246 1515 1586 1565; x_wconf 12' lang='lat' dir='ltr'><strong>absolutavDei</strong></span> <span class='ocrx_word' id='word_1_132' title='bbox 1610 1517 1829 1579; x_wconf 89' lang='lat' dir='ltr'><strong>potentia</strong></span> <span class='ocrx_word' id='word_1_133' title='bbox 1853 1526 1901 1565; x_wconf 89' lang='lat' dir='ltr'><strong>et</strong></span> 
     </span>
    </p>
   </div>
   <div class='ocr_carea' id='block_1_13' title="bbox 133 1597 1900 2078">
    <p class='ocr_par' dir='ltr' id='par_1_13' title="bbox 133 1597 1900 2078">
     <span class='ocr_line' id='line_1_17' title="bbox 139 1597 1899 1668; baseline -0.003 -16"><span class='ocrx_word' id='word_1_134' title='bbox 139 1604 360 1668; x_wconf 86' lang='lat' dir='ltr'><strong>potentia</strong></span> <span class='ocrx_word' id='word_1_135' title='bbox 381 1603 619 1653; x_wconf 88' lang='lat' dir='ltr'><strong>ordinata.</strong></span> <span class='ocrx_word' id='word_1_136' title='bbox 693 1602 806 1652; x_wconf 91' lang='lat' dir='ltr'><strong>Scio</strong></span> <span class='ocrx_word' id='word_1_137' title='bbox 838 1610 1003 1650; x_wconf 91' lang='lat' dir='ltr'><strong>tamen</strong></span> <span class='ocrx_word' id='word_1_138' title='bbox 1036 1597 1171 1663; x_wconf 91' lang='lat' dir='ltr'><strong>quod</strong></span> <span class='ocrx_word' id='word_1_139' title='bbox 1203 1612 1349 1660; x_wconf 87' lang='lat' dir='ltr'><strong>saepe</strong></span> <span class='ocrx_word' id='word_1_140' title='bbox 1380 1597 1546 1660; x_wconf 87' lang='lat' dir='ltr'><strong>lapsus</strong></span> <span class='ocrx_word' id='word_1_141' title='bbox 1579 1612 1689 1646; x_wconf 90' lang='lat' dir='ltr'><strong>sum</strong></span> <span class='ocrx_word' id='word_1_142' title='bbox 1721 1599 1772 1646; x_wconf 92' lang='lat' dir='ltr'><strong>in</strong></span> <span class='ocrx_word' id='word_1_143' title='bbox 1797 1598 1899 1647; x_wconf 86' lang='lat' dir='ltr'><strong>alti-</strong></span> 
     </span>
     <span class='ocr_line' id='line_1_18' title="bbox 137 1678 1900 1744; baseline -0.003 -9"><span class='ocrx_word' id='word_1_144' title='bbox 137 1685 304 1735; x_wconf 90' lang='lat' dir='ltr'><strong>tudine</strong></span> <span class='ocrx_word' id='word_1_145' title='bbox 333 1686 482 1735; x_wconf 87' lang='lat' dir='ltr'><strong>maris</strong></span> <span class='ocrx_word' id='word_1_146' title='bbox 510 1685 662 1734; x_wconf 90' lang='lat' dir='ltr'><strong>multa</strong></span> <span class='ocrx_word' id='word_1_147' title='bbox 692 1683 965 1735; x_wconf 87' lang='lat' dir='ltr'><strong>balbutiens</strong></span> <span class='ocrx_word' id='word_1_148' title='bbox 1001 1696 1127 1744; x_wconf 91' lang='lat' dir='ltr'><strong>quae</strong></span> <span class='ocrx_word' id='word_1_149' title='bbox 1151 1695 1255 1728; x_wconf 90' lang='lat' dir='ltr'><strong>non</strong></span> <span class='ocrx_word' id='word_1_150' title='bbox 1278 1678 1403 1727; x_wconf 89' lang='lat' dir='ltr'><strong>valui</strong></span> <span class='ocrx_word' id='word_1_151' title='bbox 1427 1679 1554 1727; x_wconf 92' lang='lat' dir='ltr'><strong>clare</strong></span> <span class='ocrx_word' id='word_1_152' title='bbox 1582 1679 1814 1740; x_wconf 81' lang='lat' dir='ltr'><strong>fundare3</strong></span> <span class='ocrx_word' id='word_1_153' title='bbox 1852 1688 1900 1729; x_wconf 88' lang='lat' dir='ltr'><strong>et</strong></span> 
     </span>
     <span class='ocr_line' id='line_1_19' title="bbox 134 1759 1897 1832; baseline -0.005 -14"><span class='ocrx_word' id='word_1_154' title='bbox 134 1767 188 1816; x_wconf 91' lang='lat' dir='ltr'><strong>in</strong></span> <span class='ocrx_word' id='word_1_155' title='bbox 227 1766 466 1832; x_wconf 86' lang='lat' dir='ltr'><strong>aliquibus</strong></span> <span class='ocrx_word' id='word_1_156' title='bbox 506 1775 579 1816; x_wconf 89' lang='lat' dir='ltr'><strong>est</strong></span> <span class='ocrx_word' id='word_1_157' title='bbox 620 1764 738 1815; x_wconf 85' lang='lat' dir='ltr'><strong>illud</strong></span> <span class='ocrx_word' id='word_1_158' title='bbox 776 1765 975 1823; x_wconf 90' lang='lat' dir='ltr'><strong>facilius,</strong></span> <span class='ocrx_word' id='word_1_159' title='bbox 1012 1764 1064 1811; x_wconf 89' lang='lat' dir='ltr'><strong>in</strong></span> <span class='ocrx_word' id='word_1_160' title='bbox 1106 1762 1210 1811; x_wconf 87' lang='lat' dir='ltr'><strong>aliis</strong></span> <span class='ocrx_word' id='word_1_161' title='bbox 1248 1769 1411 1809; x_wconf 90' lang='lat' dir='ltr'><strong>autem</strong></span> <span class='ocrx_word' id='word_1_162' title='bbox 1449 1759 1701 1809; x_wconf 86' lang='lat' dir='ltr'><strong>difficilius.</strong></span> <span class='ocrx_word' id='word_1_163' title='bbox 1789 1761 1897 1810; x_wconf 92' lang='lat' dir='ltr'><strong>Nec</strong></span> 
     </span>
     <span class='ocr_line' id='line_1_20' title="bbox 134 1841 1893 1914; baseline -0.005 -15"><span class='ocrx_word' id='word_1_164' title='bbox 134 1849 278 1900; x_wconf 85' lang='lat' dir='ltr'><strong>video</strong></span> <span class='ocrx_word' id='word_1_165' title='bbox 302 1864 449 1909; x_wconf 90' lang='lat' dir='ltr'><strong>nunc,</strong></span> <span class='ocrx_word' id='word_1_166' title='bbox 474 1864 624 1914; x_wconf 88' lang='lat' dir='ltr'><strong>quare</strong></span> <span class='ocrx_word' id='word_1_167' title='bbox 646 1847 785 1896; x_wconf 89' lang='lat' dir='ltr'><strong>Deus</strong></span> <span class='ocrx_word' id='word_1_168' title='bbox 815 1853 985 1911; x_wconf 88' lang='lat' dir='ltr'><strong>posset</strong></span> <span class='ocrx_word' id='word_1_169' title='bbox 1015 1843 1168 1893; x_wconf 90' lang='lat' dir='ltr'><strong>multa</strong></span> <span class='ocrx_word' id='word_1_170' title='bbox 1189 1857 1294 1891; x_wconf 92' lang='lat' dir='ltr'><strong>non</strong></span> <span class='ocrx_word' id='word_1_171' title='bbox 1325 1841 1579 1890; x_wconf 86' lang='lat' dir='ltr'><strong>existentia</strong></span> <span class='ocrx_word' id='word_1_172' title='bbox 1610 1842 1893 1906; x_wconf 87' lang='lat' dir='ltr'><strong>intelligere,</strong></span> 
     </span>
     <span class='ocr_line' id='line_1_21' title="bbox 137 1925 1894 1996; baseline -0.006 -14"><span class='ocrx_word' id='word_1_173' title='bbox 137 1933 257 1996; x_wconf 89' lang='lat' dir='ltr'><strong>quin</strong></span> <span class='ocrx_word' id='word_1_174' title='bbox 287 1947 377 1996; x_wconf 91' lang='lat' dir='ltr'><strong>per</strong></span> <span class='ocrx_word' id='word_1_175' title='bbox 407 1932 539 1982; x_wconf 90' lang='lat' dir='ltr'><strong>idem</strong></span> <span class='ocrx_word' id='word_1_176' title='bbox 571 1931 804 1995; x_wconf 87' lang='lat' dir='ltr'><strong>intelligat</strong></span> <span class='ocrx_word' id='word_1_177' title='bbox 835 1929 1034 1987; x_wconf 91' lang='lat' dir='ltr'><strong>infinita,</strong></span> <span class='ocrx_word' id='word_1_178' title='bbox 1061 1941 1186 1991; x_wconf 91' lang='lat' dir='ltr'><strong>quae</strong></span> <span class='ocrx_word' id='word_1_179' title='bbox 1218 1934 1272 1974; x_wconf 90' lang='lat' dir='ltr'><strong>tu</strong></span> <span class='ocrx_word' id='word_1_180' title='bbox 1302 1939 1406 1974; x_wconf 90' lang='lat' dir='ltr'><strong>non</strong></span> <span class='ocrx_word' id='word_1_181' title='bbox 1438 1932 1580 1988; x_wconf 89' lang='lat' dir='ltr'><strong>potes</strong></span> <span class='ocrx_word' id='word_1_182' title='bbox 1612 1925 1894 1988; x_wconf 91' lang='lat' dir='ltr'><strong>intelligere,</strong></span> 
     </span>
     <span class='ocr_line' id='line_1_22' title="bbox 133 2006 1891 2078; baseline -0.005 -15"><span class='ocrx_word' id='word_1_183' title='bbox 133 2014 210 2064; x_wconf 90' lang='lat' dir='ltr'><strong>vel</strong></span> <span class='ocrx_word' id='word_1_184' title='bbox 243 2030 272 2064; x_wconf 89' lang='lat' dir='ltr'><strong>e</strong></span> <span class='ocrx_word' id='word_1_185' title='bbox 297 2022 467 2065; x_wconf 92' lang='lat' dir='ltr'><strong>contra</strong></span> <span class='ocrx_word' id='word_1_186' title='bbox 499 2012 785 2078; x_wconf 77' lang='lat' dir='ltr'><strong>utrobique⁷</strong></span> <span class='ocrx_word' id='word_1_187' title='bbox 820 2011 1041 2061; x_wconf 90' lang='lat' dir='ltr'><strong>deficere.</strong></span> <span class='ocrx_word' id='word_1_188' title='bbox 1111 2008 1177 2057; x_wconf 90' lang='lat' dir='ltr'><strong>Et</strong></span> <span class='ocrx_word' id='word_1_189' title='bbox 1210 2007 1334 2056; x_wconf 91' lang='lat' dir='ltr'><strong>haec</strong></span> <span class='ocrx_word' id='word_1_190' title='bbox 1357 2007 1480 2054; x_wconf 92' lang='lat' dir='ltr'><strong>ratio</strong></span> <span class='ocrx_word' id='word_1_191' title='bbox 1511 2006 1755 2070; x_wconf 90' lang='lat' dir='ltr'><strong>probandi</strong></span> <span class='ocrx_word' id='word_1_192' title='bbox 1791 2007 1891 2056; x_wconf 83' lang='lat' dir='ltr'><strong>est⁸</strong></span> 
     </span>
    </p>
   </div>
   <div class='ocr_carea' id='block_1_14' title="bbox 28 2076 1895 2161">
    <p class='ocr_par' dir='ltr' id='par_1_14' title="bbox 28 2076 1895 2161">
     <span class='ocr_line' id='line_1_23' title="bbox 28 2076 1895 2161; baseline -0.007 -13"><span class='ocrx_word' id='word_1_193' title='bbox 28 2083 33 2095; x_wconf 44' lang='lat'>²</span> <span class='ocrx_word' id='word_1_194' title='bbox 94 2125 97 2127; x_wconf 58' lang='lat'>&gt;</span> <span class='ocrx_word' id='word_1_195' title='bbox 134 2097 265 2147; x_wconf 80' lang='lat' dir='ltr'><strong>sicut.</strong></span> <span class='ocrx_word' id='word_1_196' title='bbox 293 2097 568 2157; x_wconf 91' lang='lat' dir='ltr'><strong>somniatio,</strong></span> <span class='ocrx_word' id='word_1_197' title='bbox 594 2111 692 2161; x_wconf 92' lang='lat' dir='ltr'><strong>qua</strong></span> <span class='ocrx_word' id='word_1_198' title='bbox 726 2094 898 2144; x_wconf 91' lang='lat' dir='ltr'><strong>dicitur</strong></span> <span class='ocrx_word' id='word_1_199' title='bbox 932 2092 1095 2141; x_wconf 92' lang='lat' dir='ltr'><strong>Deum</strong></span> <span class='ocrx_word' id='word_1_200' title='bbox 1131 2076 1292 2154; x_wconf 83' lang='lat' dir='ltr'><strong>aliqua</strong></span> <span class='ocrx_word' id='word_1_201' title='bbox 1325 2089 1591 2152; x_wconf 88' lang='lat' dir='ltr'><strong>intelligere</strong></span> <span class='ocrx_word' id='word_1_202' title='bbox 1628 2104 1754 2152; x_wconf 90' lang='lat' dir='ltr'><strong>quae</strong></span> <span class='ocrx_word' id='word_1_203' title='bbox 1790 2104 1895 2137; x_wconf 89' lang='lat' dir='ltr'><strong>non</strong></span> 
     </span>
    </p>
   </div>
   <div class='ocr_carea' id='block_1_15' title="bbox 130 2169 1895 2816">
    <p class='ocr_par' dir='ltr' id='par_1_15' title="bbox 130 2169 1895 2816">
     <span class='ocr_line' id='line_1_24' title="bbox 134 2169 1894 2244; baseline -0.006 -16"><span class='ocrx_word' id='word_1_204' title='bbox 134 2188 343 2244; x_wconf 87' lang='lat' dir='ltr'><strong>possunt</strong></span> <span class='ocrx_word' id='word_1_205' title='bbox 365 2195 488 2239; x_wconf 88' lang='lat' dir='ltr'><strong>esse,</strong></span> <span class='ocrx_word' id='word_1_206' title='bbox 513 2187 563 2228; x_wconf 92' lang='lat' dir='ltr'><strong>et</strong></span> <span class='ocrx_word' id='word_1_207' title='bbox 584 2179 676 2228; x_wconf 90' lang='lat' dir='ltr'><strong>ista</strong></span> <span class='ocrx_word' id='word_1_208' title='bbox 698 2185 810 2227; x_wconf 89' lang='lat' dir='ltr'><strong>sunt</strong></span> <span class='ocrx_word' id='word_1_209' title='bbox 833 2174 1102 2240; x_wconf 89' lang='lat' dir='ltr'><strong>specialiter</strong></span> <span class='ocrx_word' id='word_1_210' title='bbox 1118 2172 1231 2221; x_wconf 90' lang='lat' dir='ltr'><strong>Deo</strong></span> <span class='ocrx_word' id='word_1_211' title='bbox 1257 2172 1468 2235; x_wconf 83' lang='lat' dir='ltr'><strong>cognita,</strong></span> <span class='ocrx_word' id='word_1_212' title='bbox 1495 2169 1583 2219; x_wconf 88' lang='lat' dir='ltr'><strong>sed</strong></span> <span class='ocrx_word' id='word_1_213' title='bbox 1606 2186 1710 2219; x_wconf 92' lang='lat' dir='ltr'><strong>non</strong></span> <span class='ocrx_word' id='word_1_214' title='bbox 1734 2172 1894 2219; x_wconf 87' lang='lat' dir='ltr'><strong>nobis.</strong></span> 
     </span>
     <span class='ocr_line' id='line_1_25' title="bbox 134 2253 1893 2325; baseline -0.007 -13"><span class='ocrx_word' id='word_1_215' title='bbox 134 2261 272 2312; x_wconf 89' lang='lat' dir='ltr'><strong>Talis</strong></span> <span class='ocrx_word' id='word_1_216' title='bbox 302 2269 466 2312; x_wconf 88' lang='lat' dir='ltr'><strong>autem</strong></span> <span class='ocrx_word' id='word_1_217' title='bbox 496 2261 689 2325; x_wconf 88' lang='lat' dir='ltr'><strong>vagatio</strong></span> <span class='ocrx_word' id='word_1_218' title='bbox 722 2260 1004 2323; x_wconf 90' lang='lat' dir='ltr'><strong>captionum</strong></span> <span class='ocrx_word' id='word_1_219' title='bbox 1036 2272 1097 2305; x_wconf 87' lang='lat' dir='ltr'><strong>ex</strong></span> <span class='ocrx_word' id='word_1_220' title='bbox 1131 2253 1507 2304; x_wconf 83' lang='lat' dir='ltr'><strong>commixtione⁹</strong></span> <span class='ocrx_word' id='word_1_221' title='bbox 1532 2268 1769 2302; x_wconf 84' lang='lat' dir='ltr'><strong>sensuum</strong></span> <span class='ocrx_word' id='word_1_222' title='bbox 1789 2269 1893 2302; x_wconf 91' lang='lat' dir='ltr'><strong>ma-</strong></span> 
     </span>
     <span class='ocr_line' id='line_1_26' title="bbox 131 2337 1894 2408; baseline -0.006 -12"><span class='ocrx_word' id='word_1_223' title='bbox 131 2346 370 2396; x_wconf 87' lang='lat' dir='ltr'><strong>terialium</strong></span> <span class='ocrx_word' id='word_1_224' title='bbox 403 2353 454 2395; x_wconf 89' lang='lat' dir='ltr'><strong>et</strong></span> <span class='ocrx_word' id='word_1_225' title='bbox 487 2345 870 2408; x_wconf 87' lang='lat' dir='ltr'><strong>significatorum</strong></span> <span class='ocrx_word' id='word_1_226' title='bbox 905 2341 1090 2390; x_wconf 87' lang='lat' dir='ltr'><strong>inducit</strong></span> <span class='ocrx_word' id='word_1_227' title='bbox 1128 2338 1364 2403; x_wconf 90' lang='lat' dir='ltr'><strong>plurimos</strong></span> <span class='ocrx_word' id='word_1_228' title='bbox 1399 2338 1450 2385; x_wconf 89' lang='lat' dir='ltr'><strong>in</strong></span> <span class='ocrx_word' id='word_1_229' title='bbox 1485 2337 1734 2396; x_wconf 88' lang='lat' dir='ltr'><strong>caribdim,</strong></span> <span class='ocrx_word' id='word_1_230' title='bbox 1768 2338 1894 2386; x_wconf 92' lang='lat' dir='ltr'><strong>sicut</strong></span> 
     </span>
     <span class='ocr_line' id='line_1_27' title="bbox 130 2419 1881 2493; baseline -0.007 -14"><span class='ocrx_word' id='word_1_231' title='bbox 130 2429 343 2493; x_wconf 84' lang='lat' dir='ltr'><strong>religiosi</strong></span> <span class='ocrx_word' id='word_1_232' title='bbox 377 2435 538 2477; x_wconf 87' lang='lat' dir='ltr'><strong>errant</strong></span> <span class='ocrx_word' id='word_1_233' title='bbox 569 2426 816 2476; x_wconf 87' lang='lat' dir='ltr'><strong>moraliter</strong></span> <span class='ocrx_word' id='word_1_234' title='bbox 850 2440 912 2473; x_wconf 91' lang='lat' dir='ltr'><strong>ex</strong></span> <span class='ocrx_word' id='word_1_235' title='bbox 944 2421 1294 2472; x_wconf 87' lang='lat' dir='ltr'><strong>commixtione</strong></span> <span class='ocrx_word' id='word_1_236' title='bbox 1330 2434 1528 2468; x_wconf 89' lang='lat' dir='ltr'><strong>suarum</strong></span> <span class='ocrx_word' id='word_1_237' title='bbox 1562 2419 1881 2468; x_wconf 91' lang='lat' dir='ltr'><strong>traditionum</strong></span> 
     </span>
     <span class='ocr_line' id='line_1_28' title="bbox 131 2501 1891 2575; baseline -0.007 -14"><span class='ocrx_word' id='word_1_238' title='bbox 131 2518 183 2561; x_wconf 90' lang='lat' dir='ltr'><strong>et</strong></span> <span class='ocrx_word' id='word_1_239' title='bbox 201 2511 325 2575; x_wconf 87' lang='lat' dir='ltr'><strong>legis</strong></span> <span class='ocrx_word' id='word_1_240' title='bbox 357 2509 561 2560; x_wconf 88' lang='lat' dir='ltr'><strong>divinae.</strong></span> <span class='ocrx_word' id='word_1_241' title='bbox 630 2507 696 2556; x_wconf 91' lang='lat' dir='ltr'><strong>Et</strong></span> <span class='ocrx_word' id='word_1_242' title='bbox 729 2507 852 2556; x_wconf 89' lang='lat' dir='ltr'><strong>sicut</strong></span> <span class='ocrx_word' id='word_1_243' title='bbox 881 2505 1018 2554; x_wconf 89' lang='lat' dir='ltr'><strong>Deus</strong></span> <span class='ocrx_word' id='word_1_244' title='bbox 1052 2502 1115 2552; x_wconf 94' lang='lat' dir='ltr'><strong>ad</strong></span> <span class='ocrx_word' id='word_1_245' title='bbox 1146 2504 1270 2550; x_wconf 91' lang='lat' dir='ltr'><strong>intra</strong></span> <span class='ocrx_word' id='word_1_246' title='bbox 1301 2501 1420 2549; x_wconf 90' lang='lat' dir='ltr'><strong>nihil</strong></span> <span class='ocrx_word' id='word_1_247' title='bbox 1439 2506 1592 2562; x_wconf 85' lang='lat' dir='ltr'><strong>potest</strong></span> <span class='ocrx_word' id='word_1_248' title='bbox 1617 2501 1891 2563; x_wconf 90' lang='lat' dir='ltr'><strong>producere</strong></span> 
     </span>
     <span class='ocr_line' id='line_1_29' title="bbox 131 2581 1895 2649; baseline -0.009 -7"><span class='ocrx_word' id='word_1_249' title='bbox 131 2592 225 2642; x_wconf 88' lang='lat' dir='ltr'><strong>nisi</strong></span> <span class='ocrx_word' id='word_1_250' title='bbox 253 2591 473 2641; x_wconf 89' lang='lat' dir='ltr'><strong>absolute</strong></span> <span class='ocrx_word' id='word_1_251' title='bbox 505 2589 781 2639; x_wconf 87' lang='lat' dir='ltr'><strong>necessario</strong></span> <span class='ocrx_word' id='word_1_252' title='bbox 814 2585 930 2635; x_wconf 90' lang='lat' dir='ltr'><strong>illud</strong></span> <span class='ocrx_word' id='word_1_253' title='bbox 961 2584 1212 2649; x_wconf 89' lang='lat' dir='ltr'><strong>producat,</strong></span> <span class='ocrx_word' id='word_1_254' title='bbox 1240 2582 1309 2631; x_wconf 90' lang='lat' dir='ltr'><strong>sic</strong></span> <span class='ocrx_word' id='word_1_255' title='bbox 1342 2581 1460 2630; x_wconf 90' lang='lat' dir='ltr'><strong>nihil</strong></span> <span class='ocrx_word' id='word_1_256' title='bbox 1493 2581 1556 2630; x_wconf 92' lang='lat' dir='ltr'><strong>ad</strong></span> <span class='ocrx_word' id='word_1_257' title='bbox 1588 2589 1724 2629; x_wconf 88' lang='lat' dir='ltr'><strong>extra</strong></span> <span class='ocrx_word' id='word_1_258' title='bbox 1747 2587 1895 2644; x_wconf 82' lang='lat' dir='ltr'><strong>polest</strong></span> 
     </span>
     <span class='ocr_line' id='line_1_30' title="bbox 130 2662 1890 2742; baseline -0.009 -16"><span class='ocrx_word' id='word_1_259' title='bbox 130 2674 416 2742; x_wconf 83' lang='lat' dir='ltr'><strong>producere,</strong></span> <span class='ocrx_word' id='word_1_260' title='bbox 436 2672 530 2722; x_wconf 90' lang='lat' dir='ltr'><strong>nisi</strong></span> <span class='ocrx_word' id='word_1_261' title='bbox 546 2686 637 2736; x_wconf 92' lang='lat' dir='ltr'><strong>pro</strong></span> <span class='ocrx_word' id='word_1_262' title='bbox 656 2685 746 2719; x_wconf 93' lang='lat' dir='ltr'><strong>suo</strong></span> <span class='ocrx_word' id='word_1_263' title='bbox 769 2678 989 2732; x_wconf 91' lang='lat' dir='ltr'><strong>tempore</strong></span> <span class='ocrx_word' id='word_1_264' title='bbox 1013 2665 1129 2714; x_wconf 90' lang='lat' dir='ltr'><strong>illud</strong></span> <span class='ocrx_word' id='word_1_265' title='bbox 1151 2663 1403 2728; x_wconf 89' lang='lat' dir='ltr'><strong>producat.</strong></span> <span class='ocrx_word' id='word_1_266' title='bbox 1474 2662 1538 2710; x_wconf 90' lang='lat' dir='ltr'><strong>Et</strong></span> <span class='ocrx_word' id='word_1_267' title='bbox 1557 2663 1626 2711; x_wconf 91' lang='lat' dir='ltr'><strong>sic</strong></span> <span class='ocrx_word' id='word_1_268' title='bbox 1645 2663 1890 2711; x_wconf 89' lang='lat' dir='ltr'><strong>orationes</strong></span> 
     </span>
     <span class='ocr_line' id='line_1_31' title="bbox 130 2743 1886 2816; baseline -0.011 -8"><span class='ocrx_word' id='word_1_269' title='bbox 130 2760 254 2809; x_wconf 87' lang='lat' dir='ltr'><strong>fiunt</strong></span> <span class='ocrx_word' id='word_1_270' title='bbox 275 2755 567 2814; x_wconf 89' lang='lat' dir='ltr'><strong>necessari0‚</strong></span> <span class='ocrx_word' id='word_1_271' title='bbox 591 2761 640 2802; x_wconf 90' lang='lat' dir='ltr'><strong>et</strong></span> <span class='ocrx_word' id='word_1_272' title='bbox 663 2752 851 2816; x_wconf 90' lang='lat' dir='ltr'><strong>aliquae</strong></span> <span class='ocrx_word' id='word_1_273' title='bbox 870 2748 1129 2812; x_wconf 90' lang='lat' dir='ltr'><strong>implentur</strong></span> <span class='ocrx_word' id='word_1_274' title='bbox 1153 2744 1445 2802; x_wconf 88' lang='lat' dir='ltr'><strong>necessari0‚</strong></span> <span class='ocrx_word' id='word_1_275' title='bbox 1466 2751 1514 2792; x_wconf 93' lang='lat' dir='ltr'><strong>et</strong></span> <span class='ocrx_word' id='word_1_276' title='bbox 1532 2743 1697 2792; x_wconf 85' lang='lat' dir='ltr'><strong>aliae¹⁰</strong></span> <span class='ocrx_word' id='word_1_277' title='bbox 1716 2758 1886 2791; x_wconf 90' lang='lat' dir='ltr'><strong>neces-</strong></span> 
     </span>
    </p>
   </div>
   <div class='ocr_carea' id='block_1_16' title="bbox 35 2823 1926 2902">
    <p class='ocr_par' dir='ltr' id='par_1_16' title="bbox 22 2823 1926 2902">
     <span class='ocr_line' id='line_1_32' title="bbox 35 2823 1926 2902; baseline -0.012 -10.15"><span class='ocrx_word' id='word_1_278' title='bbox 35 2848 40 2851; x_wconf 73' lang='grc'><strong><em>’</em></strong></span> <span class='ocrx_word' id='word_1_279' title='bbox 130 2840 259 2891; x_wconf 81' lang='lat' dir='ltr'><strong>sario</strong></span> <span class='ocrx_word' id='word_1_280' title='bbox 301 2836 574 2902; x_wconf 89' lang='lat' dir='ltr'><strong>superfluae</strong></span> <span class='ocrx_word' id='word_1_281' title='bbox 617 2841 742 2884; x_wconf 87' lang='lat' dir='ltr'><strong>sunt.</strong></span> <span class='ocrx_word' id='word_1_282' title='bbox 825 2831 890 2880; x_wconf 92' lang='lat' dir='ltr'><strong>Et</strong></span> <span class='ocrx_word' id='word_1_283' title='bbox 931 2831 1000 2879; x_wconf 91' lang='lat' dir='ltr'><strong>sic</strong></span> <span class='ocrx_word' id='word_1_284' title='bbox 1047 2827 1352 2891; x_wconf 89' lang='lat' dir='ltr'><strong>evangelium</strong></span> <span class='ocrx_word' id='word_1_285' title='bbox 1385 2840 1496 2874; x_wconf 88' lang='lat' dir='ltr'><strong>vere</strong></span> <span class='ocrx_word' id='word_1_286' title='bbox 1535 2824 1651 2873; x_wconf 92' lang='lat' dir='ltr'><strong>dicit</strong></span> <span class='ocrx_word' id='word_1_287' title='bbox 1659 2823 1709 2883; x_wconf 87' lang='lat'><strong>¹¹,</strong></span> <span class='ocrx_word' id='word_1_288' title='bbox 1752 2824 1888 2887; x_wconf 92' lang='lat' dir='ltr'><strong>quod</strong></span> <span class='ocrx_word' id='word_1_289' title='bbox 1921 2832 1926 2837; x_wconf 64' lang='grc'><em>“</em></span> 
     </span>
    </p>
   </div>
   <div class='ocr_carea' id='block_1_17' title="bbox 129 2905 1886 2986">
    <p class='ocr_par' dir='ltr' id='par_1_17' title="bbox 129 2905 1886 2986">
     <span class='ocr_line' id='line_1_33' title="bbox 129 2905 1886 2986; baseline -0.01 -14"><span class='ocrx_word' id='word_1_290' title='bbox 129 2922 268 2972; x_wconf 87' lang='lat' dir='ltr'><strong>Deus</strong></span> <span class='ocrx_word' id='word_1_291' title='bbox 300 2927 439 2986; x_wconf 90' lang='lat' dir='ltr'><strong>pater</strong></span> <span class='ocrx_word' id='word_1_292' title='bbox 467 2924 631 2983; x_wconf 90' lang='lat' dir='ltr'><strong>potest</strong></span> <span class='ocrx_word' id='word_1_293' title='bbox 662 2915 889 2965; x_wconf 91' lang='lat' dir='ltr'><strong>exhibere</strong></span> <span class='ocrx_word' id='word_1_294' title='bbox 918 2912 1018 2961; x_wconf 90' lang='lat' dir='ltr'><strong>filio</strong></span> <span class='ocrx_word' id='word_1_295' title='bbox 1050 2910 1159 2974; x_wconf 91' lang='lat' dir='ltr'><strong>plus</strong></span> <span class='ocrx_word' id='word_1_296' title='bbox 1191 2923 1340 2972; x_wconf 90' lang='lat' dir='ltr'><strong>quam</strong></span> <span class='ocrx_word' id='word_1_297' title='bbox 1373 2906 1634 2956; x_wconf 89' lang='lat' dir='ltr'><strong>duodecim</strong></span> <span class='ocrx_word' id='word_1_298' title='bbox 1666 2905 1886 2969; x_wconf 87' lang='lat' dir='ltr'><strong>legiones</strong></span> 
     </span>
    </p>
   </div>
   <div class='ocr_carea' id='block_1_18' title="bbox 16 2981 1886 3069">
    <p class='ocr_par' dir='ltr' id='par_1_18' title="bbox 16 2981 1886 3069">
     <span class='ocr_line' id='line_1_34' title="bbox 16 2981 1886 3069; baseline -0.012 -13"><span class='ocrx_word' id='word_1_299' title='bbox 16 2981 22 2988; x_wconf 31' lang='lat'>⁸</span> <span class='ocrx_word' id='word_1_300' title='bbox 55 3026 64 3040; x_wconf 66' lang='lat'>⁴</span> <span class='ocrx_word' id='word_1_301' title='bbox 129 3003 432 3069; x_wconf 85' lang='lat' dir='ltr'><strong>angelorum,</strong></span> <span class='ocrx_word' id='word_1_302' title='bbox 457 3008 507 3050; x_wconf 92' lang='lat' dir='ltr'><strong>et</strong></span> <span class='ocrx_word' id='word_1_303' title='bbox 530 3000 601 3049; x_wconf 89' lang='lat' dir='ltr'><strong>sic</strong></span> <span class='ocrx_word' id='word_1_304' title='bbox 624 2998 766 3058; x_wconf 88' lang='lat' dir='ltr'><strong>facit;</strong></span> <span class='ocrx_word' id='word_1_305' title='bbox 804 3011 907 3045; x_wconf 90' lang='lat' dir='ltr'><strong>non</strong></span> <span class='ocrx_word' id='word_1_306' title='bbox 931 3002 1096 3043; x_wconf 90' lang='lat' dir='ltr'><strong>tamen</strong></span> <span class='ocrx_word' id='word_1_307' title='bbox 1121 2991 1235 3040; x_wconf 90' lang='lat' dir='ltr'><strong>dicit</strong></span> <span class='ocrx_word' id='word_1_308' title='bbox 1267 2989 1586 3052; x_wconf 88' lang='lat' dir='ltr'><strong>evangelium,</strong></span> <span class='ocrx_word' id='word_1_309' title='bbox 1611 2987 1746 3051; x_wconf 92' lang='lat' dir='ltr'><strong>quod</strong></span> <span class='ocrx_word' id='word_1_310' title='bbox 1781 2987 1886 3036; x_wconf 91' lang='lat' dir='ltr'><strong>illas</strong></span> 
     </span>
    </p>
   </div>
   <div class='ocr_carea' id='block_1_19' title="bbox 126 3071 1883 3219">
    <p class='ocr_par' dir='ltr' id='par_1_19' title="bbox 126 3071 1883 3219">
     <span class='ocr_line' id='line_1_35' title="bbox 127 3071 1882 3151; baseline -0.011 -14"><span class='ocrx_word' id='word_1_311' title='bbox 127 3086 348 3151; x_wconf 85' lang='lat' dir='ltr'><strong>legiones</strong></span> <span class='ocrx_word' id='word_1_312' title='bbox 377 3090 542 3148; x_wconf 89' lang='lat' dir='ltr'><strong>potest</strong></span> <span class='ocrx_word' id='word_1_313' title='bbox 571 3081 670 3130; x_wconf 92' lang='lat' dir='ltr'><strong>filio</strong></span> <span class='ocrx_word' id='word_1_314' title='bbox 678 3079 715 3107; x_wconf 74' lang='lat'><strong>¹2</strong></span> <span class='ocrx_word' id='word_1_315' title='bbox 741 3076 1028 3134; x_wconf 90' lang='lat' dir='ltr'><strong>concedere,</strong></span> <span class='ocrx_word' id='word_1_316' title='bbox 1061 3080 1116 3122; x_wconf 84' lang='lat' dir='ltr'><strong>ut</strong></span> <span class='ocrx_word' id='word_1_317' title='bbox 1143 3088 1233 3121; x_wconf 86' lang='lat' dir='ltr'><strong>non</strong></span> <span class='ocrx_word' id='word_1_318' title='bbox 1265 3073 1422 3120; x_wconf 82' lang='lat' dir='ltr'><strong>taliter</strong></span> <span class='ocrx_word' id='word_1_319' title='bbox 1446 3071 1684 3133; x_wconf 82' lang='lat' dir='ltr'><strong>patiatur,</strong></span> <span class='ocrx_word' id='word_1_320' title='bbox 1718 3077 1882 3133; x_wconf 88' lang='lat' dir='ltr'><strong>potest</strong></span> 
     </span>
     <span class='ocr_line' id='line_1_36' title="bbox 126 3151 1883 3219; baseline -0.012 -1"><span class='ocrx_word' id='word_1_321' title='bbox 126 3175 293 3219; x_wconf 86' lang='lat' dir='ltr'><strong>tamen</strong></span> <span class='ocrx_word' id='word_1_322' title='bbox 333 3166 375 3216; x_wconf 90' lang='lat' dir='ltr'><strong>si</strong></span> <span class='ocrx_word' id='word_1_323' title='bbox 414 3163 628 3214; x_wconf 88' lang='lat' dir='ltr'><strong>voluerit.</strong></span> <span class='ocrx_word' id='word_1_324' title='bbox 714 3161 779 3210; x_wconf 90' lang='lat' dir='ltr'><strong>Et</strong></span> <span class='ocrx_word' id='word_1_325' title='bbox 820 3159 889 3209; x_wconf 92' lang='lat' dir='ltr'><strong>sic</strong></span> <span class='ocrx_word' id='word_1_326' title='bbox 932 3155 1264 3208; x_wconf 89' lang='lat' dir='ltr'><strong>conceduntur</strong></span> <span class='ocrx_word' id='word_1_327' title='bbox 1305 3153 1646 3202; x_wconf 90' lang='lat' dir='ltr'><strong>conclusiones</strong></span> <span class='ocrx_word' id='word_1_328' title='bbox 1694 3151 1883 3200; x_wconf 90' lang='lat' dir='ltr'><strong>contin-</strong></span> 
     </span>
    </p>
   </div>
   <div class='ocr_carea' id='block_1_20' title="bbox 181 3286 1882 3355">
    <p class='ocr_par' dir='ltr' id='par_1_20' title="bbox 181 3286 1882 3355">
     <span class='ocr_line' id='line_1_37' title="bbox 181 3286 1882 3355; baseline -0.011 -9"><span class='ocrx_word' id='word_1_329' title='bbox 181 3304 198 3330; x_wconf 89' lang='lat'>¹</span> <span class='ocrx_word' id='word_1_330' title='bbox 225 3300 416 3355; x_wconf 86' lang='lat' dir='ltr'><strong>rationis]</strong></span> <span class='ocrx_word' id='word_1_331' title='bbox 437 3314 521 3343; x_wconf 90' lang='lat' dir='ltr'><strong>om.</strong></span> <span class='ocrx_word' id='word_1_332' title='bbox 540 3298 605 3342; x_wconf 86' lang='lat' dir='ltr'><strong>ed.</strong></span> <span class='ocrx_word' id='word_1_333' title='bbox 623 3310 687 3352; x_wconf 88' lang='lat' dir='ltr'><strong>pr.</strong></span> <span class='ocrx_word' id='word_1_334' title='bbox 798 3296 814 3320; x_wconf 84' lang='lat'>²</span> <span class='ocrx_word' id='word_1_335' title='bbox 842 3292 1121 3346; x_wconf 88' lang='lat' dir='ltr'><strong>existentiam]</strong></span> <span class='ocrx_word' id='word_1_336' title='bbox 1142 3290 1374 3336; x_wconf 88' lang='lat' dir='ltr'><strong>essentiam,</strong></span> <span class='ocrx_word' id='word_1_337' title='bbox 1394 3290 1449 3329; x_wconf 92' lang='lat' dir='ltr'><strong>A.</strong></span> <span class='ocrx_word' id='word_1_338' title='bbox 1577 3286 1594 3312; x_wconf 82' lang='lat'><strong>⁸</strong></span> <span class='ocrx_word' id='word_1_339' title='bbox 1621 3286 1703 3341; x_wconf 84' lang='lat' dir='ltr'><strong>est]</strong></span> <span class='ocrx_word' id='word_1_340' title='bbox 1722 3286 1812 3334; x_wconf 83' lang='lat' dir='ltr'><strong>fuit,</strong></span> <span class='ocrx_word' id='word_1_341' title='bbox 1832 3286 1882 3328; x_wconf 87' lang='lat' dir='ltr'><strong>C.</strong></span> 
     </span>
    </p>
   </div>
   <div class='ocr_carea' id='block_1_21' title="bbox 19 3342 1883 3476">
    <p class='ocr_par' dir='ltr' id='par_1_21' title="bbox 19 3342 1883 3476">
     <span class='ocr_line' id='line_1_38' title="bbox 26 3342 1881 3412; baseline -0.011 -9.068"><span class='ocrx_word' id='word_1_342' title='bbox 26 3371 36 3386; x_wconf 71' lang='lat'>³</span> <span class='ocrx_word' id='word_1_343' title='bbox 125 3357 191 3402; x_wconf 75' lang='lat' dir='ltr'><strong>ed.</strong></span> <span class='ocrx_word' id='word_1_344' title='bbox 209 3368 275 3412; x_wconf 86' lang='lat' dir='ltr'><strong>pr.</strong></span> <span class='ocrx_word' id='word_1_345' title='bbox 324 3369 330 3372; x_wconf 84' lang='grc'><em>·</em></span> <span class='ocrx_word' id='word_1_346' title='bbox 412 3355 429 3380; x_wconf 70' lang='lat'><strong>⁴</strong></span> <span class='ocrx_word' id='word_1_347' title='bbox 454 3351 768 3405; x_wconf 83' lang='lat' dir='ltr'><strong>intellectivam]</strong></span> <span class='ocrx_word' id='word_1_348' title='bbox 788 3349 1115 3403; x_wconf 86' lang='lat' dir='ltr'><strong>intelligentiam,</strong></span> <span class='ocrx_word' id='word_1_349' title='bbox 1138 3347 1193 3409; x_wconf 58' lang='lat' dir='ltr'><strong>D:</strong></span> <span class='ocrx_word' id='word_1_350' title='bbox 1303 3345 1319 3368; x_wconf 76' lang='lat'>⁵</span> <span class='ocrx_word' id='word_1_351' title='bbox 1346 3344 1451 3397; x_wconf 87' lang='lat' dir='ltr'><strong>ipse]</strong></span> <span class='ocrx_word' id='word_1_352' title='bbox 1479 3343 1567 3397; x_wconf 89' lang='lat' dir='ltr'><strong>ipse</strong></span> <span class='ocrx_word' id='word_1_353' title='bbox 1586 3342 1716 3390; x_wconf 86' lang='lat' dir='ltr'><strong>Deus,</strong></span> <span class='ocrx_word' id='word_1_354' title='bbox 1735 3342 1799 3383; x_wconf 90' lang='lat' dir='ltr'><strong>ed.</strong></span> <span class='ocrx_word' id='word_1_355' title='bbox 1819 3354 1881 3395; x_wconf 88' lang='lat' dir='ltr'><strong>pr.</strong></span> 
     </span>
     <span class='ocr_line' id='line_1_39' title="bbox 19 3396 1883 3476; baseline -0.011 -19"><span class='ocrx_word' id='word_1_356' title='bbox 19 3419 38 3447; x_wconf 69' lang='grc' dir='ltr'><strong>ἶ</strong></span> <span class='ocrx_word' id='word_1_357' title='bbox 126 3413 145 3439; x_wconf 80' lang='lat'>⁸</span> <span class='ocrx_word' id='word_1_358' title='bbox 171 3411 331 3476; x_wconf 81' lang='lat' dir='ltr'><strong>tamen]</strong></span> <span class='ocrx_word' id='word_1_359' title='bbox 351 3422 446 3452; x_wconf 84' lang='lat' dir='ltr'><strong>cum</strong></span> <span class='ocrx_word' id='word_1_360' title='bbox 479 3410 521 3450; x_wconf 92' lang='lat' dir='ltr'>A</span> <span class='ocrx_word' id='word_1_361' title='bbox 536 3409 572 3449; x_wconf 90' lang='lat' dir='ltr'>B</span> <span class='ocrx_word' id='word_1_362' title='bbox 767 3406 783 3429; x_wconf 80' lang='lat'>⁷</span> <span class='ocrx_word' id='word_1_363' title='bbox 810 3402 1049 3456; x_wconf 86' lang='lat' dir='ltr'><strong>utrobique]</strong></span> <span class='ocrx_word' id='word_1_364' title='bbox 1070 3401 1279 3445; x_wconf 78' lang='lat' dir='ltr'><strong>utrolibet,</strong></span> <span class='ocrx_word' id='word_1_365' title='bbox 1300 3399 1400 3440; x_wconf 89' lang='lat' dir='ltr'><strong>B.C.</strong></span> <span class='ocrx_word' id='word_1_366' title='bbox 1421 3398 1484 3438; x_wconf 87' lang='lat' dir='ltr'><strong>ed.</strong></span> <span class='ocrx_word' id='word_1_367' title='bbox 1503 3411 1566 3451; x_wconf 88' lang='lat' dir='ltr'><strong>pr.</strong></span> <span class='ocrx_word' id='word_1_368' title='bbox 1783 3397 1799 3420; x_wconf 78' lang='lat'>⁸</span> <span class='ocrx_word' id='word_1_369' title='bbox 1828 3396 1883 3436; x_wconf 92' lang='lat' dir='ltr'><strong>Et</strong></span> 
     </span>
    </p>
   </div>
   <div class='ocr_carea' id='block_1_22' title="bbox 126 3437 1884 3568">
    <p class='ocr_par' dir='ltr' id='par_1_22' title="bbox 126 3437 1884 3568">
     <span class='ocr_line' id='line_1_40' title="bbox 126 3437 1882 3560; baseline -0.011 -51"><span class='ocrx_word' id='word_1_370' title='bbox 126 3467 231 3509; x_wconf 79' lang='lat' dir='ltr'><strong>haec</strong></span> <span class='ocrx_word' id='word_1_371' title='bbox 248 3471 355 3507; x_wconf 78' lang='lat' dir='ltr'><strong>ratio</strong></span> <span class='ocrx_word' id='word_1_372' title='bbox 357 3437 584 3560; x_wconf 61' lang='lat' dir='ltr'><strong>Kro’bandi</strong></span> <span class='ocrx_word' id='word_1_373' title='bbox 595 3461 677 3515; x_wconf 90' lang='lat' dir='ltr'><strong>est]</strong></span> <span class='ocrx_word' id='word_1_374' title='bbox 698 3460 803 3524; x_wconf 74' lang='lat' dir='ltr'><strong>ratio</strong></span> <span class='ocrx_word' id='word_1_375' title='bbox 823 3460 926 3522; x_wconf 79' lang='lat' dir='ltr'><strong>haec</strong></span> <span class='ocrx_word' id='word_1_376' title='bbox 944 3456 1161 3511; x_wconf 88' lang='lat' dir='ltr'><strong>probandi,</strong></span> <span class='ocrx_word' id='word_1_377' title='bbox 1182 3455 1245 3495; x_wconf 90' lang='lat' dir='ltr'><strong>ed.</strong></span> <span class='ocrx_word' id='word_1_378' title='bbox 1265 3466 1327 3507; x_wconf 89' lang='lat' dir='ltr'><strong>pr.</strong></span> <span class='ocrx_word' id='word_1_379' title='bbox 1377 3506 1385 3516; x_wconf 88' lang='lat'><em>.</em></span> <span class='ocrx_word' id='word_1_380' title='bbox 1405 3473 1425 3516; x_wconf 77' lang='lat'><strong>&#39;.</strong></span> <span class='ocrx_word' id='word_1_381' title='bbox 1516 3452 1540 3515; x_wconf 78' lang='lat'><strong>,⁹</strong></span> <span class='ocrx_word' id='word_1_382' title='bbox 1555 3449 1882 3515; x_wconf 55' lang='lat' dir='ltr'><strong>commixtione]</strong></span> 
     </span>
     <span class='ocr_line' id='line_1_41' title="bbox 401 3504 1884 3568; baseline -0.009 -8"><span class='ocrx_word' id='word_1_383' title='bbox 401 3548 412 3560; x_wconf 91' lang='lat'><strong>.</strong></span> <span class='ocrx_word' id='word_1_384' title='bbox 614 3517 646 3541; x_wconf 81' lang='lat'><strong>¹⁰</strong></span> <span class='ocrx_word' id='word_1_385' title='bbox 672 3515 797 3568; x_wconf 79' lang='lat' dir='ltr'><strong>allae]</strong></span> <span class='ocrx_word' id='word_1_386' title='bbox 818 3514 991 3566; x_wconf 80' lang='lat' dir='ltr'><strong>aliquae,</strong></span> <span class='ocrx_word' id='word_1_387' title='bbox 1011 3511 1067 3550; x_wconf 93' lang='lat' dir='ltr'><strong>D.</strong></span> <span class='ocrx_word' id='word_1_388' title='bbox 1286 3508 1316 3532; x_wconf 86' lang='lat'><strong>¹¹</strong></span> <span class='ocrx_word' id='word_1_389' title='bbox 1346 3504 1466 3560; x_wconf 82' lang='lat' dir='ltr'><strong>dlclt]</strong></span> <span class='ocrx_word' id='word_1_390' title='bbox 1485 3506 1586 3548; x_wconf 78' lang='lat' dir='ltr'><strong>dicit</strong></span> <span class='ocrx_word' id='word_1_391' title='bbox 1606 3506 1760 3547; x_wconf 87' lang='lat' dir='ltr'><strong>Matth.</strong></span> <span class='ocrx_word' id='word_1_392' title='bbox 1777 3518 1884 3547; x_wconf 75' lang='lat' dir='ltr'><strong>xxvi.</strong></span> 
     </span>
    </p>
   </div>
   <div class='ocr_carea' id='block_1_23' title="bbox 129 3564 1162 3627">
    <p class='ocr_par' dir='ltr' id='par_1_23' title="bbox 129 3564 1162 3627">
     <span class='ocr_line' id='line_1_42' title="bbox 129 3564 1162 3627; baseline -0.014 -10"><span class='ocrx_word' id='word_1_393' title='bbox 129 3575 284 3616; x_wconf 63' lang='grc' dir='ltr'><strong>ΑΒΕ.</strong></span> <span class='ocrx_word' id='word_1_394' title='bbox 304 3573 368 3615; x_wconf 88' lang='lat' dir='ltr'><strong>ed.</strong></span> <span class='ocrx_word' id='word_1_395' title='bbox 389 3586 452 3627; x_wconf 87' lang='lat' dir='ltr'><strong>pr.</strong></span> <span class='ocrx_word' id='word_1_396' title='bbox 616 3569 647 3596; x_wconf 81' lang='lat'><strong>¹²</strong></span> <span class='ocrx_word' id='word_1_397' title='bbox 675 3569 781 3623; x_wconf 86' lang='lat' dir='ltr'><strong>filio]</strong></span> <span class='ocrx_word' id='word_1_398' title='bbox 803 3568 888 3609; x_wconf 87' lang='lat' dir='ltr'><strong>filio</strong></span> <span class='ocrx_word' id='word_1_399' title='bbox 908 3579 997 3613; x_wconf 91' lang='lat' dir='ltr'><strong>suo,</strong></span> <span class='ocrx_word' id='word_1_400' title='bbox 1017 3564 1080 3605; x_wconf 87' lang='lat' dir='ltr'><strong>ed.</strong></span> <span class='ocrx_word' id='word_1_401' title='bbox 1100 3577 1162 3618; x_wconf 89' lang='lat' dir='ltr'><strong>pr.</strong></span> 
     </span>
    </p>
   </div>
  </div>
 </body>
</html>
