2496 4108
162 426 297 457 mun
753 414 1348 467 TRIALOGUS.
2065 435 2167 489 249

166 545 419 609 populum,
444 547 559 596 facit
582 549 767 612 ipsum¹
793 552 1096 600 committere
1121 553 1407 612 idolatriam,
1428 563 1574 618 negat
1599 555 1746 604 fidem
1773 558 1924 619 scrip-

166 634 317 687 turae,
341 636 390 676 et
418 644 507 692 per
538 645 848 693 consequens
879 648 941 679 ex
973 633 1252 683 infidelitate
1286 637 1607 698 multipliciter
1640 638 1702 686 ad
1734 639 1924 686 iracun-

116 704 119 706 ’
165 707 296 763 diam
320 719 551 777 provocat
570 713 829 760 veritatem.
892 713 990 761 Hic
1015 723 1177 762 autem
1195 718 1400 765 breviter
1419 719 1610 766 inculco
1632 722 1922 769 sententiam

165 803 229 841 ex
246 791 526 840 testimonio
550 793 663 840 fidei
687 794 965 856 scripturae.
1024 795 1086 844 Et
1110 798 1268 860 primo
1294 800 1428 861 quod
1453 800 1547 848 hoc
1567 810 1925 849 sacramentum
1986 821 2181 861 Eucharistia·
2196 825 2244 861 cst

167 871 228 920 sit
249 886 430 935 corpus
453 871 632 922 Christi
657 874 707 921 in
731 875 889 923 forma
911 879 1068 939 panis.
1140 879 1204 926 Et
1229 895 1341 926 cum
1365 881 1591 929 haeretici
1617 882 1925 930 adversantes
1985 856 2241 924 ῗῐῗῖῗὶῖξῖῗῖἷὲ·

165 953 327 1002 dicant
353 955 543 1018 singuli,
569 956 703 1018 quod
727 956 820 1004 hoc
846 967 1203 1008 sacramentum
1237 970 1309 1009 est
1343 963 1570 1011 accidens
1597 964 1693 1011 sive
1718 964 1850 1022 nihil,
1877 974 1924 1013 et

164 1051 268 1086 non
290 1045 452 1101 potest
476 1053 583 1086 esse
609 1054 787 1102 corpus
808 1039 1000 1100 Christi,
1019 1042 1130 1089 licet
1155 1059 1332 1106 corpus
1354 1044 1531 1092 Christi
1551 1047 1610 1093 sit
1635 1046 1696 1093 ad
1721 1061 1923 1094 omnem

163 1127 407 1181 punctum
424 1120 476 1167 in
506 1120 616 1183 ipso
651 1122 1006 1181 absconditum,
1031 1125 1343 1172 manifestum
1372 1135 1458 1184 est,
1485 1127 1619 1189 quod
1652 1128 1717 1174 illi
1750 1143 1924 1176 omnes

141 1207 278 1249 ‘sunt
311 1200 468 1248 dolosi
501 1200 728 1249 haeretici
743 1218 756 1262 ;
809 1203 967 1252 dolosi
1001 1205 1125 1264 dico,
1161 1207 1274 1269 quia
1306 1217 1515 1256 noscunt
1549 1211 1923 1258 communitates

160 1279 418 1333 hominum
453 1283 503 1330 in
539 1284 711 1346 maj0ri
748 1294 884 1347 parte
921 1287 989 1335 sic
1027 1288 1237 1346 credere,
1274 1297 1321 1336 et
1357 1290 1542 1348 nolunt,
1581 1291 1803 1338 nesciunt
1842 1300 1924 1339 aut

163 1376 268 1411 non
301 1349 484 1412 audent
519 1364 668 1412 fidem
706 1381 843 1414 suam
878 1368 967 1415 illis
1005 1369 1244 1432 detegere.
1319 1369 1447 1418 Cum
1483 1387 1600 1434 ergo
1641 1372 1761 1420 haec
1800 1373 1922 1420 fides

164 1444 402 1493 catholica
427 1447 488 1494 sit
512 1447 563 1493 in
587 1447 682 1494 fide
709 1449 971 1511 scripturae
995 1458 1095 1497 tam
1121 1451 1281 1513 patule
1307 1462 1597 1514 expressata,
1624 1461 1757 1515 patet
1781 1453 1917 1515 quod

163 1527 404 1576 sententia
433 1528 525 1575 sibi
550 1530 790 1577 contraria
821 1538 895 1577 est
927 1531 1182 1580 manifeste
1215 1533 1471 1581 haeretica.
1545 1534 1693 1593 Quid,
1720 1550 1920 1597 quaeso,

163 1616 237 1656 est
278 1608 420 1656 alicui
458 1610 618 1672 magis
659 1613 955 1659 contrarium
995 1629 1144 1676 quam
1181 1616 1418 1662 sententia
1456 1631 1582 1677 quae
1622 1617 1749 1674 dicit,
1788 1617 1923 1679 quod

161 1689 260 1738 hoc
285 1700 644 1739 sacramentum
669 1701 740 1740 est
766 1695 1174 1742 sacramentaliter
1199 1711 1376 1758 corpus
1397 1696 1586 1755 Christi,
1612 1706 1659 1744 et
1685 1699 1922 1746 sententia

164 1770 256 1819 sibi
293 1773 593 1821 contrarians
629 1789 755 1836 quae
791 1774 919 1833 dicit,
945 1777 1080 1837 quod
1115 1776 1210 1824 hoc
1249 1785 1607 1825 sacramentum
1636 1794 1739 1826 non
1763 1788 1923 1841 potest

163 1867 272 1902 esse
307 1842 571 1916 aliqualiter
605 1870 784 1917 corpus
822 1855 1034 1905 Christi?
1094 1866 1143 1905 et
1178 1873 1277 1920 quo
1321 1859 1384 1906 ad
1427 1859 1694 1907 secundam
1734 1869 1922 1922 partem

159 1931 316 1997 quae²
339 1935 468 1994 dicit,
502 1937 636 1999 quod
668 1937 765 1985 hoc
799 1947 1155 1986 sacramentum
1188 1948 1261 1988 est
1292 1941 1569 1988 naturaliter
1592 1957 1732 1989 verus
1765 1943 1922 2004 panis,

160 2024 209 2064 et
244 2018 482 2065 sententia
517 2018 606 2065 sibi
641 2019 949 2081 pertinaciter
986 2022 1298 2080 contrarians,
1337 2038 1462 2085 quae
1499 2023 1627 2081 dicit,
1659 2024 1795 2085 quod
1827 2024 1922 2071 hoc

163 2106 523 2148 sacramentum
547 2115 650 2148 non
674 2108 834 2163 potest
859 2117 964 2149 esse
1001 2103 1155 2164 paniS,
1183 2119 1295 2150 eum
1321 2105 1380 2151 sit
1412 2105 1640 2152 accidens
1664 2106 1761 2152 sive
1788 2105 1918 2153 nihil.

161 2180 377 2245 Expedit
411 2197 531 2245 ergo
566 2183 887 2232 universalem
922 2185 1177 2232 ecclesiam
1214 2187 1278 2234 ad
1315 2196 1550 2249 punctum
1587 2189 1734 2235 istum
1770 2197 1921 2236 atten-

162 2261 292 2322 dere,
312 2271 360 2312 et
377 2262 538 2312 videre
563 2264 765 2312 sollicite
789 2280 850 2312 ex
870 2265 965 2313 fide
985 2267 1262 2329 scripturae,
1283 2269 1485 2330 qualiter
1509 2278 1582 2317 est
1607 2270 1920 2329 credendum,

161 2345 278 2408 quia
300 2353 486 2394 certum
511 2353 583 2394 est
607 2345 742 2408 quod
764 2347 816 2394 in
841 2349 1094 2410 evangelio
1114 2349 1291 2397 Christi
1315 2350 1520 2412 plenius,
1546 2352 1921 2399 auctoritativius

162 2435 210 2475 et
244 2426 541 2475 moderatius
576 2442 725 2490 quam
761 2429 811 2476 in
848 2428 1078 2478 Romana
1113 2432 1244 2478 curia
1278 2432 1371 2479 ista
1404 2433 1608 2480 materia
1637 2441 1708 2480 est
1742 2433 1918 2480 decisa.

162 2508 281 2571 Ipsa
303 2515 468 2556 tamen
493 2509 624 2556 curia
649 2518 760 2556 ante
789 2511 1082 2558 solutionem
1108 2513 1288 2559 diaboli
1312 2528 1425 2560 cum
1451 2514 1650 2575 antiqua
1683 2516 1921 2562 sententia

162 2589 408 2653 praedicta
430 2590 647 2652 planius³
673 2592 1000 2650 concordavit,
1026 2601 1078 2640 ut
1103 2600 1234 2654 patet
1261 2597 1272 2618 ‘
1289 2593 1366 2641 De
1400 2593 1796 2652 consecratione,'
1823 2595 1919 2642 dis-

162 2672 295 2720 tinct.
332 2672 395 2730 ii.‚
432 2672 659 2734 capitulo,
699 2671 836 2734 ‘Ego
874 2672 1254 2735 Berengarius⁴,'
1292 2683 1339 2722 et
1377 2676 1447 2723 sic
1483 2685 1556 2722 est
1593 2676 1653 2723 de
1690 2677 1938 2724 omnibus

163 2753 342 2802 sanctis
384 2754 678 2812 doctoribus,
722 2754 804 2816 qui
845 2769 999 2816 usque
1043 2755 1106 2802 ad
1154 2755 1447 2803 solutionem
1491 2756 1734 2804 Sathanae
1776 2757 1918 2805 istam

163 2835 415 2883 materiam
438 2842 802 2898 pertractarunt.
874 2836 919 2882 A
944 2845 1165 2899 tempore
1191 2845 1353 2885 autem
1379 2838 1630 2886 solutionis
1662 2837 1939 2898 Sathanae„

163 2917 364 2965 dimissa
386 2917 483 2965 fide
509 2918 769 2979 scripturae
795 2918 976 2965 multae
1001 2918 1225 2967 haereses
1250 2920 1300 2966 in
1325 2920 1415 2967 ista
1438 2921 1654 2978 materia,
1682 2930 1728 2968 et
1762 2922 1917 2983 speci-

163 2999 296 3047 aliter
318 2999 444 3047 inter
472 2998 643 3047 fratres
669 3007 718 3046 et
743 2999 955 3048 discolos
988 3000 1058 3047 eis
1094 3001 1270 3048 similes
1303 3002 1560 3049 volitarunt
1576 3018 1588 3060 ;
1626 3010 1678 3048 ut
1702 3011 1832 3064 patet
1858 3002 1918 3050 de

163 3080 356 3130 duobus
397 3082 636 3130 erroribus
679 3082 977 3144 supradictis.
1068 3082 1260 3131 Fratres
1309 3084 1440 3130 enim
1483 3084 1755 3146 specialiter
1803 3085 1918 3131 istas

163 3163 388 3211 haereses
413 3163 650 3211 sustinent
673 3164 981 3226 pertinaciter
1005 3172 1051 3211 et
1077 3165 1357 3222 defendunt,
1385 3180 1487 3212 non
1514 3166 1670 3213 solum
1695 3166 1918 3228 blasphe-

164 3244 349 3292 mando
384 3230 435 3292 in
469 3243 716 3293 Christum
753 3253 799 3292 et
831 3245 992 3307 legem
1027 3247 1285 3309 scripturae
1321 3262 1449 3303 suae,
1477 3247 1561 3294 sed
1594 3245 1919 3295 diffamando⁵

218 3369 234 3393 ¹
261 3367 416 3421 ipsum]
438 3381 521 3408 om.
542 3367 698 3408 A.B.C.
832 3368 847 3390 ²
877 3367 1000 3419 quae]
1023 3367 1106 3407 sive
1126 3380 1242 3419 quae,
1256 3369 1319 3408 ed.
1340 3382 1426 3429 pr.;
1458 3369 1703 3409 sententiam
1723 3382 1839 3422 quae,
1862 3371 1917 3411 D.

161 3422 179 3447 ⁸
208 3422 391 3476 planius]
412 3421 585 3475 plenius,
606 3422 761 3462 A.B.C.
1047 3421 1063 3444 ⁴
1090 3422 1141 3462 cf.
1165 3423 1327 3475 Corpus
1343 3424 1444 3474 Juris
1465 3424 1581 3470 Can„
1602 3425 1644 3463 in
1665 3425 1784 3465 tertia
1803 3431 1919 3478 parte

163 3477 330 3540 decreti,
349 3477 401 3518 de
420 3477 739 3523 consecratione,
766 3475 1030 3516 distinctione
1049 3476 1103 3523 ii.‚
1130 3476 1201 3516 ubi
1226 3490 1313 3529 cap.
1342 3477 1425 3516 xlii.
1447 3478 1747 3518 confessionem
1768 3479 1914 3520 Beren-

254 3544 282 3572 o
297 3531 527 3572 Turonensi
542 3544 652 3571 anno
669 3541 773 3584 1059
789 3532 1003 3570 obtrusum
1019 3531 1214 3570 continet.
1325 3532 1340 3554 ⁵
1358 3531 1628 3586 diffamando]
1646 3532 1918 3580 defoedando‚

165 3543 302 3632 5:¹¹&
323 3586 537 3631 secundae,
559 3586 607 3625 C.
629 3585 785 3637 primae
804 3597 962 3624 manuS.
