2462 4114
387 426 495 496 380

1069 423 1491 489 JOANNIS
1560 424 1906 474 WJCLJF
2055 394 2058 397 ’
2213 446 2370 474 mm.

626 561 809 608 scelere
841 575 942 607 non
978 560 1206 621 quiescet.
1278 558 1460 606 Dicunt
1496 558 1626 605 enim
1661 557 1796 619 quod
1821 557 2068 606 Christum
2105 566 2370 621 sequuntur

624 643 673 688 in
702 642 796 687 vita
829 641 1112 702 praecipue;
1157 640 1244 687 sed
1277 639 1530 701 quomodo
1563 645 1724 700 potest
1749 636 1982 696 Christus,
2009 639 2091 701 qui
2123 638 2288 707 dilexit
2320 647 2369 686 et

624 721 774 768 oravit
797 735 887 783 pro
922 721 1021 767 suis
1053 720 1271 778 inimicis,
1297 719 1463 767 fideles
1494 719 1600 767 illos
1630 718 1716 766 niti
1749 719 2028 781 extinguere
2052 727 2252 782 propter
2273 719 2369 767 hoc

624 801 756 863 quod
787 801 1008 849 laborant
1041 801 1281 849 caritative
1315 801 1549 863 proficere
1582 799 1812 847 membris
1845 800 1975 848 suis?
2033 800 2093 847 In
2125 800 2220 848 hoc
2251 815 2369 862 ergo

623 882 788 929 fratres
829 882 1084 930 manifeste
1133 882 1410 940 ostendunt,
1454 882 1591 944 cujus
1639 889 1751 929 sunt
1798 881 1880 928 filii
1926 889 1973 929 et
2020 880 2272 944 quomodo
2317 881 2369 928 in

623 962 871 1010 reddendo
896 963 1079 1010 malum
1102 977 1193 1025 pro
1219 964 1354 1010 bono
1379 963 1591 1011 nituntur
1610 962 1857 1024 complere
1877 962 2062 1010 monita
2079 963 2228 1025 patris
2253 961 2366 1010 sui¹.

624 1044 811 1091 Revera
846 1044 970 1091 inter
1004 1045 1171 1091 omnia
1205 1052 1419 1107 peccata,
1447 1059 1570 1106 quae
1602 1059 1818 1105 unquam
1855 1043 2154 1092 consideravi
2191 1043 2251 1091 de
2275 1042 2368 1091 fra-

622 1126 786 1183 tribus,
822 1125 918 1172 hoc
956 1125 1074 1172 mihi
1110 1125 1294 1173 videtur
1329 1125 1462 1173 esse2
1498 1125 1917 1172 sceleratissimum
1953 1133 2153 1187 propter
2189 1125 2366 1172 multa:

622 1207 860 1254 emanavit
885 1206 1015 1253 enim
1039 1207 1223 1268 integre
1248 1222 1307 1254 ex
1333 1206 1554 1254 unicordi
1580 1205 1783 1253 consilio
1809 1213 1856 1253 et
1880 1220 2123 1253 consensu
2147 1205 2367 1253 omnium

621 1288 796 1336 horum
812 1287 1024 1336 fratrum.
1087 1287 1202 1335 Hoc
1222 1288 1352 1334 enim
1371 1287 1529 1350 quod³
1547 1286 1745 1348 quilibet
1764 1301 1980 1334 seorsum
1995 1287 2147 1348 rapiat
2163 1301 2368 1334 uxorem

622 1369 827 1427 alterim,
865 1378 911 1417 et
953 1370 1023 1417 sic
1066 1369 1126 1417 de
1165 1369 1269 1416 aliis
1305 1369 1517 1432 peccatis
1560 1382 1682 1430 quae
1723 1367 2032 1415 committunt
2067 1367 2258 1430 publice
2293 1368 2369 1415 vel

622 1451 817 1514 private,
843 1451 1029 1499 videtur
1053 1465 1159 1499 esse
1184 1457 1440 1513 peccatum
1463 1448 1713 1496 modicum
1738 1462 1836 1511 quo
1861 1447 1925 1496 ad
1947 1447 2088 1496 istud.

1251 1834 1292 1883 C
1303 1835 1408 1883 ΑΡ.
1449 1835 1738 1884 XXXVIII.

722 1965 922 2012 Domini
940 1966 1201 2027 temporales
1225 1966 1447 2028 adjuvare
1469 1965 1622 2013 debent
1633 1966 1882 2027 populares
1904 1971 2062 2012 contra
2065 1965 2273 2029 fratres.
2360 2028 2362 2031 Ι

689 2109 891 2158 Alz'thz'a.
963 2109 1166 2157 Videtur
1207 2110 1324 2157 mihi
1370 2110 1505 2172 quod
1553 2111 1665 2158 satis
1711 2109 1853 2172 plane
1901 2109 2121 2157 detexisti
2168 2107 2368 2156 fratrum

623 2192 839 2239 malitias.
911 2190 1009 2238 Sed
1057 2191 1147 2248 dic,
1191 2205 1328 2253 rogo,
1374 2192 1413 2239 si
1461 2190 1647 2238 domini
1694 2190 1986 2252 temporales
2033 2198 2239 2252 possunt
2285 2198 2368 2237 aut

624 2274 803 2320 debent
830 2272 1047 2319 infimam
1080 2280 1266 2334 partem
1299 2272 1544 2329 ecclesiae,
1572 2271 1867 2334 cujusmodi*
1901 2279 2011 2318 sunt
2044 2279 2263 2318 tenentes
2295 2271 2367 2318 sui

624 2362 671 2401 et
696 2354 771 2401 alii
795 2353 1067 2416 populares,
1091 2354 1254 2415 juvare
1281 2369 1337 2401 ac
1363 2353 1620 2400 defendere
1649 2361 1819 2399 contra
1842 2351 2022 2410 fratres,
2048 2352 2161 2414 quia
2184 2360 2367 2400 certum

623 2435 740 2482 mihi
763 2435 958 2488 videtur,
983 2434 1117 2496 quod
1152 2434 1318 2482 fratres
1354 2442 1466 2482 sunt
1494 2433 1717 2481 haeretici
1753 2441 1799 2480 et
1835 2432 2065 2480 inferunt⁵
2101 2432 2270 2480 saltem
2305 2447 2366 2480 ex

624 2515 971 2563 consuetudine
1019 2530 1214 2562 suorum
1265 2515 1488 2562 ordinum
1537 2515 1966 2562 contradictionem
2020 2528 2118 2576 qua
2163 2508 2368 2562 militarit

623 2605 790 2644 contra
815 2596 1074 2644 Christum.
1146 2595 1253 2643 Nec
1272 2596 1458 2644 videtur
1481 2596 1599 2643 mihi
1624 2595 1877 2658 quomodo
1901 2595 2142 2657 patentius
2165 2603 2367 2658 possent

621 2677 909 2725 haereticare
948 2676 1193 2724 Christum
1229 2685 1276 2724 et
1313 2677 1529 2739 singulos
1567 2676 1866 2724 Christianos
1901 2691 2048 2738 quam
2085 2675 2366 2723 damnando

619 2759 764 2806 istum
789 2758 1040 2806 articulum
1064 2767 1296 2821 tanquam
1321 2759 1559 2806 haeresim
1591 2759 1641 2805 in
1667 2773 1755 2806 suo
1780 2758 2002 2815 concilio,
2029 2757 2208 2805 scilicet
2231 2756 2366 2819 quod

620 2840 852 2902 speciales
893 2841 1136 2887 orationes
1177 2840 1446 2902 applicatae
1486 2840 1571 2887 uni
1611 2854 1848 2902 personae
1890 2854 1977 2901 per
2017 2839 2256 2900 praelatos
2291 2837 2366 2886 vel

618 2921 870 2982 religiosos
906 2935 1008 2967 non
1043 2921 1150 2982 plus
1185 2929 1390 2983 prosunt
1426 2918 1622 2979 eidem⁶,
1656 2935 1803 2982 quam
1837 2919 2088 2982 generales
2121 2919 2365 2966 orationes

617 3001 776 3048 eidem
812 3016 1049 3063 personae
1060 3001 1091 3059 ⁷,
1129 3002 1298 3049 ceteris
1332 3002 1540 3063 paribus.
1612 3001 1743 3048 Nam
1777 3016 1838 3048 ex
1873 3000 1968 3048 fide
2003 3007 2052 3047 et
2087 3000 2364 3047 auctoritate

618 3080 795 3129 Christi
827 3082 1082 3140 credimus,
1116 3082 1251 3144 quod
1282 3082 1435 3129 oratio
1469 3081 1744 3139 Dominica,
1772 3081 1832 3129 de
1865 3096 1962 3143 qua
1985 3080 2159 3128 Matth.
2184 3081 2257 3139 vi„
2292 3090 2365 3129 est

615 3163 762 3225 longe
809 3163 979 3210 melior
1025 3178 1174 3225 quam
1221 3162 1336 3211 alia⁸
1383 3163 1540 3211 oratio
1589 3162 1835 3224 specialis3
1894 3169 1943 3209 et
1997 3162 2066 3210 sic
2119 3162 2362 3210 credimus

671 3333 683 3354 ¹
714 3332 764 3371 ef.
785 3333 880 3385 Joh.
900 3332 982 3372 viii.
999 3344 1065 3383 44.
1259 3332 1274 3354 ²
1303 3331 1410 3383 esse]
1432 3331 1566 3378 fuisse,
1589 3331 1689 3370 ΑΒ.
1712 3344 1792 3371 om.
1820 3330 1868 3371 C.
2063 3330 2078 3354 ³
2107 3330 2235 3382 quod]
2255 3330 2365 3377 ideo,

616 3386 678 3424 ed.
701 3399 763 3438 pr.
929 3385 943 3409 4
971 3385 1217 3437 eujusmodi]
1240 3385 1366 3438 cujus,
1384 3386 1483 3425 B.C.
1505 3386 1567 3426 ed.
1589 3399 1650 3438 pr.
1833 3385 1848 3408 ⁶
1875 3383 2072 3436 inferunt]
2092 3384 2293 3430 differunt,
2314 3385 2363 3424 B.

616 3440 771 3490 primae
792 3453 949 3487 manus,
970 3441 1022 3478 A.
1040 3454 1048 3485 ;
1080 3440 1281 3486 deserunt,
1303 3440 1366 3479 ed.
1387 3453 1448 3492 pr.
1659 3439 1674 3461 ⁶
1703 3438 1854 3491 eidem]
1876 3439 2005 3478 eidem
2025 3451 2236 3490 personae,
2256 3438 2363 3478 C.D.

617 3493 678 3584 eg.
701 3507 759 3544 pr.
983 3494 999 3516 ⁷
1028 3494 1233 3533 orationes
1254 3494 1385 3534 eidem
1405 3493 1620 3546 personae]
1645 3506 1727 3533 om.
1749 3493 1850 3532 A.B.
2056 3492 2071 3515 ⁸
2099 3491 2199 3544 alia]
2219 3491 2365 3544 aliqua,

616 3558 637 3584 e
670 3576 678 3584 .
700 3560 759 3597 pr.
