2436 4094
140 451 276 482 cana
705 435 1300 486 TRIALOGUS.

2041 446 2142 501 149

142 569 333 619 horale¹
373 579 422 619 et
461 578 718 634 peccatum
755 570 921 619 horale
962 571 1186 634 praesciti
1220 579 1333 619 sunt
1368 570 1609 619 infinitum
1646 570 1901 634 dispariter
1960 581 2091 620 Peccata
2104 589 2191 615 prae-

141 651 403 716 punienda‚
437 667 552 700 cum
583 653 807 715 primum,
834 652 924 701 etsi
954 653 1170 700 videatur
1201 653 1392 715 gravius
1426 668 1524 716 quo
1560 653 1622 700 ad
1654 643 1827 714 genus,
1853 660 1901 700 et

1959 615 2182 654 destinatorum

1961 653 1991 676 et
2000 653 2190 683 praescitor-u

1961 690 2156 723 summopere

142 733 426 792 secundum,
462 734 575 782 licet
608 733 850 782 videatur²
883 734 1032 782 levius
1067 749 1166 797 quo
1203 734 1264 781 ad
1300 750 1470 797 genus,
1495 734 1678 782 habent
1711 734 1903 781 tamen-⁹»
1959 716 2116 745 macrum.

144 812 534 864 convenientias⁴
567 815 783 878 dispares
815 830 845 863 a
876 816 974 864 suis
1007 816 1181 864 finibus
1214 816 1450 864 limitatas
1524 815 1669 863 Unde
1703 831 1805 863 non
1830 816 1902 863 in-

142 896 331 959 telligas
355 897 426 968 sic
449 912 666 954 erronee,
687 896 822 959 quod
846 912 946 944 una
969 912 1080 959 pars
1106 897 1421 959 quantitativa
1445 897 1659 960 peccati⁶
1678 897 1903 959 praesciti

142 978 206 1026 sit
232 992 394 1041 poena
425 975 648 1041 propria⁶
673 978 922 1040 punienda
945 986 994 1025 et
1019 978 1110 1026 alia
1142 994 1304 1041 poena
1327 980 1537 1041 propria,
1563 979 1638 1026 vel
1668 978 1904 1026 intensive

142 1059 218 1108 vel
237 1059 569 1123 temporaliter
591 1059 936 1117 mensurando,
963 1059 1050 1108 sed
1083 1060 1250 1108 omnia
1273 1067 1477 1122 peccata
1508 1061 1732 1122 praesciti
1763 1059 1904 1107 simul

141 1148 259 1190 sunt
279 1155 380 1188 una
400 1155 564 1204 poena
586 1148 821 1204 perpetua
843 1141 1105 1203 punienda.
1176 1141 1239 1189 Et
1259 1142 1326 1189 sic
1353 1150 1610 1204 peccatum
1631 1139 1795 1188 Saulis
1818 1139 1906 1188 fuit

102 1207 110 1214 ’
143 1221 384 1271 infinitum
414 1222 607 1285 gravius
638 1237 738 1284 quo
771 1222 834 1270 ad
867 1237 1095 1285 poenam,
1125 1237 1273 1285 quarn
1306 1230 1563 1284 peccatum
1587 1221 1768 1280 David,
1796 1222 1907 1269 licet

135 1303 359 1353 videatur
387 1302 562 1352 David
587 1311 757 1352 contra
795 1303 963 1351 Uriam
994 1304 1102 1366 plus
1134 1304 1396 1366 proditorie
1430 1311 1478 1351 et
1509 1305 1700 1366 gravius
1732 1319 1906 1366 pecca-

144 1387 285 1444 visse,
310 1400 425 1434 cum
455 1393 660 1448 peccato
684 1384 845 1433 David
870 1385 1098 1448 adjuncta
1121 1384 1235 1433 fuit⁷
1258 1384 1580 1448 poenitentia⁸
1606 1400 1730 1447 quae
1756 1384 1906 1432 defuit

145 1467 197 1516 in
232 1466 390 1515 Saule.
459 1467 523 1515 Et
563 1468 634 1515 sic
668 1474 890 1515 taxantes
924 1475 1243 1529 peccatorum
1279 1467 1592 1529 gravedinem
1636 1466 1905 1514 secundum

144 1549 464 1613 quantitatem
488 1545 754 1612 pecuniae⁹
779 1548 1079 1611 spofiandae,
1105 1544 1333 1610 ignorant
1356 1563 1503 1596 voces
1535 1548 1768 1610 proprias,
1794 1562 1907 1595 cum

145 1645 296 1679 nemo
321 1631 413 1679 nisi
445 1630 567 1678 forte
601 1630 890 1678 certificatus
922 1646 1009 1693 per
1041 1630 1385 1677 revelationem
1419 1636 1701 1691 cognoscat,
1729 1630 1767 1677 si
1793 1644 1907 1692 pec-

143 1721 309 1761 catum
333 1727 394 1760 ex
411 1711 507 1760 Dei
529 1712 684 1775 gratia
706 1719 755 1759 et
779 1711 1106 1760 satisfactione
1131 1712 1294 1759 debita
1312 1711 1591 1759 remittetur.
1663 1711 1727 1759 Et
1752 1712 1821 1759 sic
1848 1710 1907 1758 de

145 1794 358 1856 peccatis
404 1794 672 1856 praeteritis
718 1801 1034 1856 peccatorum
1083 1793 1406 1855 superstitum,
1457 1793 1580 1840 sicut
1627 1793 1909 1855 ignoramus

146 1875 285 1934 fines,
309 1876 378 1924 sic
401 1889 573 1923 eorum
595 1875 881 1937 gravedines
911 1883 959 1922 et
982 1889 1170 1937 poenas
1195 1874 1541 1922 rationabiliter
1564 1873 1909 1936 injungendas.

145 1956 414 2006 Possumus
444 1964 610 2005 tamen
638 1958 891 2021 injungere
924 1958 1247 2020 poenitentias
1283 1958 1357 2005 vel
1391 1972 1580 2020 poenas
1617 1955 1912 2005 occasioni¹⁰

147 2039 333 2103 peccati
355 2039 621 2102 oppositas,
647 2047 696 2087 et
720 2055 750 2087 3
772 2040 986 2102 peccatis
1017 2039 1296 2102 hujusmodi
1330 2039 1642 2087 distractivas.
1714 2037 1914 2096 Quanta

144 2129 310 2170 autem
344 2122 490 2171 debet
523 2138 630 2172 esse
665 2139 829 2187 poena
862 2125 914 2172 in
948 2124 1208 2186 gravedine
1245 2124 1319 2171 vel
1356 2125 1590 2186 temporis
1627 2123 1910 2186 quantitate,

145 2202 336 2266 ignorat
370 2205 516 2253 etiarn
551 2220 694 2268 papa.
775 2205 912 2265 Ideo,
948 2215 1002 2254 ut
1037 2207 1197 2255 dicam
1232 2206 1445 2264 inferius,
1482 2207 1643 2254 omnis
1685 2213 1914 2268 peccator

147 2293 394 2348 superstes
418 2286 563 2336 debet
587 2287 649 2336 de
679 2288 1012 2336 misericordia
1035 2288 1129 2336 Dei
1154 2288 1416 2346 confidere,
1441 2295 1489 2336 et
1522 2288 1816 2336 deletionem
1842 2288 1913 2336 sui

149 2368 365 2416 criminis
400 2383 610 2432 sperare,
634 2378 682 2418 et
717 2370 786 2418 sic
821 2379 1059 2432 quantum
1095 2370 1268 2418 sufficit
1305 2387 1334 2418 a
1368 2378 1574 2432 peccato
1613 2370 1841 2418 desistere
1867 2377 1916 2416 et

147 2448 339 2496 bonum
374 2448 547 2509 facere,
589 2451 728 2514 juxta
768 2451 883 2499 illud
925 2450 1171 2513 psalmi1¹:
1227 2450 1460 2498 ‘Declina
1502 2466 1531 2499 a
1571 2451 1702 2499 malo
1747 2459 1794 2498 et
1836 2450 1914 2499 fac

64 2536 66 2538 ’
148 2529 391 2589 bonum3'
436 2530 587 2579 talis¹²
621 2533 754 2579 enim
790 2531 1030 2580 desiderat
1071 2532 1121 2579 in
1164 2532 1319 2594 patria
1353 2531 1513 2579 videre
1549 2531 1654 2580 dies
1695 2532 1914 2580 bonos¹³.

150 2610 215 2659 Et
245 2619 378 2674 patet
409 2613 546 2674 q'uod
576 2613 919 2676 proportiones
953 2610 1292 2661 dimissionis¹⁴
1325 2629 1610 2675 poenarum,
1645 2614 1915 2661 secundum

150 2693 341 2741 tertiam
376 2701 579 2756 partem,
616 2702 838 2756 quartam
874 2702 923 2741 et
957 2694 1027 2742 sic
1063 2694 1123 2741 de
1161 2694 1278 2751 aliis,
1316 2702 1428 2741 sunt
1465 2694 1653 2742 fabulae
1691 2694 1915 2741 haeretici

150 2775 346 2824 idiotae.
435 2774 555 2823 Non
600 2783 764 2823 tamen
811 2775 997 2823 videtur
1044 2775 1178 2832 mihi,
1231 2775 1367 2838 quod
1413 2775 1612 2837 aliquod
1659 2783 1937 2838 peccatumx

152 2857 338 2906 dictum
363 2857 566 2905 mortale
599 2857 649 2905 in
681 2856 880 2905 homine
914 2856 1158 2904 fructuose
1193 2857 1396 2903 finaliter
1419 2858 1700 2919 poenitente
1728 2857 1786 2905 sit
1812 2858 1916 2919 dig-

154 2952 276 2988 num
300 2953 464 3001 poena
485 2947 735 3002 perpetua,
761 2939 888 3001 quia,
915 2938 955 2986 si
966 2937 1001 2964 ¹⁶
1026 2937 1162 2986 Deus
1197 2938 1407 2986 decrevit
1439 2939 1692 2996 remittere,
1719 2954 1821 2986 non
1846 2948 1919 2988 est

0 3009 26 3097 ζ
70 3045 74 3051 ·
153 3020 350 3069 taliter¹⁸
373 3021 691 3084 puniendum,
718 3029 766 3069 et
792 3021 996 3083 dignum
1021 3029 1109 3079 est,
1146 3020 1280 3083 quod
1305 3021 1634 3083 omniquaque
1660 3029 1752 3069 stat
1777 3037 1917 3069 suum

150 3102 399 3167 judicium.
470 3102 579 3151 Nec
612 3103 773 3167 placet
805 3103 921 3150 mihi
957 3103 1243 3161 concedere,
1270 3103 1405 3165 quod
1437 3103 1532 3151 hoc
1567 3111 1824 3164 peccatum
1859 3104 1919 3151 sit

209 3224 227 3249 ¹
254 3223 416 3278 horale]
437 3225 627 3271 annuale,
647 3226 696 3266 C.
718 3226 922 3266 secundae
942 3237 1100 3270 manus,
1121 3225 1184 3264 ed.
1205 3238 1265 3277 pr.
1389 3224 1404 3246 ²
1433 3223 1636 3275 videatur]
1659 3237 1742 3263 om.
1764 3224 1918 3264 A.B.C.

153 3279 169 3303 ³
198 3279 357 3331 tamen]
339 3279 461 3331 ]om.
478 3280 534 3319 D.
556 3281 619 3321 ed.
640 3294 701 3333 pr.
924 3279 938 3302 ⁴
966 3279 1290 3357 convenientias]
1315 3278 1749 3372 conctomitgntiaisthg.
1760 3278 1918 3372 Sang-

153 3333 377 3442 Jeccati]
397 3335 781 3450 οξῃίιξὶξείξάΑΡΒ.
786 3389 835 3428 C.
966 3334 1628 3440 ⁸poggglggltssfssglgfigaARE⁰
1757 3387 1772 3410 ⁹
1801 3363 1921 3439 pecu³

226 3441 582 3495 epoenitentiae,
602 3443 665 3483 ed.
687 3457 748 3497 pr.
950 3443 980 3466 ¹⁰
1009 3442 1071 3483 vel
1093 3455 1246 3494 poenas
1267 3441 1492 3493 occasioni]
1515 3441 1742 3487 occasione,
1764 3442 1917 3482 A.B.C.

258 3497 356 3536 .Ps.
375 3496 508 3538 xxxiv.
533 3507 593 3546 15.
761 3498 791 3521 ¹²
821 3497 934 3548 talis]
957 3503 1067 3542 tunc,
1090 3497 1141 3536 D.
1159 3496 1221 3572 eid.
1243 3509 1304 3548 pr.
1485 3495 1513 3518 ¹³
1542 3495 1592 3535 cf.
1616 3496 1680 3536 Ps.
1702 3496 1831 3536 xxxiv.
1857 3507 1918 3546 13.

156 3550 186 3575 ¹⁴
157 3496 482 3614 ¹²dimissionis]
504 3551 726 3598 divisionis,
749 3553 795 3592 B.
800 3553 848 3593 C.
853 3552 906 3592 D.
928 3552 990 3592 ed.
1006 3565 1066 3604 pr.
1182 3550 1290 3602 ¹⁵si]
1315 3549 1436 3603 quod,
1451 3550 1512 3590 ed.
1531 3564 1591 3602 pr.
1704 3551 1733 3575 ¹⁶
1763 3550 1917 3603 taliter]

155 3604 288 3651 aliter,
310 3605 358 3645 B.
377 3605 439 3646 ed.
461 3609 523 3658 pr.
