<?xml version="1.0" encoding="UTF-8"?>
<!DOCTYPE html PUBLIC "-//W3C//DTD XHTML 1.0 Transitional//EN"
    "http://www.w3.org/TR/xhtml1/DTD/xhtml1-transitional.dtd">
<html xmlns="http://www.w3.org/1999/xhtml" xml:lang="en" lang="en">
 <head>
  <title>
</title>
<meta http-equiv="Content-Type" content="text/html;charset=utf-8" />
  <meta name='ocr-system' content='tesseract 3.04.00' />
  <meta name='ocr-capabilities' content='ocr_page ocr_carea ocr_par ocr_line ocrx_word'/>
</head>
<body>
  <div class='ocr_page' id='page_1' title='image "./trialoguscumsupp00wycluoft_0203.png"; bbox 0 0 2436 4094; ppageno 0'>
   <div class='ocr_carea' id='block_1_1' title="bbox 135 409 2119 490">
    <p class='ocr_par' dir='ltr' id='par_1_1' title="bbox 135 409 2119 490">
     <span class='ocr_line' id='line_1_1' title="bbox 135 409 2119 490; baseline 0.007 -34"><span class='ocrx_word' id='word_1_1' title='bbox 135 425 288 458; x_wconf 62' lang='lat' dir='ltr'><strong>canza.</strong></span> <span class='ocrx_word' id='word_1_2' title='bbox 728 409 1294 463; x_wconf 84' lang='lat' dir='ltr'><strong>TRIALOG&#39;US.</strong></span> <span class='ocrx_word' id='word_1_3' title='bbox 2022 433 2119 490; x_wconf 92' lang='lat'><strong>191</strong></span> 
     </span>
    </p>
   </div>
   <div class='ocr_carea' id='block_1_2' title="bbox 0 541 1893 3148">
    <p class='ocr_par' dir='ltr' id='par_1_2' title="bbox 0 541 1893 2764">
     <span class='ocr_line' id='line_1_2' title="bbox 126 541 1884 610; baseline 0.003 -20"><span class='ocrx_word' id='word_1_4' title='bbox 126 541 262 604; x_wconf 92' lang='lat' dir='ltr'><strong>quod</strong></span> <span class='ocrx_word' id='word_1_5' title='bbox 284 542 553 592; x_wconf 86' lang='lat' dir='ltr'><strong>innaturale</strong></span> <span class='ocrx_word' id='word_1_6' title='bbox 577 552 664 604; x_wconf 88' lang='lat' dir='ltr'><strong>est,</strong></span> <span class='ocrx_word' id='word_1_7' title='bbox 688 545 822 609; x_wconf 90' lang='lat' dir='ltr'><strong>quod</strong></span> <span class='ocrx_word' id='word_1_8' title='bbox 846 561 986 600; x_wconf 90' lang='lat' dir='ltr'><strong>mens</strong></span> <span class='ocrx_word' id='word_1_9' title='bbox 1010 545 1224 594; x_wconf 89' lang='lat' dir='ltr'><strong>hominis</strong></span> <span class='ocrx_word' id='word_1_10' title='bbox 1249 545 1534 610; x_wconf 88' lang='lat' dir='ltr'><strong>temporalia</strong></span> <span class='ocrx_word' id='word_1_11' title='bbox 1565 545 1633 595; x_wconf 91' lang='lat' dir='ltr'><strong>sic</strong></span> <span class='ocrx_word' id='word_1_12' title='bbox 1673 545 1884 595; x_wconf 87' lang='lat' dir='ltr'><strong>indebite</strong></span> 
     </span>
     <span class='ocr_line' id='line_1_3' title="bbox 130 624 1886 692; baseline 0.002 -20"><span class='ocrx_word' id='word_1_13' title='bbox 130 624 458 687; x_wconf 86' lang='lat' dir='ltr'><strong>concupiscat.</strong></span> <span class='ocrx_word' id='word_1_14' title='bbox 528 626 593 674; x_wconf 92' lang='lat' dir='ltr'><strong>Et</strong></span> <span class='ocrx_word' id='word_1_15' title='bbox 626 626 748 675; x_wconf 89' lang='lat' dir='ltr'><strong>haec</strong></span> <span class='ocrx_word' id='word_1_16' title='bbox 783 628 905 675; x_wconf 90' lang='lat' dir='ltr'><strong>ratio</strong></span> <span class='ocrx_word' id='word_1_17' title='bbox 947 627 1144 690; x_wconf 90' lang='lat' dir='ltr'><strong>ponitur</strong></span> <span class='ocrx_word' id='word_1_18' title='bbox 1180 629 1514 687; x_wconf 90' lang='lat' dir='ltr'><strong>communiter,</strong></span> <span class='ocrx_word' id='word_1_19' title='bbox 1552 644 1700 692; x_wconf 90' lang='lat' dir='ltr'><strong>quare</strong></span> <span class='ocrx_word' id='word_1_20' title='bbox 1737 643 1886 692; x_wconf 90' lang='lat' dir='ltr'><strong>appe-</strong></span> 
     </span>
     <span class='ocr_line' id='line_1_4' title="bbox 129 706 1887 773; baseline 0.003 -19"><span class='ocrx_word' id='word_1_21' title='bbox 129 706 246 755; x_wconf 90' lang='lat' dir='ltr'><strong>titus</strong></span> <span class='ocrx_word' id='word_1_22' title='bbox 281 707 409 755; x_wconf 88' lang='lat' dir='ltr'><strong>avari</strong></span> <span class='ocrx_word' id='word_1_23' title='bbox 444 715 518 756; x_wconf 91' lang='lat' dir='ltr'><strong>est</strong></span> <span class='ocrx_word' id='word_1_24' title='bbox 541 708 820 757; x_wconf 89' lang='lat' dir='ltr'><strong>insatiabilis</strong></span> <span class='ocrx_word' id='word_1_25' title='bbox 850 717 1082 771; x_wconf 86' lang='lat' dir='ltr'><strong>tanquam</strong></span> <span class='ocrx_word' id='word_1_26' title='bbox 1120 708 1412 772; x_wconf 84' lang='lat' dir='ltr'><strong>hydropici¹‚</strong></span> <span class='ocrx_word' id='word_1_27' title='bbox 1439 726 1551 759; x_wconf 89' lang='lat' dir='ltr'><strong>cum</strong></span> <span class='ocrx_word' id='word_1_28' title='bbox 1587 726 1691 758; x_wconf 92' lang='lat' dir='ltr'><strong>non</strong></span> <span class='ocrx_word' id='word_1_29' title='bbox 1727 719 1887 773; x_wconf 88' lang='lat' dir='ltr'><strong>potest</strong></span> 
     </span>
     <span class='ocr_line' id='line_1_5' title="bbox 130 786 1888 855; baseline 0.002 -19"><span class='ocrx_word' id='word_1_30' title='bbox 130 786 183 836; x_wconf 87' lang='lat' dir='ltr'><strong>in</strong></span> <span class='ocrx_word' id='word_1_31' title='bbox 206 787 518 851; x_wconf 86' lang='lat' dir='ltr'><strong>possessione</strong></span> <span class='ocrx_word' id='word_1_32' title='bbox 537 804 772 838; x_wconf 90' lang='lat' dir='ltr'><strong>vanorum</strong></span> <span class='ocrx_word' id='word_1_33' title='bbox 791 789 1129 853; x_wconf 85' lang='lat' dir='ltr'><strong>temporalium</strong></span> <span class='ocrx_word' id='word_1_34' title='bbox 1149 792 1322 850; x_wconf 86' lang='lat' dir='ltr'><strong>satiari,</strong></span> <span class='ocrx_word' id='word_1_35' title='bbox 1343 792 1431 840; x_wconf 89' lang='lat' dir='ltr'><strong>sed</strong></span> <span class='ocrx_word' id='word_1_36' title='bbox 1457 801 1888 855; x_wconf 86' lang='lat' dir='ltr'><strong>quantumcunque</strong></span> 
     </span>
     <span class='ocr_line' id='line_1_6' title="bbox 131 868 1886 935; baseline 0.001 -17"><span class='ocrx_word' id='word_1_37' title='bbox 131 868 194 918; x_wconf 89' lang='lat' dir='ltr'><strong>de</strong></span> <span class='ocrx_word' id='word_1_38' title='bbox 218 868 308 918; x_wconf 90' lang='lat' dir='ltr'><strong>illis</strong></span> <span class='ocrx_word' id='word_1_39' title='bbox 329 868 563 928; x_wconf 88' lang='lat' dir='ltr'><strong>habuerit,</strong></span> <span class='ocrx_word' id='word_1_40' title='bbox 584 873 767 933; x_wconf 89' lang='lat' dir='ltr'><strong>appetit</strong></span> <span class='ocrx_word' id='word_1_41' title='bbox 790 873 976 920; x_wconf 90' lang='lat' dir='ltr'><strong>bonum</strong></span> <span class='ocrx_word' id='word_1_42' title='bbox 1002 870 1240 919; x_wconf 90' lang='lat' dir='ltr'><strong>infinitum</strong></span> <span class='ocrx_word' id='word_1_43' title='bbox 1267 874 1487 935; x_wconf 87' lang='lat' dir='ltr'><strong>superius</strong></span> <span class='ocrx_word' id='word_1_44' title='bbox 1497 871 1528 932; x_wconf 80' lang='lat'><strong>2,</strong></span> <span class='ocrx_word' id='word_1_45' title='bbox 1549 874 1711 922; x_wconf 91' lang='lat' dir='ltr'><strong>Deum</strong></span> <span class='ocrx_word' id='word_1_46' title='bbox 1731 889 1886 922; x_wconf 89' lang='lat' dir='ltr'><strong>suum.</strong></span> 
     </span>
     <span class='ocr_line' id='line_1_7' title="bbox 131 950 1889 1018; baseline 0.001 -18"><span class='ocrx_word' id='word_1_47' title='bbox 131 951 256 1001; x_wconf 91' lang='lat' dir='ltr'><strong>Ideo</strong></span> <span class='ocrx_word' id='word_1_48' title='bbox 280 950 396 1000; x_wconf 89' lang='lat' dir='ltr'><strong>dicit</strong></span> <span class='ocrx_word' id='word_1_49' title='bbox 418 950 743 1015; x_wconf 82' lang='lat' dir='ltr'><strong>Augustinus:</strong></span> <span class='ocrx_word' id='word_1_50' title='bbox 782 957 794 979; x_wconf 86' lang='lat'>‘</span> <span class='ocrx_word' id='word_1_51' title='bbox 811 953 983 1002; x_wconf 86' lang='lat' dir='ltr'><strong>creasti</strong></span> <span class='ocrx_word' id='word_1_52' title='bbox 1006 968 1100 1010; x_wconf 89' lang='lat' dir='ltr'><strong>me,</strong></span> <span class='ocrx_word' id='word_1_53' title='bbox 1127 953 1355 1013; x_wconf 90' lang='lat' dir='ltr'><strong>Domine,</strong></span> <span class='ocrx_word' id='word_1_54' title='bbox 1382 955 1445 1003; x_wconf 91' lang='lat' dir='ltr'><strong>ad</strong></span> <span class='ocrx_word' id='word_1_55' title='bbox 1469 963 1530 1013; x_wconf 90' lang='lat' dir='ltr'><strong>te,</strong></span> <span class='ocrx_word' id='word_1_56' title='bbox 1556 964 1604 1004; x_wconf 91' lang='lat' dir='ltr'><strong>et</strong></span> <span class='ocrx_word' id='word_1_57' title='bbox 1621 956 1889 1018; x_wconf 91' lang='lat' dir='ltr'><strong>inquietum</strong></span> 
     </span>
     <span class='ocr_line' id='line_1_8' title="bbox 131 1034 1889 1099; baseline 0.001 -16"><span class='ocrx_word' id='word_1_58' title='bbox 131 1041 206 1083; x_wconf 88' lang='lat' dir='ltr'><strong>est</strong></span> <span class='ocrx_word' id='word_1_59' title='bbox 250 1047 337 1083; x_wconf 87' lang='lat' dir='ltr'><strong>cor</strong></span> <span class='ocrx_word' id='word_1_60' title='bbox 380 1048 548 1082; x_wconf 89' lang='lat' dir='ltr'><strong>meum</strong></span> <span class='ocrx_word' id='word_1_61' title='bbox 595 1034 754 1083; x_wconf 90' lang='lat' dir='ltr'><strong>donec</strong></span> <span class='ocrx_word' id='word_1_62' title='bbox 801 1037 1071 1098; x_wconf 87' lang='lat' dir='ltr'><strong>requiescat</strong></span> <span class='ocrx_word' id='word_1_63' title='bbox 1118 1035 1168 1081; x_wconf 90' lang='lat' dir='ltr'><strong>in</strong></span> <span class='ocrx_word' id='word_1_64' title='bbox 1216 1035 1315 1083; x_wconf 79' lang='lat' dir='ltr'><strong>te³.’</strong></span> <span class='ocrx_word' id='word_1_65' title='bbox 1390 1034 1498 1084; x_wconf 91' lang='lat' dir='ltr'><strong>Nec</strong></span> <span class='ocrx_word' id='word_1_66' title='bbox 1545 1045 1619 1084; x_wconf 89' lang='lat' dir='ltr'><strong>est</strong></span> <span class='ocrx_word' id='word_1_67' title='bbox 1659 1036 1889 1099; x_wconf 90' lang='lat' dir='ltr'><strong>possibile</strong></span> 
     </span>
     <span class='ocr_line' id='line_1_9' title="bbox 131 1115 1890 1183; baseline -0.001 -17"><span class='ocrx_word' id='word_1_68' title='bbox 131 1124 245 1166; x_wconf 83' lang='lat' dir='ltr'><strong>ante</strong></span> <span class='ocrx_word' id='word_1_69' title='bbox 268 1115 364 1165; x_wconf 91' lang='lat' dir='ltr'><strong>hoc</strong></span> <span class='ocrx_word' id='word_1_70' title='bbox 388 1116 602 1166; x_wconf 90' lang='lat' dir='ltr'><strong>animam</strong></span> <span class='ocrx_word' id='word_1_71' title='bbox 633 1117 806 1176; x_wconf 89' lang='lat' dir='ltr'><strong>satiari,</strong></span> <span class='ocrx_word' id='word_1_72' title='bbox 832 1118 944 1166; x_wconf 92' lang='lat' dir='ltr'><strong>ideo</strong></span> <span class='ocrx_word' id='word_1_73' title='bbox 969 1119 1019 1166; x_wconf 90' lang='lat' dir='ltr'><strong>in</strong></span> <span class='ocrx_word' id='word_1_74' title='bbox 1051 1119 1243 1183; x_wconf 87' lang='lat' dir='ltr'><strong>psalmo</strong></span> <span class='ocrx_word' id='word_1_75' title='bbox 1277 1118 1475 1166; x_wconf 89' lang='lat' dir='ltr'><strong>dicitur:</strong></span> <span class='ocrx_word' id='word_1_76' title='bbox 1515 1122 1526 1143; x_wconf 91' lang='lat'>‘</span> <span class='ocrx_word' id='word_1_77' title='bbox 1545 1119 1754 1166; x_wconf 88' lang='lat' dir='ltr'><strong>satiabor</strong></span> <span class='ocrx_word' id='word_1_78' title='bbox 1778 1133 1890 1166; x_wconf 91' lang='lat' dir='ltr'><strong>cum</strong></span> 
     </span>
     <span class='ocr_line' id='line_1_10' title="bbox 131 1195 1890 1264; baseline -0.001 -17"><span class='ocrx_word' id='word_1_79' title='bbox 131 1195 407 1262; x_wconf 88' lang='lat' dir='ltr'><strong>apparuerit</strong></span> <span class='ocrx_word' id='word_1_80' title='bbox 429 1197 582 1260; x_wconf 89' lang='lat' dir='ltr'><strong>gloria</strong></span> <span class='ocrx_word' id='word_1_81' title='bbox 604 1199 739 1248; x_wconf 47' lang='lat' dir='ltr'><strong>tua&amp;</strong></span> <span class='ocrx_word' id='word_1_82' title='bbox 812 1199 954 1258; x_wconf 90' lang='lat' dir='ltr'><strong>Cum,</strong></span> <span class='ocrx_word' id='word_1_83' title='bbox 981 1202 1202 1264; x_wconf 89' lang='lat' dir='ltr'><strong>inquiunt</strong></span> <span class='ocrx_word' id='word_1_84' title='bbox 1228 1201 1468 1257; x_wconf 90' lang='lat' dir='ltr'><strong>doctores,</strong></span> <span class='ocrx_word' id='word_1_85' title='bbox 1495 1199 1658 1247; x_wconf 91' lang='lat' dir='ltr'><strong>anima</strong></span> <span class='ocrx_word' id='word_1_86' title='bbox 1675 1199 1890 1247; x_wconf 90' lang='lat' dir='ltr'><strong>humana</strong></span> 
     </span>
     <span class='ocr_line' id='line_1_11' title="bbox 131 1279 1892 1346; baseline -0.002 -16"><span class='ocrx_word' id='word_1_87' title='bbox 131 1281 193 1330; x_wconf 89' lang='lat' dir='ltr'><strong>sit</strong></span> <span class='ocrx_word' id='word_1_88' title='bbox 228 1279 480 1328; x_wconf 88' lang='lat' dir='ltr'><strong>sublimior</strong></span> <span class='ocrx_word' id='word_1_89' title='bbox 515 1289 563 1329; x_wconf 92' lang='lat' dir='ltr'><strong>et</strong></span> <span class='ocrx_word' id='word_1_90' title='bbox 597 1282 764 1344; x_wconf 89' lang='lat' dir='ltr'><strong>purior</strong></span> <span class='ocrx_word' id='word_1_91' title='bbox 800 1282 939 1330; x_wconf 89' lang='lat' dir='ltr'><strong>coelo</strong></span> <span class='ocrx_word' id='word_1_92' title='bbox 977 1283 1249 1346; x_wconf 81' lang='lat' dir='ltr'><strong>empyreo5,</strong></span> <span class='ocrx_word' id='word_1_93' title='bbox 1275 1282 1472 1330; x_wconf 86' lang='lat' dir='ltr'><strong>exaltari</strong></span> <span class='ocrx_word' id='word_1_94' title='bbox 1509 1281 1655 1329; x_wconf 88' lang='lat' dir='ltr'><strong>debet</strong></span> <span class='ocrx_word' id='word_1_95' title='bbox 1681 1281 1838 1342; x_wconf 88' lang='lat' dir='ltr'><strong>magis</strong></span> <span class='ocrx_word' id='word_1_96' title='bbox 1862 1295 1892 1328; x_wconf 91' lang='lat' dir='ltr'><strong>a</strong></span> 
     </span>
     <span class='ocr_line' id='line_1_12' title="bbox 130 1360 1890 1425; baseline 0 -15"><span class='ocrx_word' id='word_1_97' title='bbox 130 1361 431 1410; x_wconf 88' lang='lat' dir='ltr'><strong>terrestribus</strong></span> <span class='ocrx_word' id='word_1_98' title='bbox 454 1361 506 1408; x_wconf 91' lang='lat' dir='ltr'><strong>in</strong></span> <span class='ocrx_word' id='word_1_99' title='bbox 539 1360 810 1421; x_wconf 90' lang='lat' dir='ltr'><strong>affectione,</strong></span> <span class='ocrx_word' id='word_1_100' title='bbox 836 1378 984 1425; x_wconf 90' lang='lat' dir='ltr'><strong>quam</strong></span> <span class='ocrx_word' id='word_1_101' title='bbox 1016 1363 1310 1412; x_wconf 85' lang='lat' dir='ltr'><strong>exaltantur⁶</strong></span> <span class='ocrx_word' id='word_1_102' title='bbox 1335 1363 1458 1411; x_wconf 87' lang='lat' dir='ltr'><strong>coeli</strong></span> <span class='ocrx_word' id='word_1_103' title='bbox 1485 1379 1513 1410; x_wconf 90' lang='lat' dir='ltr'><strong>a</strong></span> <span class='ocrx_word' id='word_1_104' title='bbox 1536 1370 1660 1411; x_wconf 89' lang='lat' dir='ltr'><strong>terra</strong></span> <span class='ocrx_word' id='word_1_105' title='bbox 1683 1362 1734 1410; x_wconf 90' lang='lat' dir='ltr'><strong>in</strong></span> <span class='ocrx_word' id='word_1_106' title='bbox 1759 1362 1890 1411; x_wconf 88' lang='lat' dir='ltr'><strong>loca-</strong></span> 
     </span>
     <span class='ocr_line' id='line_1_13' title="bbox 131 1441 1890 1508; baseline -0.001 -16"><span class='ocrx_word' id='word_1_107' title='bbox 131 1442 279 1492; x_wconf 88' lang='lat' dir='ltr'><strong>tione.</strong></span> <span class='ocrx_word' id='word_1_108' title='bbox 350 1441 471 1491; x_wconf 93' lang='lat' dir='ltr'><strong>Non</strong></span> <span class='ocrx_word' id='word_1_109' title='bbox 497 1459 615 1506; x_wconf 87' lang='lat' dir='ltr'><strong>ergo</strong></span> <span class='ocrx_word' id='word_1_110' title='bbox 640 1444 782 1493; x_wconf 89' lang='lat' dir='ltr'><strong>faciat</strong></span> <span class='ocrx_word' id='word_1_111' title='bbox 807 1460 976 1494; x_wconf 90' lang='lat' dir='ltr'><strong>avarus</strong></span> <span class='ocrx_word' id='word_1_112' title='bbox 1008 1461 1096 1508; x_wconf 90' lang='lat' dir='ltr'><strong>per</strong></span> <span class='ocrx_word' id='word_1_113' title='bbox 1121 1461 1260 1494; x_wconf 86' lang='lat' dir='ltr'><strong>suam</strong></span> <span class='ocrx_word' id='word_1_114' title='bbox 1294 1444 1573 1507; x_wconf 87' lang='lat' dir='ltr'><strong>cupidinem</strong></span> <span class='ocrx_word' id='word_1_115' title='bbox 1598 1443 1724 1492; x_wconf 91' lang='lat' dir='ltr'><strong>istud</strong></span> <span class='ocrx_word' id='word_1_116' title='bbox 1748 1459 1890 1492; x_wconf 91' lang='lat' dir='ltr'><strong>mon-</strong></span> 
     </span>
     <span class='ocr_line' id='line_1_14' title="bbox 131 1525 1890 1584; baseline -0.002 -9"><span class='ocrx_word' id='word_1_117' title='bbox 131 1533 298 1584; x_wconf 90' lang='lat' dir='ltr'><strong>strum,</strong></span> <span class='ocrx_word' id='word_1_118' title='bbox 333 1533 386 1574; x_wconf 92' lang='lat' dir='ltr'><strong>ut</strong></span> <span class='ocrx_word' id='word_1_119' title='bbox 421 1525 565 1574; x_wconf 90' lang='lat' dir='ltr'><strong>faciat</strong></span> <span class='ocrx_word' id='word_1_120' title='bbox 599 1527 695 1575; x_wconf 92' lang='lat' dir='ltr'><strong>hoc</strong></span> <span class='ocrx_word' id='word_1_121' title='bbox 732 1527 923 1576; x_wconf 89' lang='lat' dir='ltr'><strong>coelum</strong></span> <span class='ocrx_word' id='word_1_122' title='bbox 959 1529 1021 1576; x_wconf 92' lang='lat' dir='ltr'><strong>ad</strong></span> <span class='ocrx_word' id='word_1_123' title='bbox 1057 1528 1422 1577; x_wconf 90' lang='lat' dir='ltr'><strong>similitudinem</strong></span> <span class='ocrx_word' id='word_1_124' title='bbox 1447 1527 1541 1574; x_wconf 92' lang='lat' dir='ltr'><strong>Dei</strong></span> <span class='ocrx_word' id='word_1_125' title='bbox 1571 1526 1754 1574; x_wconf 89' lang='lat' dir='ltr'><strong>factum</strong></span> <span class='ocrx_word' id='word_1_126' title='bbox 1789 1534 1890 1573; x_wconf 89' lang='lat' dir='ltr'><strong>tarn</strong></span> 
     </span>
     <span class='ocr_line' id='line_1_15' title="bbox 129 1609 1889 1674; baseline -0.001 -16"><span class='ocrx_word' id='word_1_127' title='bbox 129 1609 457 1659; x_wconf 88' lang='lat' dir='ltr'><strong>innaturaliter</strong></span> <span class='ocrx_word' id='word_1_128' title='bbox 489 1611 791 1659; x_wconf 86' lang='lat' dir='ltr'><strong>terrestribus</strong></span> <span class='ocrx_word' id='word_1_129' title='bbox 828 1612 1115 1672; x_wconf 87' lang='lat' dir='ltr'><strong>adhaerere;</strong></span> <span class='ocrx_word' id='word_1_130' title='bbox 1167 1627 1283 1659; x_wconf 91' lang='lat' dir='ltr'><strong>narn</strong></span> <span class='ocrx_word' id='word_1_131' title='bbox 1319 1619 1556 1674; x_wconf 87' lang='lat' dir='ltr'><strong>quantum</strong></span> <span class='ocrx_word' id='word_1_132' title='bbox 1594 1610 1776 1671; x_wconf 90' lang='lat' dir='ltr'><strong>inipso</strong></span> <span class='ocrx_word' id='word_1_133' title='bbox 1802 1616 1889 1665; x_wconf 90' lang='lat' dir='ltr'><strong>est,</strong></span> 
     </span>
     <span class='ocr_line' id='line_1_16' title="bbox 130 1689 1891 1754; baseline -0.003 -13"><span class='ocrx_word' id='word_1_134' title='bbox 130 1698 245 1741; x_wconf 82' lang='lat' dir='ltr'><strong>curn</strong></span> <span class='ocrx_word' id='word_1_135' title='bbox 267 1690 404 1740; x_wconf 91' lang='lat' dir='ltr'><strong>Deus</strong></span> <span class='ocrx_word' id='word_1_136' title='bbox 427 1691 667 1740; x_wconf 83' lang='lat' dir='ltr'><strong>habitare⁷</strong></span> <span class='ocrx_word' id='word_1_137' title='bbox 691 1693 865 1742; x_wconf 91' lang='lat' dir='ltr'><strong>debeat</strong></span> <span class='ocrx_word' id='word_1_138' title='bbox 888 1694 939 1741; x_wconf 93' lang='lat' dir='ltr'><strong>in</strong></span> <span class='ocrx_word' id='word_1_139' title='bbox 971 1693 1155 1742; x_wconf 88' lang='lat' dir='ltr'><strong>munda</strong></span> <span class='ocrx_word' id='word_1_140' title='bbox 1192 1693 1368 1750; x_wconf 89' lang='lat' dir='ltr'><strong>anima,</strong></span> <span class='ocrx_word' id='word_1_141' title='bbox 1394 1700 1446 1740; x_wconf 90' lang='lat' dir='ltr'><strong>ut</strong></span> <span class='ocrx_word' id='word_1_142' title='bbox 1480 1691 1674 1754; x_wconf 90' lang='lat' dir='ltr'><strong>speciali</strong></span> <span class='ocrx_word' id='word_1_143' title='bbox 1706 1689 1891 1738; x_wconf 90' lang='lat' dir='ltr'><strong>habita-</strong></span> 
     </span>
     <span class='ocr_line' id='line_1_17' title="bbox 131 1772 1893 1837; baseline -0.002 -15"><span class='ocrx_word' id='word_1_144' title='bbox 131 1772 258 1832; x_wconf 82' lang='lat' dir='ltr'><strong>culo,</strong></span> <span class='ocrx_word' id='word_1_145' title='bbox 284 1773 583 1836; x_wconf 84' lang='lat' dir='ltr'><strong>culpabiliter</strong></span> <span class='ocrx_word' id='word_1_146' title='bbox 607 1775 810 1823; x_wconf 89' lang='lat' dir='ltr'><strong>dislocat</strong></span> <span class='ocrx_word' id='word_1_147' title='bbox 833 1774 996 1823; x_wconf 92' lang='lat' dir='ltr'><strong>Deum</strong></span> <span class='ocrx_word' id='word_1_148' title='bbox 1016 1791 1172 1834; x_wconf 91' lang='lat' dir='ltr'><strong>suum,</strong></span> <span class='ocrx_word' id='word_1_149' title='bbox 1189 1783 1237 1823; x_wconf 92' lang='lat' dir='ltr'><strong>et</strong></span> <span class='ocrx_word' id='word_1_150' title='bbox 1261 1783 1459 1822; x_wconf 90' lang='lat' dir='ltr'><strong>naturae</strong></span> <span class='ocrx_word' id='word_1_151' title='bbox 1480 1773 1670 1837; x_wconf 84' lang='lat' dir='ltr'><strong>regulas</strong></span> <span class='ocrx_word' id='word_1_152' title='bbox 1690 1780 1893 1821; x_wconf 90' lang='lat' dir='ltr'><strong>conatur</strong></span> 
     </span>
     <span class='ocr_line' id='line_1_18' title="bbox 131 1854 1892 1918; baseline -0.001 -14"><span class='ocrx_word' id='word_1_153' title='bbox 131 1856 418 1904; x_wconf 88' lang='lat' dir='ltr'><strong>subvertere.</strong></span> <span class='ocrx_word' id='word_1_154' title='bbox 486 1855 634 1905; x_wconf 91' lang='lat' dir='ltr'><strong>Unde</strong></span> <span class='ocrx_word' id='word_1_155' title='bbox 670 1856 785 1905; x_wconf 90' lang='lat' dir='ltr'><strong>dicit</strong></span> <span class='ocrx_word' id='word_1_156' title='bbox 818 1855 1152 1916; x_wconf 78' lang='lat' dir='ltr'><strong>Bernhardus,</strong></span> <span class='ocrx_word' id='word_1_157' title='bbox 1191 1873 1304 1906; x_wconf 89' lang='lat' dir='ltr'><strong>cum</strong></span> <span class='ocrx_word' id='word_1_158' title='bbox 1347 1857 1511 1904; x_wconf 87' lang='lat' dir='ltr'><strong>anima</strong></span> <span class='ocrx_word' id='word_1_159' title='bbox 1549 1856 1608 1903; x_wconf 88' lang='lat' dir='ltr'><strong>sit</strong></span> <span class='ocrx_word' id='word_1_160' title='bbox 1649 1854 1892 1918; x_wconf 89' lang='lat' dir='ltr'><strong>spirituale</strong></span> 
     </span>
     <span class='ocr_line' id='line_1_19' title="bbox 131 1936 1891 2002; baseline -0.002 -16"><span class='ocrx_word' id='word_1_161' title='bbox 131 1937 339 1997; x_wconf 89' lang='lat' dir='ltr'><strong>coelum,</strong></span> <span class='ocrx_word' id='word_1_162' title='bbox 381 1947 606 2002; x_wconf 89' lang='lat' dir='ltr'><strong>respectu</strong></span> <span class='ocrx_word' id='word_1_163' title='bbox 662 1939 800 2002; x_wconf 88' lang='lat' dir='ltr'><strong>cujus</strong></span> <span class='ocrx_word' id='word_1_164' title='bbox 855 1940 1048 1988; x_wconf 90' lang='lat' dir='ltr'><strong>coelum</strong></span> <span class='ocrx_word' id='word_1_165' title='bbox 1103 1939 1348 1987; x_wconf 89' lang='lat' dir='ltr'><strong>materiale</strong></span> <span class='ocrx_word' id='word_1_166' title='bbox 1406 1938 1578 1986; x_wconf 90' lang='lat' dir='ltr'><strong>dicitur</strong></span> <span class='ocrx_word' id='word_1_167' title='bbox 1632 1936 1891 1994; x_wconf 90' lang='lat' dir='ltr'><strong>desertum,</strong></span> 
     </span>
     <span class='ocr_line' id='line_1_20' title="bbox 131 2018 1893 2086; baseline -0.001 -18"><span class='ocrx_word' id='word_1_168' title='bbox 131 2019 296 2070; x_wconf 85' lang='lat' dir='ltr'><strong>Lucae</strong></span> <span class='ocrx_word' id='word_1_169' title='bbox 315 2018 433 2079; x_wconf 75' lang='lat' dir='ltr'><strong>XV.⁸,</strong></span> <span class='ocrx_word' id='word_1_170' title='bbox 453 2035 544 2084; x_wconf 91' lang='lat' dir='ltr'><strong>pro</strong></span> <span class='ocrx_word' id='word_1_171' title='bbox 563 2036 663 2085; x_wconf 94' lang='lat' dir='ltr'><strong>quo</strong></span> <span class='ocrx_word' id='word_1_172' title='bbox 682 2021 823 2070; x_wconf 90' lang='lat' dir='ltr'><strong>coelo</strong></span> <span class='ocrx_word' id='word_1_173' title='bbox 843 2022 1074 2086; x_wconf 85' lang='lat' dir='ltr'><strong>spirituali</strong></span> <span class='ocrx_word' id='word_1_174' title='bbox 1098 2021 1385 2070; x_wconf 90' lang='lat' dir='ltr'><strong>redimendo</strong></span> <span class='ocrx_word' id='word_1_175' title='bbox 1404 2019 1649 2067; x_wconf 89' lang='lat' dir='ltr'><strong>Dominus</strong></span> <span class='ocrx_word' id='word_1_176' title='bbox 1668 2019 1893 2081; x_wconf 87' lang='lat' dir='ltr'><strong>dignatus</strong></span> 
     </span>
     <span class='ocr_line' id='line_1_21' title="bbox 130 2100 1892 2167; baseline -0.002 -15"><span class='ocrx_word' id='word_1_177' title='bbox 130 2110 206 2152; x_wconf 90' lang='lat' dir='ltr'><strong>est</strong></span> <span class='ocrx_word' id='word_1_178' title='bbox 245 2103 386 2162; x_wconf 92' lang='lat' dir='ltr'><strong>mori,</strong></span> <span class='ocrx_word' id='word_1_179' title='bbox 427 2112 610 2167; x_wconf 88' lang='lat' dir='ltr'><strong>quanta</strong></span> <span class='ocrx_word' id='word_1_180' title='bbox 649 2119 767 2167; x_wconf 90' lang='lat' dir='ltr'><strong>ergo</strong></span> <span class='ocrx_word' id='word_1_181' title='bbox 809 2105 1095 2167; x_wconf 89' lang='lat' dir='ltr'><strong>perversitas</strong></span> <span class='ocrx_word' id='word_1_182' title='bbox 1137 2113 1336 2152; x_wconf 87' lang='lat' dir='ltr'><strong>naturae</strong></span> <span class='ocrx_word' id='word_1_183' title='bbox 1378 2102 1502 2150; x_wconf 91' lang='lat' dir='ltr'><strong>foret</strong></span> <span class='ocrx_word' id='word_1_184' title='bbox 1548 2101 1749 2164; x_wconf 89' lang='lat' dir='ltr'><strong>implere</strong></span> <span class='ocrx_word' id='word_1_185' title='bbox 1795 2100 1892 2148; x_wconf 91' lang='lat' dir='ltr'><strong>hoc</strong></span> 
     </span>
     <span class='ocr_line' id='line_1_22' title="bbox 130 2183 1892 2250; baseline -0.003 -15"><span class='ocrx_word' id='word_1_186' title='bbox 130 2184 325 2235; x_wconf 92' lang='lat' dir='ltr'><strong>coelum</strong></span> <span class='ocrx_word' id='word_1_187' title='bbox 359 2192 514 2233; x_wconf 87' lang='lat' dir='ltr'><strong>terrae</strong></span> <span class='ocrx_word' id='word_1_188' title='bbox 548 2185 900 2249; x_wconf 88' lang='lat' dir='ltr'><strong>phantasmate,</strong></span> <span class='ocrx_word' id='word_1_189' title='bbox 926 2195 974 2235; x_wconf 93' lang='lat' dir='ltr'><strong>et</strong></span> <span class='ocrx_word' id='word_1_190' title='bbox 1011 2185 1401 2250; x_wconf 90' lang='lat' dir='ltr'><strong>supercumulare</strong></span> <span class='ocrx_word' id='word_1_191' title='bbox 1437 2193 1628 2232; x_wconf 90' lang='lat' dir='ltr'><strong>terrena</strong></span> <span class='ocrx_word' id='word_1_192' title='bbox 1662 2183 1892 2246; x_wconf 89' lang='lat' dir='ltr'><strong>phantas-</strong></span> 
     </span>
     <span class='ocr_line' id='line_1_23' title="bbox 130 2265 1892 2330; baseline -0.001 -16"><span class='ocrx_word' id='word_1_193' title='bbox 130 2274 264 2314; x_wconf 88' lang='lat' dir='ltr'><strong>mata</strong></span> <span class='ocrx_word' id='word_1_194' title='bbox 294 2266 536 2330; x_wconf 90' lang='lat' dir='ltr'><strong>superflue</strong></span> <span class='ocrx_word' id='word_1_195' title='bbox 569 2282 713 2330; x_wconf 91' lang='lat' dir='ltr'><strong>super</strong></span> <span class='ocrx_word' id='word_1_196' title='bbox 743 2268 920 2330; x_wconf 90' lang='lat' dir='ltr'><strong>ipsum.</strong></span> <span class='ocrx_word' id='word_1_197' title='bbox 992 2269 1072 2316; x_wconf 93' lang='lat' dir='ltr'><strong>Ad</strong></span> <span class='ocrx_word' id='word_1_198' title='bbox 1104 2267 1247 2316; x_wconf 81' lang='lat' dir='ltr'><strong>illud⁹</strong></span> <span class='ocrx_word' id='word_1_199' title='bbox 1272 2267 1432 2315; x_wconf 89' lang='lat' dir='ltr'><strong>valent</strong></span> <span class='ocrx_word' id='word_1_200' title='bbox 1458 2265 1609 2313; x_wconf 91' lang='lat' dir='ltr'><strong>multa</strong></span> <span class='ocrx_word' id='word_1_201' title='bbox 1640 2281 1742 2324; x_wconf 89' lang='lat' dir='ltr'><strong>vae,</strong></span> <span class='ocrx_word' id='word_1_202' title='bbox 1768 2280 1892 2328; x_wconf 92' lang='lat' dir='ltr'><strong>quae</strong></span> 
     </span>
     <span class='ocr_line' id='line_1_24' title="bbox 0 2331 1892 2425; baseline -0.001 -29"><span class='ocrx_word' id='word_1_203' title='bbox 0 2331 11 2425; x_wconf 60' lang='grc' dir='ltr'>Ξ</span> <span class='ocrx_word' id='word_1_204' title='bbox 131 2347 367 2412; x_wconf 91' lang='lat' dir='ltr'><strong>scriptura</strong></span> <span class='ocrx_word' id='word_1_205' title='bbox 397 2348 692 2412; x_wconf 88' lang='lat' dir='ltr'><strong>imprecatur</strong></span> <span class='ocrx_word' id='word_1_206' title='bbox 715 2351 884 2408; x_wconf 85' lang='lat' dir='ltr'><strong>avaris,</strong></span> <span class='ocrx_word' id='word_1_207' title='bbox 911 2359 957 2398; x_wconf 91' lang='lat' dir='ltr'><strong>et</strong></span> <span class='ocrx_word' id='word_1_208' title='bbox 981 2350 1132 2398; x_wconf 90' lang='lat' dir='ltr'><strong>multa</strong></span> <span class='ocrx_word' id='word_1_209' title='bbox 1166 2349 1295 2397; x_wconf 89' lang='lat' dir='ltr'><strong>mala</strong></span> <span class='ocrx_word' id='word_1_210' title='bbox 1327 2364 1452 2411; x_wconf 90' lang='lat' dir='ltr'><strong>quae</strong></span> <span class='ocrx_word' id='word_1_211' title='bbox 1485 2363 1547 2395; x_wconf 84' lang='lat' dir='ltr'><strong>ex</strong></span> <span class='ocrx_word' id='word_1_212' title='bbox 1571 2356 1774 2410; x_wconf 90' lang='lat' dir='ltr'><strong>peccato</strong></span> <span class='ocrx_word' id='word_1_213' title='bbox 1799 2347 1892 2394; x_wconf 88' lang='lat' dir='ltr'><strong>isto</strong></span> 
     </span>
     <span class='ocr_line' id='line_1_25' title="bbox 0 2422 1891 2497; baseline -0.002 -19"><span class='ocrx_word' id='word_1_214' title='bbox 0 2422 14 2497; x_wconf 64' lang='grc' dir='ltr'>ξ</span> <span class='ocrx_word' id='word_1_215' title='bbox 130 2431 434 2494; x_wconf 90' lang='lat' dir='ltr'><strong>proveniunt.</strong></span> <span class='ocrx_word' id='word_1_216' title='bbox 507 2430 709 2480; x_wconf 90' lang='lat' dir='ltr'><strong>Certum</strong></span> <span class='ocrx_word' id='word_1_217' title='bbox 745 2432 945 2495; x_wconf 91' lang='lat' dir='ltr'><strong>quidem</strong></span> <span class='ocrx_word' id='word_1_218' title='bbox 971 2441 1058 2491; x_wconf 89' lang='lat' dir='ltr'><strong>est,</strong></span> <span class='ocrx_word' id='word_1_219' title='bbox 1084 2432 1218 2495; x_wconf 91' lang='lat' dir='ltr'><strong>quod</strong></span> <span class='ocrx_word' id='word_1_220' title='bbox 1259 2430 1480 2479; x_wconf 89' lang='lat' dir='ltr'><strong>Scarioth</strong></span> <span class='ocrx_word' id='word_1_221' title='bbox 1516 2437 1716 2492; x_wconf 90' lang='lat' dir='ltr'><strong>propter</strong></span> <span class='ocrx_word' id='word_1_222' title='bbox 1741 2429 1891 2477; x_wconf 89' lang='lat' dir='ltr'><strong>avari-</strong></span> 
     </span>
     <span class='ocr_line' id='line_1_26' title="bbox 0 2502 1892 2574; baseline -0.002 -13"><span class='ocrx_word' id='word_1_223' title='bbox 0 2502 11 2536; x_wconf 54' lang='lat'><strong>&#39;3</strong></span> <span class='ocrx_word' id='word_1_224' title='bbox 59 2527 61 2529; x_wconf 78' lang='grc'><strong>’</strong></span> <span class='ocrx_word' id='word_1_225' title='bbox 130 2512 251 2561; x_wconf 88' lang='lat' dir='ltr'><strong>tiam</strong></span> <span class='ocrx_word' id='word_1_226' title='bbox 274 2512 489 2561; x_wconf 91' lang='lat' dir='ltr'><strong>vendidit</strong></span> <span class='ocrx_word' id='word_1_227' title='bbox 516 2512 849 2574; x_wconf 88' lang='lat' dir='ltr'><strong>Salvatorem;</strong></span> <span class='ocrx_word' id='word_1_228' title='bbox 901 2513 1014 2562; x_wconf 85' lang='lat' dir='ltr'><strong>sic¹⁰</strong></span> <span class='ocrx_word' id='word_1_229' title='bbox 1045 2521 1319 2562; x_wconf 88' lang='lat' dir='ltr'><strong>mercantes</strong></span> <span class='ocrx_word' id='word_1_230' title='bbox 1352 2512 1633 2569; x_wconf 88' lang='lat' dir='ltr'><strong>simoniace,</strong></span> <span class='ocrx_word' id='word_1_231' title='bbox 1662 2519 1892 2573; x_wconf 85' lang='lat' dir='ltr'><strong>raptores,</strong></span> 
     </span>
     <span class='ocr_line' id='line_1_27' title="bbox 0 2592 1892 2658; baseline -0.002 -15"><span class='ocrx_word' id='word_1_232' title='bbox 0 2647 2 2653; x_wconf 71' lang='lat'><strong>,</strong></span> <span class='ocrx_word' id='word_1_233' title='bbox 130 2594 326 2658; x_wconf 85' lang='lat' dir='ltr'><strong>perjuri,</strong></span> <span class='ocrx_word' id='word_1_234' title='bbox 345 2593 634 2653; x_wconf 88' lang='lat' dir='ltr'><strong>homicidae,</strong></span> <span class='ocrx_word' id='word_1_235' title='bbox 659 2595 876 2653; x_wconf 90' lang='lat' dir='ltr'><strong>usurarii,</strong></span> <span class='ocrx_word' id='word_1_236' title='bbox 898 2604 945 2643; x_wconf 90' lang='lat' dir='ltr'><strong>et</strong></span> <span class='ocrx_word' id='word_1_237' title='bbox 969 2596 1105 2643; x_wconf 91' lang='lat' dir='ltr'><strong>omni</strong></span> <span class='ocrx_word' id='word_1_238' title='bbox 1130 2609 1310 2657; x_wconf 85' lang='lat' dir='ltr'><strong>genere</strong></span> <span class='ocrx_word' id='word_1_239' title='bbox 1335 2593 1432 2640; x_wconf 91' lang='lat' dir='ltr'><strong>vitii</strong></span> <span class='ocrx_word' id='word_1_240' title='bbox 1456 2593 1631 2639; x_wconf 89' lang='lat' dir='ltr'><strong>irretiti.</strong></span> <span class='ocrx_word' id='word_1_241' title='bbox 1703 2592 1892 2640; x_wconf 89' lang='lat' dir='ltr'><strong>Omnes</strong></span> 
     </span>
     <span class='ocr_line' id='line_1_28' title="bbox 0 2673 1892 2764; baseline -0.001 -41"><span class='ocrx_word' id='word_1_242' title='bbox 0 2679 28 2764; x_wconf 47' lang='lat' dir='ltr'><strong>f}</strong></span> <span class='ocrx_word' id='word_1_243' title='bbox 131 2675 264 2724; x_wconf 91' lang='lat' dir='ltr'><strong>enim</strong></span> <span class='ocrx_word' id='word_1_244' title='bbox 288 2675 407 2724; x_wconf 88' lang='lat' dir='ltr'><strong>tales</strong></span> <span class='ocrx_word' id='word_1_245' title='bbox 430 2691 522 2739; x_wconf 90' lang='lat' dir='ltr'><strong>pro</strong></span> <span class='ocrx_word' id='word_1_246' title='bbox 553 2675 811 2725; x_wconf 87' lang='lat' dir='ltr'><strong>affectione</strong></span> <span class='ocrx_word' id='word_1_247' title='bbox 845 2677 1059 2725; x_wconf 84' lang='lat' dir='ltr'><strong>indebita</strong></span> <span class='ocrx_word' id='word_1_248' title='bbox 1093 2676 1434 2738; x_wconf 86' lang='lat' dir='ltr'><strong>temporalium</strong></span> <span class='ocrx_word' id='word_1_249' title='bbox 1468 2682 1580 2721; x_wconf 89' lang='lat' dir='ltr'><strong>sunt</strong></span> <span class='ocrx_word' id='word_1_250' title='bbox 1612 2673 1811 2731; x_wconf 90' lang='lat' dir='ltr'><strong>seducti,</strong></span> <span class='ocrx_word' id='word_1_251' title='bbox 1845 2682 1892 2722; x_wconf 92' lang='lat' dir='ltr'><strong>et</strong></span> 
     </span>
    </p>

    <p class='ocr_par' dir='ltr' id='par_1_3' title="bbox 130 2756 1892 2820">
     <span class='ocr_line' id='line_1_29' title="bbox 130 2756 1892 2820; baseline -0.002 -14"><span class='ocrx_word' id='word_1_252' title='bbox 130 2757 290 2820; x_wconf 87' lang='lat' dir='ltr'><strong>maj0r</strong></span> <span class='ocrx_word' id='word_1_253' title='bbox 307 2772 420 2820; x_wconf 90' lang='lat' dir='ltr'><strong>pars</strong></span> <span class='ocrx_word' id='word_1_254' title='bbox 445 2757 676 2806; x_wconf 89' lang='lat' dir='ltr'><strong>falsorum</strong></span> <span class='ocrx_word' id='word_1_255' title='bbox 694 2758 925 2806; x_wconf 89' lang='lat' dir='ltr'><strong>viantium</strong></span> <span class='ocrx_word' id='word_1_256' title='bbox 951 2774 1011 2806; x_wconf 85' lang='lat' dir='ltr'><strong>ex</strong></span> <span class='ocrx_word' id='word_1_257' title='bbox 1039 2758 1295 2805; x_wconf 86' lang='lat' dir='ltr'><strong>affectione</strong></span> <span class='ocrx_word' id='word_1_258' title='bbox 1315 2756 1529 2804; x_wconf 90' lang='lat' dir='ltr'><strong>indebita</strong></span> <span class='ocrx_word' id='word_1_259' title='bbox 1551 2756 1892 2818; x_wconf 90' lang='lat' dir='ltr'><strong>temporalium</strong></span> 
     </span>
    </p>

    <p class='ocr_par' dir='ltr' id='par_1_4' title="bbox 0 2837 1893 3148">
     <span class='ocr_line' id='line_1_30' title="bbox 129 2837 1892 2902; baseline -0.001 -14"><span class='ocrx_word' id='word_1_260' title='bbox 129 2837 316 2888; x_wconf 82' lang='lat' dir='ltr'><strong>trahit¹¹</strong></span> <span class='ocrx_word' id='word_1_261' title='bbox 341 2841 580 2902; x_wconf 89' lang='lat' dir='ltr'><strong>originem</strong></span> <span class='ocrx_word' id='word_1_262' title='bbox 616 2839 723 2902; x_wconf 91' lang='lat' dir='ltr'><strong>plus</strong></span> <span class='ocrx_word' id='word_1_263' title='bbox 747 2839 821 2887; x_wconf 83' lang='lat' dir='ltr'><strong>vel</strong></span> <span class='ocrx_word' id='word_1_264' title='bbox 858 2841 1033 2898; x_wconf 91' lang='lat' dir='ltr'><strong>minus,</strong></span> <span class='ocrx_word' id='word_1_265' title='bbox 1060 2847 1112 2887; x_wconf 88' lang='lat' dir='ltr'><strong>ut</strong></span> <span class='ocrx_word' id='word_1_266' title='bbox 1147 2847 1279 2902; x_wconf 88' lang='lat' dir='ltr'><strong>patet</strong></span> <span class='ocrx_word' id='word_1_267' title='bbox 1316 2839 1376 2887; x_wconf 93' lang='lat' dir='ltr'><strong>de</strong></span> <span class='ocrx_word' id='word_1_268' title='bbox 1413 2837 1529 2886; x_wconf 91' lang='lat' dir='ltr'><strong>false</strong></span> <span class='ocrx_word' id='word_1_269' title='bbox 1567 2839 1892 2887; x_wconf 91' lang='lat' dir='ltr'><strong>mercantibus</strong></span> 
     </span>
     <span class='ocr_line' id='line_1_31' title="bbox 0 2921 1892 2989; baseline -0.002 -17"><span class='ocrx_word' id='word_1_270' title='bbox 0 2974 2 2989; x_wconf 22' lang='grc' dir='ltr'><em>ζ</em></span> <span class='ocrx_word' id='word_1_271' title='bbox 137 2921 190 2972; x_wconf 84' lang='lat' dir='ltr'><strong>in</strong></span> <span class='ocrx_word' id='word_1_272' title='bbox 212 2921 321 2970; x_wconf 90' lang='lat' dir='ltr'><strong>foro</strong></span> <span class='ocrx_word' id='word_1_273' title='bbox 346 2922 612 2980; x_wconf 91' lang='lat' dir='ltr'><strong>communi,</strong></span> <span class='ocrx_word' id='word_1_274' title='bbox 639 2922 700 2970; x_wconf 92' lang='lat' dir='ltr'><strong>de</strong></span> <span class='ocrx_word' id='word_1_275' title='bbox 726 2922 855 2970; x_wconf 91' lang='lat' dir='ltr'><strong>falsis</strong></span> <span class='ocrx_word' id='word_1_276' title='bbox 889 2922 1166 2970; x_wconf 86' lang='lat' dir='ltr'><strong>simoniacis</strong></span> <span class='ocrx_word' id='word_1_277' title='bbox 1190 2921 1282 2969; x_wconf 86' lang='lat' dir='ltr'><strong>et¹²</strong></span> <span class='ocrx_word' id='word_1_278' title='bbox 1305 2921 1466 2969; x_wconf 89' lang='lat' dir='ltr'><strong>multis</strong></span> <span class='ocrx_word' id='word_1_279' title='bbox 1500 2923 1602 2970; x_wconf 92' lang='lat' dir='ltr'><strong>aliis</strong></span> <span class='ocrx_word' id='word_1_280' title='bbox 1634 2922 1892 2984; x_wconf 85' lang='lat' dir='ltr'><strong>generibus</strong></span> 
     </span>
     <span class='ocr_line' id='line_1_32' title="bbox 0 3002 1893 3067; baseline -0.003 -12"><span class='ocrx_word' id='word_1_281' title='bbox 0 3002 20 3055; x_wconf 74' lang='grc' dir='ltr'><strong>-ῗ</strong></span> <span class='ocrx_word' id='word_1_282' title='bbox 64 3008 85 3044; x_wconf 83' lang='grc'><strong>-’</strong></span> <span class='ocrx_word' id='word_1_283' title='bbox 131 3012 460 3067; x_wconf 88' lang='lat' dir='ltr'><strong>peccatorum.</strong></span> <span class='ocrx_word' id='word_1_284' title='bbox 545 3003 692 3052; x_wconf 91' lang='lat' dir='ltr'><strong>Unde</strong></span> <span class='ocrx_word' id='word_1_285' title='bbox 742 3004 865 3052; x_wconf 91' lang='lat' dir='ltr'><strong>sicut</strong></span> <span class='ocrx_word' id='word_1_286' title='bbox 914 3003 1085 3052; x_wconf 90' lang='lat' dir='ltr'><strong>Simon</strong></span> <span class='ocrx_word' id='word_1_287' title='bbox 1131 3003 1363 3066; x_wconf 74' lang='lat' dir='ltr'><strong>magus13,</strong></span> <span class='ocrx_word' id='word_1_288' title='bbox 1407 3004 1475 3052; x_wconf 90' lang='lat' dir='ltr'><strong>sic</strong></span> <span class='ocrx_word' id='word_1_289' title='bbox 1520 3003 1741 3052; x_wconf 87' lang='lat' dir='ltr'><strong>Scarioth</strong></span> <span class='ocrx_word' id='word_1_290' title='bbox 1783 3011 1893 3051; x_wconf 90' lang='lat' dir='ltr'><strong>sunt</strong></span> 
     </span>
     <span class='ocr_line' id='line_1_33' title="bbox 130 3084 1891 3148; baseline -0.001 -14"><span class='ocrx_word' id='word_1_291' title='bbox 130 3085 281 3135; x_wconf 88' lang='lat' dir='ltr'><strong>duces</strong></span> <span class='ocrx_word' id='word_1_292' title='bbox 315 3085 566 3145; x_wconf 85' lang='lat' dir='ltr'><strong>notabileS,</strong></span> <span class='ocrx_word' id='word_1_293' title='bbox 593 3085 826 3134; x_wconf 90' lang='lat' dir='ltr'><strong>ducentes</strong></span> <span class='ocrx_word' id='word_1_294' title='bbox 863 3101 1030 3134; x_wconf 88' lang='lat' dir='ltr'><strong>secum</strong></span> <span class='ocrx_word' id='word_1_295' title='bbox 1067 3101 1302 3148; x_wconf 87' lang='lat' dir='ltr'><strong>magnum</strong></span> <span class='ocrx_word' id='word_1_296' title='bbox 1336 3085 1601 3133; x_wconf 82' lang='lat' dir='ltr'><strong>exercitum</strong></span> <span class='ocrx_word' id='word_1_297' title='bbox 1638 3084 1891 3132; x_wconf 90' lang='lat' dir='ltr'><strong>hominum</strong></span> 
     </span>
    </p>
   </div>
   <div class='ocr_carea' id='block_1_3' title="bbox 0 0 68 1959">
    <p class='ocr_par' dir='ltr' id='par_1_5' title="bbox 0 0 68 1959">
     <span class='ocr_line' id='line_1_34' title="bbox 0 0 68 1959; baseline 0 0"><span class='ocrx_word' id='word_1_298' title='bbox 0 0 68 1959; x_wconf 95' lang='lat' dir='ltr'><strong> </strong></span> 
     </span>
    </p>
   </div>
   <div class='ocr_carea' id='block_1_4' title="bbox 0 3240 1894 3581">
    <p class='ocr_par' dir='ltr' id='par_1_6' title="bbox 0 3240 1894 3581">
     <span class='ocr_line' id='line_1_35' title="bbox 0 3240 1892 3309; baseline -0.001 -14"><span class='ocrx_word' id='word_1_299' title='bbox 0 3240 8 3285; x_wconf 55' lang='grc' dir='ltr'><strong><em>ἶ</em></strong></span> <span class='ocrx_word' id='word_1_300' title='bbox 185 3255 199 3280; x_wconf 83' lang='lat'><em>¹</em></span> <span class='ocrx_word' id='word_1_301' title='bbox 227 3254 462 3309; x_wconf 88' lang='lat' dir='ltr'><strong>hydropici]</strong></span> <span class='ocrx_word' id='word_1_302' title='bbox 483 3255 680 3309; x_wconf 87' lang='lat' dir='ltr'><strong>ydropici,</strong></span> <span class='ocrx_word' id='word_1_303' title='bbox 702 3256 835 3297; x_wconf 90' lang='lat' dir='ltr'><strong>Codd.</strong></span> <span class='ocrx_word' id='word_1_304' title='bbox 858 3256 977 3296; x_wconf 88' lang='lat' dir='ltr'><strong>MSS.</strong></span> <span class='ocrx_word' id='word_1_305' title='bbox 1253 3254 1269 3278; x_wconf 77' lang='lat'>²</span> <span class='ocrx_word' id='word_1_306' title='bbox 1298 3255 1506 3308; x_wconf 86' lang='lat' dir='ltr'><strong>superius]</strong></span> <span class='ocrx_word' id='word_1_307' title='bbox 1529 3255 1727 3309; x_wconf 86' lang='lat' dir='ltr'><strong>supernis,</strong></span> <span class='ocrx_word' id='word_1_308' title='bbox 1747 3254 1810 3295; x_wconf 90' lang='lat' dir='ltr'><strong>ed.</strong></span> <span class='ocrx_word' id='word_1_309' title='bbox 1831 3268 1892 3308; x_wconf 91' lang='lat' dir='ltr'><strong>pr.</strong></span> 
     </span>
     <span class='ocr_line' id='line_1_36' title="bbox 0 3303 1894 3363; baseline 0.001 -15"><span class='ocrx_word' id='word_1_310' title='bbox 0 3303 10 3348; x_wconf 61' lang='lat' dir='ltr'><strong>l.</strong></span> <span class='ocrx_word' id='word_1_311' title='bbox 129 3307 145 3332; x_wconf 79' lang='lat'><strong>⁸</strong></span> <span class='ocrx_word' id='word_1_312' title='bbox 173 3309 233 3362; x_wconf 84' lang='lat' dir='ltr'><strong>te]</strong></span> <span class='ocrx_word' id='word_1_313' title='bbox 255 3310 384 3355; x_wconf 85' lang='lat' dir='ltr'><strong>terris,</strong></span> <span class='ocrx_word' id='word_1_314' title='bbox 404 3311 468 3351; x_wconf 89' lang='lat' dir='ltr'><strong>ed.</strong></span> <span class='ocrx_word' id='word_1_315' title='bbox 488 3324 577 3363; x_wconf 90' lang='lat' dir='ltr'><strong>pr.;</strong></span> <span class='ocrx_word' id='word_1_316' title='bbox 608 3310 659 3350; x_wconf 89' lang='lat' dir='ltr'><strong>cf.</strong></span> <span class='ocrx_word' id='word_1_317' title='bbox 691 3311 948 3351; x_wconf 87' lang='lat' dir='ltr'><strong>Confession.</strong></span> <span class='ocrx_word' id='word_1_318' title='bbox 971 3311 1003 3350; x_wconf 95' lang='grc' dir='ltr'><strong>Ι.</strong></span> <span class='ocrx_word' id='word_1_319' title='bbox 1025 3323 1059 3350; x_wconf 91' lang='lat' dir='ltr'><strong>c.</strong></span> <span class='ocrx_word' id='word_1_320' title='bbox 1086 3321 1120 3350; x_wconf 87' lang='lat'><strong>1.</strong></span> <span class='ocrx_word' id='word_1_321' title='bbox 1413 3310 1463 3350; x_wconf 85' lang='lat' dir='ltr'><strong>cf.</strong></span> <span class='ocrx_word' id='word_1_322' title='bbox 1487 3311 1551 3350; x_wconf 90' lang='lat' dir='ltr'><strong>Ps.</strong></span> <span class='ocrx_word' id='word_1_323' title='bbox 1572 3310 1665 3350; x_wconf 89' lang='lat' dir='ltr'><strong>xvii.</strong></span> <span class='ocrx_word' id='word_1_324' title='bbox 1688 3310 1808 3362; x_wconf 86' lang='lat' dir='ltr'><strong>(xvi.)</strong></span> <span class='ocrx_word' id='word_1_325' title='bbox 1834 3321 1894 3361; x_wconf 85' lang='lat'><strong>15.</strong></span> 
     </span>
     <span class='ocr_line' id='line_1_37' title="bbox 0 3349 1892 3418; baseline -0.001 -14"><span class='ocrx_word' id='word_1_326' title='bbox 0 3349 19 3413; x_wconf 67' lang='lat' dir='ltr'><strong>l:</strong></span> <span class='ocrx_word' id='word_1_327' title='bbox 129 3361 146 3388; x_wconf 79' lang='lat'>⁸</span> <span class='ocrx_word' id='word_1_328' title='bbox 172 3364 388 3418; x_wconf 84' lang='lat' dir='ltr'><strong>empyreo]</strong></span> <span class='ocrx_word' id='word_1_329' title='bbox 409 3365 543 3406; x_wconf 90' lang='lat' dir='ltr'><strong>Codd.</strong></span> <span class='ocrx_word' id='word_1_330' title='bbox 567 3365 689 3415; x_wconf 60' lang='lat' dir='ltr'><strong>MSS}</strong></span> <span class='ocrx_word' id='word_1_331' title='bbox 708 3365 861 3404; x_wconf 87' lang='lat' dir='ltr'><strong>habent</strong></span> <span class='ocrx_word' id='word_1_332' title='bbox 881 3365 1077 3416; x_wconf 88' lang='lat' dir='ltr'><strong>empireo.</strong></span> <span class='ocrx_word' id='word_1_333' title='bbox 1338 3364 1354 3387; x_wconf 79' lang='lat'>⁶</span> <span class='ocrx_word' id='word_1_334' title='bbox 1383 3364 1631 3417; x_wconf 85' lang='lat' dir='ltr'><strong>exaltantur]</strong></span> <span class='ocrx_word' id='word_1_335' title='bbox 1655 3364 1892 3408; x_wconf 82' lang='lat' dir='ltr'><strong>exaltentur.</strong></span> 
     </span>
     <span class='ocr_line' id='line_1_38' title="bbox 0 3415 1891 3484; baseline 0 -26"><span class='ocrx_word' id='word_1_336' title='bbox 0 3415 14 3484; x_wconf 50' lang='lat' dir='ltr'>fi</span> <span class='ocrx_word' id='word_1_337' title='bbox 131 3417 290 3459; x_wconf 86' lang='lat' dir='ltr'><strong>A.B.C.</strong></span> <span class='ocrx_word' id='word_1_338' title='bbox 535 3418 551 3443; x_wconf 79' lang='lat'>⁷</span> <span class='ocrx_word' id='word_1_339' title='bbox 579 3419 784 3470; x_wconf 84' lang='lat' dir='ltr'><strong>habitare]</strong></span> <span class='ocrx_word' id='word_1_340' title='bbox 809 3418 1049 3464; x_wconf 89' lang='lat' dir='ltr'><strong>inhabitare,</strong></span> <span class='ocrx_word' id='word_1_341' title='bbox 1071 3419 1228 3461; x_wconf 90' lang='lat' dir='ltr'><strong>A.B.C.</strong></span> <span class='ocrx_word' id='word_1_342' title='bbox 1250 3419 1313 3459; x_wconf 91' lang='lat' dir='ltr'><strong>ed.</strong></span> <span class='ocrx_word' id='word_1_343' title='bbox 1334 3432 1395 3472; x_wconf 88' lang='lat' dir='ltr'><strong>pr.</strong></span> <span class='ocrx_word' id='word_1_344' title='bbox 1643 3420 1658 3442; x_wconf 75' lang='lat'>⁸</span> <span class='ocrx_word' id='word_1_345' title='bbox 1689 3419 1786 3459; x_wconf 90' lang='lat' dir='ltr'><strong>Luc.</strong></span> <span class='ocrx_word' id='word_1_346' title='bbox 1806 3418 1891 3471; x_wconf 88' lang='lat' dir='ltr'><strong>xv.]</strong></span> 
     </span>
     <span class='ocr_line' id='line_1_39' title="bbox 0 3471 1892 3526; baseline -0.001 -12"><span class='ocrx_word' id='word_1_347' title='bbox 0 3486 14 3521; x_wconf 53' lang='grc' dir='ltr'><strong>ἦ</strong></span> <span class='ocrx_word' id='word_1_348' title='bbox 130 3471 234 3514; x_wconf 89' lang='lat' dir='ltr'><strong>Luc.</strong></span> <span class='ocrx_word' id='word_1_349' title='bbox 253 3472 336 3520; x_wconf 80' lang='lat' dir='ltr'><strong>xii..</strong></span> <span class='ocrx_word' id='word_1_350' title='bbox 358 3473 461 3514; x_wconf 91' lang='lat' dir='ltr'><strong>A.B.</strong></span> <span class='ocrx_word' id='word_1_351' title='bbox 710 3474 725 3497; x_wconf 78' lang='lat'>⁹</span> <span class='ocrx_word' id='word_1_352' title='bbox 754 3473 876 3525; x_wconf 87' lang='lat' dir='ltr'><strong>illud]</strong></span> <span class='ocrx_word' id='word_1_353' title='bbox 898 3473 952 3518; x_wconf 87' lang='lat' dir='ltr'><strong>id,</strong></span> <span class='ocrx_word' id='word_1_354' title='bbox 974 3473 1036 3513; x_wconf 92' lang='lat' dir='ltr'><strong>ed.</strong></span> <span class='ocrx_word' id='word_1_355' title='bbox 1059 3486 1120 3526; x_wconf 90' lang='lat' dir='ltr'><strong>pr.</strong></span> <span class='ocrx_word' id='word_1_356' title='bbox 1370 3473 1400 3497; x_wconf 89' lang='lat'><strong>¹⁰</strong></span> <span class='ocrx_word' id='word_1_357' title='bbox 1429 3473 1507 3526; x_wconf 87' lang='lat' dir='ltr'><strong>sic]</strong></span> <span class='ocrx_word' id='word_1_358' title='bbox 1530 3473 1646 3519; x_wconf 87' lang='lat' dir='ltr'><strong>sicut,</strong></span> <span class='ocrx_word' id='word_1_359' title='bbox 1669 3473 1724 3513; x_wconf 92' lang='lat' dir='ltr'><strong>D.</strong></span> <span class='ocrx_word' id='word_1_360' title='bbox 1746 3473 1809 3514; x_wconf 90' lang='lat' dir='ltr'><strong>ed.</strong></span> <span class='ocrx_word' id='word_1_361' title='bbox 1829 3486 1892 3526; x_wconf 88' lang='lat' dir='ltr'><strong>pr.</strong></span> 
     </span>
     <span class='ocr_line' id='line_1_40' title="bbox 0 3519 1892 3581; baseline 0.001 -15"><span class='ocrx_word' id='word_1_362' title='bbox 0 3519 12 3579; x_wconf 62' lang='lat' dir='ltr'><strong>‚l</strong></span> <span class='ocrx_word' id='word_1_363' title='bbox 131 3527 160 3551; x_wconf 84' lang='lat'><strong>¹¹</strong></span> <span class='ocrx_word' id='word_1_364' title='bbox 189 3526 335 3580; x_wconf 85' lang='lat' dir='ltr'><strong>trahit]</strong></span> <span class='ocrx_word' id='word_1_365' title='bbox 357 3527 492 3573; x_wconf 85' lang='lat' dir='ltr'><strong>traxit,</strong></span> <span class='ocrx_word' id='word_1_366' title='bbox 513 3528 618 3569; x_wconf 89' lang='lat' dir='ltr'><strong>A.B.</strong></span> <span class='ocrx_word' id='word_1_367' title='bbox 868 3526 898 3552; x_wconf 81' lang='lat'><strong>¹²</strong></span> <span class='ocrx_word' id='word_1_368' title='bbox 925 3527 986 3580; x_wconf 85' lang='lat' dir='ltr'><strong>et]</strong></span> <span class='ocrx_word' id='word_1_369' title='bbox 1009 3527 1146 3575; x_wconf 83' lang='lat' dir='ltr'><strong>etiam,</strong></span> <span class='ocrx_word' id='word_1_370' title='bbox 1169 3528 1270 3567; x_wconf 67' lang='lat' dir='ltr'><strong>AB.</strong></span> <span class='ocrx_word' id='word_1_371' title='bbox 1506 3529 1534 3552; x_wconf 86' lang='lat'><strong>¹³</strong></span> <span class='ocrx_word' id='word_1_372' title='bbox 1563 3528 1707 3569; x_wconf 89' lang='lat' dir='ltr'><strong>Simon</strong></span> <span class='ocrx_word' id='word_1_373' title='bbox 1727 3528 1892 3581; x_wconf 85' lang='lat' dir='ltr'><strong>magus]</strong></span> 
     </span>
    </p>
   </div>
   <div class='ocr_carea' id='block_1_5' title="bbox 130 3580 876 3636">
    <p class='ocr_par' dir='ltr' id='par_1_7' title="bbox 130 3580 876 3636">
     <span class='ocr_line' id='line_1_41' title="bbox 130 3580 876 3636; baseline -0.001 -14"><span class='ocrx_word' id='word_1_374' title='bbox 130 3580 394 3629; x_wconf 88' lang='lat' dir='ltr'><strong>simoniacus,</strong></span> <span class='ocrx_word' id='word_1_375' title='bbox 415 3583 518 3623; x_wconf 93' lang='lat' dir='ltr'><strong>A.C.</strong></span> <span class='ocrx_word' id='word_1_376' title='bbox 541 3584 697 3636; x_wconf 84' lang='lat' dir='ltr'><strong>primae</strong></span> <span class='ocrx_word' id='word_1_377' title='bbox 717 3595 876 3622; x_wconf 81' lang='lat' dir='ltr'><strong>manus.</strong></span> 
     </span>
    </p>
   </div>
   <div class='ocr_carea' id='block_1_6' title="bbox 0 3583 15 4094">
    <p class='ocr_par' dir='ltr' id='par_1_8' title="bbox 0 3583 15 4094">
     <span class='ocr_line' id='line_1_42' title="bbox 0 3583 15 4094; textangle 90"><span class='ocrx_word' id='word_1_378' title='bbox 0 3758 15 4094; x_wconf 58' lang='lat' dir='ltr'><strong>ww</strong></span> <span class='ocrx_word' id='word_1_379' title='bbox 0 3731 7 3753; x_wconf 70' lang='grc' dir='ltr'><strong><em>ν</em></strong></span> <span class='ocrx_word' id='word_1_380' title='bbox 0 3583 11 3722; x_wconf 54' lang='lat' dir='ltr'><strong>“W-r·</strong></span> 
     </span>
    </p>
   </div>
  </div>
 </body>
</html>
