2436 4094
412 336 477 389 28
983 334 1738 386 PROLEGOMENA.

408 472 732 521 Accesserunt
774 472 837 519 ad
873 470 1042 534 Jesum
1083 466 1360 533 publicani!
1429 467 1580 531 Atqui
1626 468 1777 516 nostri
1825 467 2019 517 codices
2066 469 2130 518 ad
2165 483 2318 517 unum

408 576 582 610 omnes
628 560 732 608 sola
769 561 949 608 habent
988 560 1159 606 verba:
1215 561 1226 583 ‘
1243 558 1412 606 Posuit
1451 556 1747 620 Gregorius!
1820 557 2084 621 Sequentia
2125 565 2317 607 autem:
2373 566 2385 578 ·

409 654 420 674 ‘
438 648 641 698 Omilia:
694 648 1018 696 Accesserunt
1064 647 1128 694 ad
1168 645 1338 710 Jesum
1378 646 1654 709 publicani,'
1696 661 1855 710 neque
1897 634 1948 695 in
1982 655 2118 695 textu
2157 661 2318 710 neque

407 737 471 785 ad
502 736 772 799 marginem
803 736 942 783 ullius
976 749 1145 782 eorum
1172 734 1611 797 deprehenduntur.
1682 734 1829 783 Unde
1863 735 2024 798 liquet,
2051 735 2317 785 editoribus

398 826 556 874 alium
602 825 848 887 quendam
896 824 1118 872 codicem
1161 825 1222 872 ad
1263 840 1481 873 manum*
1505 825 1667 874 fuisse.
1736 826 1800 874 Et
1834 826 1972 875 facile
2007 826 2111 875 fieri
2147 827 2317 890 potuit,

400 923 459 963 vut
491 915 595 961 libri
621 913 818 975 quidam
842 913 1016 960 Wiclifi
1042 912 1328 976 Trialogum
1361 914 1642 962 exhibentes
1667 930 1769 962 non
1793 915 2088 964 Bohemicae
2119 915 2318 979 originis

408 1002 495 1050 sed
537 1017 597 1049 ex
639 1001 817 1062 Anglia
857 1002 964 1063 ipsa
1004 1001 1130 1049 allati
1177 1001 1240 1049 ad
1280 1002 1519 1050 editorum
1565 1017 1709 1051 usum
1757 991 2186 1066 suppeditarentur.
2254 1002 2320 1051 Et

406 1089 501 1137 huc
542 1088 746 1136 fortasse
793 1089 996 1136 tendunt
1041 1089 1120 1136 illa
1165 1090 1312 1138 verba
1356 1090 1560 1153 prologi,
1599 1092 1774 1154 quibus
1820 1093 2196 1141 humanissimus
2241 1092 2319 1140 ille

406 1176 662 1224 voluminis
703 1183 937 1239 patronus
974 1177 1035 1224 de
1070 1176 1262 1226 Wiclifo
1299 1178 1389 1226 ait:
1441 1180 1760 1244 ‘typographi
1800 1181 2041 1230 beneficio
2079 1189 2128 1231 et
2167 1195 2320 1246 opera

407 1280 508 1312 non
544 1265 725 1328 vulgari
758 1281 823 1314 ex
857 1266 1123 1330 longinquis
1158 1268 1620 1332 adscitus—prodit?
1681 1328 1689 1331 μ

1310 1549 1421 1610 IV.

874 1719 974 1776 De
1017 1717 1257 1777 ratione
1299 1716 1584 1795 editionis
1624 1716 1831 1795 huju&

477 1885 869 1934 Deliberantibus
912 1886 1069 1945 nobis,
1109 1901 1206 1949 qua
1245 1886 1322 1934 via
1359 1901 1415 1934 ac
1458 1886 1645 1933 ratione
1685 1885 1919 1932 librorum
1959 1899 2111 1933 manu
2151 1899 2320 1934 exara-

407 1983 569 2024 torum
604 1989 699 2037 ope
735 1974 882 2022 editio
917 1975 1039 2022 haec
1074 1974 1289 2038 paranda
1325 1982 1464 2032 esset,
1491 1974 1650 2037 primo
1685 1974 1736 2021 in
1770 1981 1986 2021 mentem
2020 1974 2151 2022 venit
2186 1975 2321 2038 quod

407 2062 459 2110 hi
496 2071 544 2111 et
583 2063 648 2110 illi
683 2071 1046 2126 praeceperunt.
1118 2062 1217 2118 Ubi
1259 2062 1535 2125 complures
1572 2077 1629 2110 ac
1666 2062 1838 2110 diversi
1877 2062 2075 2110 codices
2111 2061 2320 2111 conferri

408 2159 629 2214 possunt,
685 2167 812 2199 unus
864 2152 1001 2214 isque
1057 2151 1278 2199 omnium
1336 2151 1547 2213 optimus
1597 2150 1798 2212 eligitur,
1855 2150 1992 2213 cujus
2043 2157 2202 2198 textus
2256 2150 2321 2199 ad

408 2241 610 2287 verbum
657 2240 966 2302 exprimatur,
1014 2240 1308 2302 reliquorum
1353 2240 1586 2287 librorum
1632 2238 1867 2286 lectiones
1912 2239 2071 2286 variae
2118 2238 2318 2287 nonnisi

408 2328 460 2375 in
500 2329 816 2376 annotatione
859 2329 1200 2391 significantur.
1272 2328 1423 2387 Quod
1469 2328 1600 2376 haud
1648 2328 1714 2376 ita
1760 2327 1965 2376 arduum
2005 2342 2113 2376 esse
2153 2327 2317 2390 liquet.r

408 2416 595 2464 Verum
628 2417 769 2465 simul
792 2425 937 2480 atque
967 2418 1161 2465 codices
1194 2418 1329 2481 ipsos
1361 2416 1649 2479 inspiciendi
1681 2416 1824 2479 copia
1851 2416 1979 2464 facta
2009 2423 2149 2474 esset,
2174 2415 2318 2464 nobis

408 2508 750 2570 persuasimus,
791 2507 918 2555 hanc
958 2508 1086 2555 viam
1132 2508 1182 2555 in
1224 2507 1459 2568 Trialogo
1501 2506 1728 2554 codicum
1776 2520 1871 2568 ope
1918 2505 2111 2562 edendo
2157 2506 2319 2567 ingre-

409 2595 638 2644 diendam
675 2611 777 2643 non
814 2611 934 2644 esse.
1006 2594 1233 2658 Namque
1270 2596 1359 2642 etsi
1395 2595 1554 2642 codex
1588 2594 1652 2642 D.
1688 2594 1839 2641 multa
1874 2594 2072 2657 propria
2105 2601 2154 2641 et
2186 2594 2324 2642 bona

407 2692 455 2733 et
495 2686 707 2748 genuina
741 2686 931 2744 habeat,
968 2694 1133 2733 tamen
1170 2700 1246 2733 res
1283 2699 1388 2732 non
1425 2685 1491 2732 ita
1528 2699 1580 2733 50
1618 2684 1778 2742 habet,
1814 2691 1868 2731 ut
1907 2698 2034 2731 unus
2071 2683 2163 2731 iste
2199 2683 2320 2731 liber

405 2773 600 2836 reliquis
636 2774 760 2822 adeo
796 2781 1018 2836 praestet,
1056 2781 1109 2821 ut
1144 2774 1189 2821 ei
1225 2772 1482 2821 auctoritas
1521 2772 1784 2836 praecipua
1823 2779 1872 2820 et
1911 2771 2049 2820 locus
2089 2771 2319 2835 princeps

406 2863 660 2911 tribuenda
684 2863 793 2911 sint.

474 2952 645 3015 Itaque
684 2952 775 3000 alia
812 2960 859 3001 et
897 2952 1147 3000 difficiliori
1182 2952 1259 2999 via
1293 2950 1620 2999 incedendum
1654 2950 1798 2998 nobis
1834 2957 1948 2998 erat.
2019 2948 2152 2997 Nihil
2185 2948 2318 2997 enim

407 3038 644 3100 reliquum
679 3038 780 3096 fuit,
813 3038 905 3086 nisi
940 3045 1006 3095 ut,
1039 3038 1422 3100 quotiescunque
1457 3036 1562 3083 libri
1596 3036 1719 3083 inter
1755 3050 1806 3083 se
1841 3037 1975 3097 ipsos
2011 3034 2320 3082 dissentirent

409 3135 491 3174 aut
528 3128 589 3174 ab
627 3127 837 3175 editione
876 3127 1092 3190 principe
1135 3125 1431 3183 secederent,
1470 3139 1823 3187 quaereremus,
1863 3123 1971 3186 quis
2007 3122 2318 3185 potissimum

409 3215 527 3262 liber
569 3215 665 3262 sive
707 3215 788 3277 qui
829 3215 934 3263 libri
974 3223 1156 3263 rectam
1198 3221 1246 3262 et
1285 3213 1549 3276 genuinam
1589 3219 1876 3260 testarentur
1915 3211 2174 3259 verborum
2219 3209 2318 3258 for-

410 3317 555 3350 mam.
645 3302 758 3351 Hac
804 3303 854 3350 in
901 3319 953 3351 re
999 3303 1145 3352 editio
1185 3302 1412 3365 princeps
1458 3301 1634 3349 nullius
1680 3299 1884 3348 omnino
1930 3298 2162 3362 ponderis
2208 3312 2317 3346 esse

408 3399 611 3453 poterat,
636 3391 740 3439 libri
773 3392 862 3440 soli
893 3408 1042 3441 manu
1074 3393 1254 3441 exarati
1291 3391 1572 3440 auctoritate
1609 3390 1769 3452 aliqua
1801 3387 1983 3452 pollere
2017 3387 2315 3437 videbantur.

408 3476 582 3540 Neque
623 3492 750 3535 vem,
788 3479 871 3526 ubi
910 3479 1070 3541 plures
1112 3479 1218 3527 libri
1255 3478 1475 3536 alteram,
1512 3492 1638 3525 unus
1678 3477 1877 3525 alteram
1913 3474 2176 3524 lectionem
2211 3483 2315 3523 tue-

406 3567 593 3623 bantur,
632 3565 720 3613 illis
758 3581 954 3627 prorsus
996 3566 1356 3616 assentiendum
1395 3574 1521 3626 erat;
1567 3564 1660 3614 sed
1698 3564 1978 3628 saepissime
2013 3577 2166 3627 unum
2201 3577 2314 3626 pro-
