2496 4108
308 1296 405 1318 Clatul‘
439 1298 518 1329 Oel'la

1065 467 1491 531 JOANNIS
1561 467 1911 518 WICLIF
2213 486 2369 516 Lmrv,

621 604 681 651 de
720 602 1005 650 necessitate
1047 602 1281 659 evenient,
1318 602 1537 649 absolute
1580 602 1908 649 necessarium
1938 605 2029 659 est,
2067 601 2202 664 quod
2237 601 2374 649 dam-

621 693 761 732 natus
786 691 936 746 ponat
960 684 1154 730 obicem
1178 684 1228 730 in
1246 683 1539 745 peccando¹.
1597 682 1661 730 Et
1679 698 1765 745 per
1782 698 2093 746 consequens
2112 682 2372 731 damnatus

620 766 859 813 infinitum
895 779 1130 826 magnum
1168 765 1355 812 bonum
1395 764 1671 812 commodi²
1706 764 1919 822 haberet,
1957 764 1998 813 si
2033 778 2136 812 non
2170 771 2378 827 poneret

622 847 814 896 obicem
849 846 900 892 in
935 845 1206 908 peccando,
1282 845 1360 892 Ex
1390 845 1678 908 impossibili
1711 846 1842 893 enim
1879 845 2092 908 sequitur
2127 844 2375 908 quidlibet,

622 936 674 975 ut
712 941 954 989 suppono.
1026 926 1149 974 Ideo
1186 927 1351 974 dicunt
1392 927 1484 985 alii,
1521 926 1655 988 quod
1696 927 1938 988 quantitas
1980 941 2173 988 poenae
2209 925 2376 974 damni

624 1008 881 1057 attenditur
912 1020 1065 1070 penes
1097 1009 1414 1070 quantitatem
1446 1008 1564 1054 boni
1598 1007 1863 1065 commodi,
1888 1007 2023 1069 quod
2054 1007 2200 1055 habet
2231 1006 2376 1070 plene

625 1090 843 1147 salvatus,
870 1090 951 1152 qui
976 1097 1047 1137 est
1073 1105 1185 1136 cum
1212 1089 1469 1137 damnato³
1493 1089 1756 1136 consimilis
1781 1089 1972 1150 speciei.

695 1171 792 1219 Sed
816 1171 1158 1233 relinquendo*
1183 1171 1431 1218 materiam
1455 1171 1597 1217 istam
1626 1170 1895 1231 juvenibus,
1921 1177 1968 1216 et
1997 1169 2120 1216 forte
2145 1182 2234 1231 pro
2261 1168 2376 1218 loco

533 1231 547 1277 5
625 1252 879 1301 tractatus⁶
898 1252 1204 1300 beatitudinis
1223 1251 1577 1299 retractandam
1586 1252 1616 1308 ⁶,
1643 1265 1778 1313 pono
1798 1251 2121 1298 conclusionem
2137 1251 2378 1298 secundam

624 1336 675 1382 in
699 1335 948 1397 proposita
966 1335 1176 1392 materia,
1198 1334 1281 1381 ubi
1301 1333 1399 1380 dixi
1424 1332 1584 1395 quod⁷
1602 1332 1899 1395 impossibile
1918 1339 1992 1380 est
2010 1332 2221 1394 aliquem
2241 1333 2379 1381 dam-

624 1426 792 1464 natum
811 1417 967 1478 puniri
986 1430 1147 1477 poena
1163 1415 1342 1472 damni,
1361 1414 1453 1462 nisi
1471 1414 1617 1461 etiam
1635 1414 1831 1476 punitus
1851 1413 1990 1460 fuerit
2008 1428 2172 1476 poena
2191 1411 2376 1462 sensus.

625 1499 746 1546 Ideo
770 1498 888 1545 tales
914 1497 1116 1560 irffantes
1140 1497 1353 1543 damnali
1372 1496 1517 1543 etiam
1542 1494 1861 1542 decedentes8
1885 1495 1935 1541 in
1964 1495 2110 1542 uteris
2133 1495 2376 1553 maternis,

623 1574 843 1627 videntur
865 1579 983 1626 mihi
1006 1578 1183 1626 habere
1208 1578 1419 1640 aliquam
1443 1591 1657 1639 poenam
1677 1591 1872 1635 sensus;
1914 1591 2026 1624 cum
2050 1576 2183 1623 enim
2207 1589 2380 1624 sensus

623 1661 812 1708 illorum
848 1661 1102 1724 spirituum
1139 1667 1250 1707 sunt
1285 1659 1548 1706 vivaciores
1583 1672 1732 1720 quam
1770 1671 1943 1705 sensus
1981 1657 2148 1715 nostri,
2184 1665 2232 1705 et
2266 1654 2392 1705 cum'

623 1743 717 1790 hoc
758 1742 1037 1804 imperfecte
1079 1748 1385 1803 cognoscunt
1426 1739 1772 1787 beatitudinem
1821 1735 2153 1797 salvatorum⁹,
2193 1738 2381 1787 videtur

623 1824 757 1886 quod
780 1824 960 1871 habent
985 1824 1205 1871 dolorem
1230 1822 1438 1884 aliquem
1464 1821 1599 1883 quod
1624 1829 1735 1868 sunt
1760 1821 1822 1868 ab
1846 1820 1925 1868 illa
1949 1820 2246 1869 beatitudine
2269 1819 2381 1869 des-

623 1905 760 1963 tituti,
786 1913 833 1952 et
864 1905 1003 1952 dolor
1034 1905 1140 1952 talis
1172 1903 1296 1951 foret
1329 1902 1602 1953 necessario
1639 1916 1802 1963 poena
1835 1916 2021 1949 sensus.
2092 1900 2211 1950 Non
2245 1902 2378 1950 enim

624 1987 808 2034 videtur
831 1986 965 2048 quod
988 1986 1125 2033 Deus
1157 1986 1228 2032 ad·
1252 1983 1574 2046 mitigandum
1606 1997 1820 2044 poenam
1843 1982 2011 2030 talium
2044 1983 2298 2046 suspendit
2329 1984 2382 2032 in

624 2068 713 2116 illis
748 2082 947 2115 omnem
982 2068 1202 2115 notitiam
1237 2065 1545 2113 beatitudinis
1581 2065 1847 2122 beatorum,
1873 2062 2030 2126 quia¹⁰
2065 2064 2134 2112 sic
2167 2060 2381 2114 videndo

626 2149 890 2197 confratres
916 2163 1031 2195 suos
1069 2148 1325 2195 damnatos
1350 2153 1397 2191 et
1422 2159 1584 2206 poena
1620 2159 1791 2191 sensus
1824 2145 2021 2206 punitos
2053 2142 2215 2193 forent
2237 2145 2380 2197 beati,

625 2231 738 2292 quia
771 2230 1003 2276 haberent
1038 2227 1273 2291 quidquid
1307 2226 1493 2283 vellent,
1521 2233 1568 2272 et
1603 2225 1720 2271 nihil
1755 2225 1869 2272 mali
1904 2225 2078 2273 vellent
2092 2241 2106 2285 3
2157 2227 2380 2288 quamvis

626 2311 755 2358 enim
775 2310 987 2358 damnati
1005 2310 1150 2357 velint
1169 2324 1230 2356 ex
1249 2307 1438 2364 invidia,
1459 2306 1593 2368 quod
1613 2305 1828 2353 damnati
1847 2306 1926 2354 alii
1946 2307 2039 2354 sint
2057 2309 2224 2370 puniti,
2244 2308 2379 2371 quod

625 2400 697 2440 est
720 2406 953 2453 magnum
977 2391 1159 2438 malum
1182 2404 1387 2452 poenae,
1414 2396 1462 2435 et
1486 2403 1571 2450 per
1604 2402 1912 2450 consequens
1945 2403 2058 2435 cum
2090 2389 2148 2437 sit
2175 2390 2376 2453 justum,

624 2473 760 2520 Deus
792 2480 839 2520 et
871 2487 1044 2519 omnes
1078 2472 1204 2519 beati
1236 2470 1403 2518 volunt
1435 2469 1576 2517 etiam
1600 2469 1727 2516 ‘illud
1760 2469 1956 2518 malum.
2026 2469 2378 2520 Verumtamen

625 2555 707 2617 qui
732 2570 834 2602 non
865 2554 964 2601 vult
989 2552 1121 2600 sibill
1146 2552 1376 2614 implicite
1407 2565 1498 2598 nec
1532 2551 1754 2612 explicite
1778 2550 1960 2598 malum
1991 2551 2175 2614 culpae,
2208 2552 2380 2601 neces-‘-

626 2636 751 2684 sario
777 2643 851 2683 est
883 2636 1067 2692 beatuS‚
1102 2649 1214 2682 cum
1249 2633 1468 2682 Christus
1494 2631 1582 2679 fuit
1611 2633 1782 2680 beatus
1813 2632 1863 2679 in
1894 2632 1986 2691 via,
2011 2640 2060 2680 et
2089 2647 2263 2683 omnes
2285 2647 2379 2683 nos

626 2717 853 2764 continue
864 2715 901 2742 ¹²
947 2715 1064 2763 dum
1120 2729 1397 2777 peccamus,
1444 2713 1668 2760 volumus
1723 2713 1867 2761 nobis
1913 2712 2144 2775 implicite
2195 2713 2383 2762 malum-

626 2799 809 2860 culpae.
869 2797 990 2845 Ideo
1008 2798 1118 2845 licet
1137 2805 1237 2844 tam
1262 2795 1476 2844 damnati
1496 2809 1644 2856 quam
1668 2794 1795 2842 beati
1815 2794 1960 2842 velint
1984 2794 2166 2842 malum
2188 2809 2380 2859 poenae

625 2887 672 2926 et
696 2879 878 2926 malum
911 2879 1082 2940 culpae
1115 2893 1205 2940 pro
1240 2891 1329 2924 suo
1362 2884 1583 2937 tempore
1615 2876 1774 2923 inesse
1799 2876 1888 2923 sibi
1912 2875 1988 2923 vel
2020 2875 2141 2935 aliis,
2165 2876 2383 2925 beatus¹³

626 2959 833 3008 tamen¹4
868 2960 1141 3007 necessario
1177 2973 1267 3020 pro
1304 2966 1538 3019 tempore,
1565 2972 1664 3018 quo
1700 2964 1772 3004 est
1807 2957 1992 3015 beatus,
2018 2972 2121 3005 non
2155 2957 2254 3006 vult
2288 2958 2379 3007 sibi

624 3043 782 3090 inesse
823 3041 1087 3104 aliqualiter
1128 3039 1311 3087 malum
1353 3038 1538 3100 culpae.
1609 3037 1672 3085 Et
1711 3037 1778 3084 sic
1817 3037 2035 3100 intelligit
2069 3037 2379 3101 Augus-lmus,

680 3183 691 3206 ¹
723 3183 804 3224 Sed
817 3183 1127 3234 modo—ponat
1137 3181 1300 3221 obicem
1315 3180 1358 3219 in
1372 3178 1602 3231 peccando]
1618 3191 1700 3219 om.
1718 3179 1773 3218 D.
1790 3192 1863 3232 per
1876 3179 2090 3220 incuriam.
2175 3180 2192 3204 ²
2218 3181 2375 3223 bonum

625 3237 854 3290 commodi]
875 3237 974 3277 boni
993 3236 1270 3280 commodum,
1291 3235 1354 3274 ed.
1376 3247 1436 3286 pr.
1733 3234 1748 3256 ³
1776 3234 1995 3287 damnato]
2017 3234 2299 3282 damnificato,
2319 3237 2374 3280 D.

626 3292 689 3330 ed.
709 3305 769 3344 pr.
1009 3290 1025 3313 ¹
1051 3289 1335 3341 relinquendo]
1358 3287 1553 3339 relinquo,
1574 3287 1730 3329 A.B.C.
1750 3288 1814 3327 ed.
1833 3301 1895 3341 pr.
2106 3288 2124 3312 ⁶
2152 3291 2375 3344 tractatus]

631 3351 797 3390 tractus,
819 3346 882 3384 ed.
900 3358 961 3397 pr.
1143 3345 1159 3366 ⁶
1187 3341 1505 3393 retractandam]
1527 3342 1796 3388 retractanda,
1816 3343 1878 3381 ed.
1899 3355 1963 3395 pr.
2145 3343 2162 3366 ⁷
2188 3344 2260 3384 ubi
2279 3345 2377 3390 dixi,

628 3400 756 3451 quod]
779 3400 901 3451 quod,
923 3398 1078 3437 A.B.C.
1263 3397 1277 3419 ⁸
1305 3396 1567 3447 decedentes]
1585 3395 1835 3442 decidentes,
1857 3396 1981 3442 B.C.;
2009 3397 2209 3445 damnati,
2228 3398 2292 3438 ed.
2311 3412 2375 3452 pr.

628 3453 643 3475 ⁹
673 3453 942 3505 salvatorum]
964 3452 1191 3497 salvatoris,
1212 3451 1366 3491 A.B.C.
1387 3450 1450 3489 ed.
1472 3463 1533 3502 pr.
1671 3451 1701 3473 ¹⁰
1729 3450 1843 3502 quia]
1862 3451 1945 3502 qui,
1967 3451 2123 3491 A.B.C.
2207 3464 2210 3466 ’
2233 3451 2263 3476 ¹¹
2291 3465 2376 3493 non

627 3507 713 3546 vult
748 3507 844 3558 sibi]
879 3520 964 3546 non
996 3506 1083 3545 vult
1116 3518 1203 3551 nec.
1240 3506 1286 3544 Β.
1321 3504 1533 3549 secundae,
1568 3503 1616 3543 C.
1654 3503 1811 3556 primae
1847 3517 2020 3550 manus;
2063 3518 2148 3546 non
2186 3505 2287 3552 vult,
2320 3507 2376 3546 A.

600 3560 604 3636 1
629 3561 657 3583 12
686 3560 895 3612 continue]
918 3574 998 3600 om.
1022 3561 1174 3599 A.B.C.
1196 3559 1258 3598 ed.
1279 3573 1338 3611 pr.
1477 3558 1507 3582 ¹³
1536 3557 1699 3610 beatus]
1720 3558 1863 3605 beatis,
1884 3558 2040 3599 A.B.C.
2156 3559 2187 3584 ²⁴
2214 3561 2373 3613 tamen]

601 3645 604 3667 2
630 3620 766 3653 tamen
787 3628 891 3660 cum,
912 3615 973 3654 ed.
995 3627 1054 3666 pr.

2487 563 2496 599 ἱ

2491 605 2496 613 .
