2436 4094
326 465 399 517 40

1011 442 1433 511 JoANNJS
1494 442 1842 493 WICLIF
2179 460 2304 490 mar.

556 588 673 627 tunc
711 580 867 642 prima
908 593 1053 626 causa
1090 586 1175 636 est,
1213 592 1325 624 cum
1361 577 1414 623 in
1454 576 1623 624 ordine
1661 591 1915 624 causarum
1950 575 2107 624 homo
2139 581 2308 639 posset

555 662 818 723 procedere
856 660 1054 707 infinite.
1140 658 1272 705 Sicut
1313 659 1443 706 enim
1481 658 1634 706 diviso
1676 658 1858 705 lumine
1899 659 1951 705 in
1993 673 2104 706 suas
2141 663 2307 720 partes

555 742 943 804 proportionales
989 742 1217 798 minores,
1265 755 1430 788 versus
1476 740 1786 798 luminosum,
1829 741 1987 802 prima
2031 754 2144 803 pars
2190 753 2307 802 pro-

555 823 835 886 portionalis
870 830 1089 870 causatur
1121 837 1150 870 a
1182 821 1409 879 secunda,
1435 829 1483 869 et
1515 822 1584 870 sic
1615 823 1667 869 in
1699 822 1953 879 infinitum,
1979 829 2027 869 et
2058 821 2128 869 sic
2159 821 2307 870 etiam

556 904 629 950 in1
654 904 850 950 infinitis
875 903 1080 960 casibus,
1106 904 1158 949 in
1182 898 1380 964 quibus2
1405 910 1597 964 oportet
1620 902 1884 965 procedere
1909 903 2106 950 infinite.

623 983 893 1031 Phrenesis.
965 983 1112 1032 Soror
1135 980 1327 1031 nostra3
1352 991 1537 1032 mature
1569 985 1789 1047 procedit
1820 985 2112 1042 concedenS,
2137 997 2308 1046 quem-

556 1066 671 1113 libet
695 1073 921 1127 oportere
952 1065 1220 1113 concedere
1244 1064 1408 1112 Deum
1440 1080 1574 1127 esse3
1613 1074 1658 1113 et
1688 1073 1799 1113 tuae
1829 1065 2084 1113 instantiae
2119 1063 2309 1126 sophis-

558 1149 679 1195 ticae
721 1161 823 1193 non
870 1147 1178 1195 concludunt.
1262 1146 1326 1193 Et
1367 1145 1435 1194 sic
1482 1162 1543 1194 ex
1590 1147 1802 1209 qualibet
1846 1146 2070 1209 negativa
2114 1152 2309 1208 oportet

559 1228 827 1276 concedere
859 1228 995 1290 sequi
1027 1228 1289 1276 formaliter
1313 1227 1656 1286 affirmativam,
1682 1229 1795 1290 quia
1824 1228 1987 1276 Deum
2011 1242 2132 1286 esse,
2159 1227 2312 1290 quae⁴

558 1317 628 1357 est
674 1310 804 1371 prius
851 1308 1125 1367 formaliter,
1174 1325 1321 1372 quam
1369 1309 1541 1357 veritas
1603 1309 1664 1357 de
1718 1309 1949 1372 possibili,
1998 1309 2072 1357 vel
2125 1304 2312 1372 aliqua⁶
2365 1323 2370 1332 “

558 1390 780 1453 negativa
793 1406 805 1450 ;
859 1406 971 1438 cum
1008 1398 1233 1457 sequatur
1268 1391 1543 1446 formaliter,
1580 1391 1699 1438 nihil
1734 1399 1821 1449 est,
1858 1405 1976 1453 ergo
2010 1387 2184 1438 veritas
2218 1397 2305 1449 est,

558 1472 692 1534 quod
728 1471 845 1518 nihil
881 1480 953 1519 est
965 1488 978 1532 ;
1032 1487 1144 1520 cum
1180 1469 1471 1521 antecedens
1507 1472 1624 1520 nihil
1659 1472 1811 1535 ponit,
1837 1472 1928 1519 nisi
1963 1470 2098 1534 quod
2131 1471 2183 1519 in
2217 1485 2309 1519 suo

558 1561 887 1615 consequente
919 1553 1182 1601 formaliter
1213 1555 1509 1617 implicatur3
1547 1561 1595 1601 et
1619 1554 1686 1601 sic
1719 1569 1780 1601 ex
1803 1553 2026 1615 negativa
2049 1552 2312 1601 formaliter

559 1635 771 1696 sequitur
802 1634 1095 1692 affirmativa,
1131 1635 1240 1682 licet
1271 1635 1504 1697 insipiens
1534 1631 1678 1683 illud⁶
1707 1641 1866 1696 neget.
1938 1633 2046 1682 Nec
2070 1633 2312 1696 quaelibet

560 1715 839 1763 affirmativa
862 1715 1188 1763 indifferenter
1221 1717 1434 1779 sequitur
1466 1732 1528 1764 ex
1561 1716 1773 1779 qualibet
1807 1716 2042 1778 negativa,
2069 1714 2156 1763 sed
2186 1714 2311 1763 affir-

560 1797 736 1845 mativa
770 1797 1068 1844 vehementis
1110 1797 1403 1856 existentiae,
1448 1798 1722 1860 cujusmodi
1765 1797 2078 1846 concedimus
2122 1793 2312 1845 Deum?

562 1894 683 1926 esse.
753 1878 816 1926 Et
841 1879 908 1926 sic
933 1886 1169 1941 quantum
1202 1880 1265 1926 ad
1287 1881 1530 1945 secundum
1563 1887 1917 1942 argumentum,
1942 1886 2091 1942 patet,
2113 1877 2248 1946 quod
2272 1877 2314 1926 si

563 1960 734 2007 veritas
766 1968 851 2017 est,
877 1956 1017 2007 tunc⁸
1048 1960 1252 2022 simplex
1275 1946 1448 2008 veritas
1473 1969 1559 2018 est,
1586 1968 1634 2008 et
1665 1962 1734 2008 sic
1758 1960 1895 2008 Deus
1924 1967 2010 2018 est,
2036 1960 2149 2023 quia
2179 1960 2219 2008 si
2250 1960 2315 2008 sit

565 2040 687 2088 ordo
707 2054 972 2097 causarum,
999 2054 1145 2088 causa
1168 2041 1324 2102 prima
1355 2047 1441 2099 est,
1468 2057 1615 2105 quam
1648 2042 1968 2104 supponimus
2000 2056 2109 2090 esse
2132 2040 2311 2090 Deum.

563 2121 814 2180 Quantum
839 2122 902 2169 ad
925 2123 1104 2168 tertiam
1137 2112 1413 2170 instantiam
1447 2123 1507 2171 de
1539 2137 1771 2185 processu
1801 2123 1853 2170 in
1883 2123 2139 2181 infinitum,
2164 2129 2313 2186 patet,

562 2203 695 2265 quod
730 2203 888 2249 omnis
924 2202 1029 2250 talis
1063 2217 1336 2263 processus,
1375 2219 1520 2264 quem
1556 2204 1673 2251 false
1709 2204 1949 2251 infinitum
1985 2204 2204 2263 dicimus,
2229 2211 2316 2253 *est

562 2279 856 2330 resolubilis⁹
885 2283 947 2330 ad
983 2283 1184 2340 finitum,
1220 2298 1332 2330 cum
1369 2299 1515 2332 omne
1547 2285 1846 2332 individuum
1870 2285 2126 2333 resolubile
2162 2285 2222 2333 sit
2251 2285 2316 2334 ad

564 2354 791 2426 speciem,
818 2372 864 2412 et
889 2365 1050 2412 omnis
1075 2353 1332 2413 multitudo
1357 2367 1626 2428 specierum
1656 2374 1729 2414 est
1752 2367 2019 2415 resolubilis
2043 2368 2107 2415 ad
2129 2383 2286 2430 genus
2300 2384 2314 2430 3

565 2453 612 2493 et
655 2445 723 2493 sic
764 2446 987 2504 infinitas,
1027 2462 1174 2508 quam
1215 2447 1332 2494 false
1373 2463 1519 2495 vocas
1560 2449 1610 2495 in
1647 2450 1861 2510 partibus
1898 2449 2093 2498 luminis
2133 2443 2208 2498 vel
2243 2451 2318 2499 sui

565 2528 780 2590 subjecti,
806 2528 1074 2575 resolubilis
1099 2530 1171 2576 est
1202 2529 1264 2576 ad
1289 2543 1431 2576 suum
1454 2530 1710 2592 integrum,
1737 2530 1827 2577 et¹⁰
1851 2530 1968 2578 illud
1991 2531 2234 2594 integrum
2265 2533 2317 2580 in

564 2609 705 2666 aliud,
733 2617 780 2656 et
811 2609 876 2656 ita
907 2624 1160 2671 quousque
1192 2610 1469 2657 deveniatur
1494 2611 1556 2658 ad
1580 2610 1835 2673 primum11
1858 2627 2051 2676 corpuS,
2077 2611 2211 2676 quod
2242 2621 2318 2662 est

563 2690 785 2748 mundus,
829 2698 877 2738 et
924 2691 992 2738 sic
1036 2691 1097 2738 de
1143 2692 1359 2754 partibus
1399 2693 1584 2751 mundi,
1633 2687 1759 2757 quae
1807 2701 1919 2741 sunt
1966 2694 2171 2756 spiritus,
2253 2694 2319 2744 Et

562 2771 777 2829 breviter,
810 2787 922 2819 cum
977 2772 1120 2838 nobis
1171 2773 1412 2820 infinitum
1421 2773 1457 2800 ¹²
1504 2774 1563 2821 sit
1616 2774 2008 2833 demonstrabile,
2063 2775 2318 2825 manifeste

563 2861 814 2915 repugnat,
848 2854 981 2916 quod
1014 2854 1173 2916 aliqua
1208 2854 1268 2902 sit
1299 2855 1487 2913 veritas,
1512 2856 1603 2903 nisi
1627 2856 1688 2903 sit
1719 2856 1875 2918 prima
1906 2856 2079 2905 veritas
2113 2857 2316 2916 infinita,

563 2942 609 2982 et
633 2935 711 2982 illa
735 2936 1019 2997 supponitur
1044 2950 1150 2982 esse
1175 2934 1323 2983 Deus.
1394 2935 1530 2983 Deus
1554 2944 1714 2984 autem
1746 2944 1819 2984 est
1842 2937 1999 2999 prima
2030 2945 2078 2985 et
2111 2926 2318 3001 simplex

566 3009 815 3063 affirmatio
843 3031 1050 3078 sequens
1076 3016 1138 3063 ad
1162 3016 1423 3078 quamlibet
1446 3017 1707 3074 veritatem,
1734 3018 1803 3065 sic
1827 3017 1962 3079 quod
1985 3017 2165 3066 claudit
2198 3034 2317 3068 con-

565 3097 899 3145 tradictionem
924 3097 1189 3156 formalem,
1211 3097 1472 3161 aliqualiter
1495 3113 1617 3157 esse,
1637 3099 1711 3146 vel
1735 3099 1999 3162 aliqualiter
2022 3115 2169 3163 posse
2193 3115 2318 3160 esse,

620 3244 634 3268 ¹
662 3245 785 3285 etiam
803 3245 864 3298 in]
886 3245 948 3292 de,
970 3246 1025 3285 D.
1170 3245 1186 3269 ²
1213 3246 1256 3286 in
1275 3246 1440 3299 quibus]
1462 3247 1620 3299 quibus,
1642 3246 1798 3287 A.B.C.
1819 3248 1881 3287 ed.
1901 3260 1963 3300 pr.
2108 3248 2127 3273 ⁸
2151 3250 2314 3304 nostra]

568 3299 721 3339 A.B.C.
862 3299 877 3323 4
896 3300 1017 3354 quae]
1035 3300 1157 3352 quod,
1172 3302 1220 3341 C.
1357 3301 1372 3324 ⁵
1399 3301 1553 3353 aliqua]
1576 3301 1668 3348 alia,
1689 3302 1845 3342 A.B.C.
1866 3302 1930 3343 ed.
1950 3315 2011 3354 pr.
2150 3304 2166 3327 ⁶
2193 3304 2316 3357 illud]

568 3365 671 3400 mea,
702 3354 822 3399 istud,
854 3355 907 3393 D.
1015 3403 1017 3405 Ι
1136 3354 1153 3378 ⁷
1180 3355 1335 3408 Deum]
1367 3356 1532 3400 omittit,
1562 3356 1623 3395 ed.
1653 3368 1714 3408 pr.
1906 3357 1921 3386 ³
1949 3356 2066 3409 tunc]
2098 3370 2180 3398 om.
2211 3358 2316 3398 A.B.

568 3406 583 3428 ⁹
612 3406 813 3447 infinitum
852 3406 1037 3454 dicimus,
1076 3414 1138 3448 est
1177 3409 1424 3462 resolubilis]
1461 3422 1585 3449 vocas
1621 3409 1836 3456 infinitum,
1874 3410 2047 3451 dicimus
2084 3423 2173 3452 esse
2210 3425 2318 3453 reso-

568 3459 747 3507 lubilem,
779 3462 959 3508 A.B.C.;
1001 3462 1204 3502 infinitum
1233 3463 1405 3503 dicimus
1433 3476 1520 3503 esse
1548 3464 1821 3510 resolubilern‚
1851 3463 1913 3504 ed.
1935 3477 1996 3516 pr.
2125 3465 2156 3488 ¹⁰
2184 3465 2244 3518 et]
2274 3471 2316 3506 et

568 3513 638 3604 sig„
659 3514 714 3553 D.
866 3516 895 3539 ¹¹
925 3516 1121 3570 primurn]
1144 3517 1315 3565 finitum,
1337 3518 1489 3559 A.B.C.
1510 3518 1573 3558 ed.
1594 3531 1654 3572 pr.
1818 3518 1850 3542 ¹²
1876 3517 2099 3573 infinitum]
2124 3518 2316 3569 infinitas,

568 3578 590 3605 e
623 3596 631 3605 .
652 3579 712 3619 pr.

2029 3632 2046 3674 ε’
