<?xml version="1.0" encoding="UTF-8"?>
<!DOCTYPE html PUBLIC "-//W3C//DTD XHTML 1.0 Transitional//EN"
    "http://www.w3.org/TR/xhtml1/DTD/xhtml1-transitional.dtd">
<html xmlns="http://www.w3.org/1999/xhtml" xml:lang="en" lang="en">
 <head>
  <title>
</title>
<meta http-equiv="Content-Type" content="text/html;charset=utf-8" />
  <meta name='ocr-system' content='tesseract 3.04.00' />
  <meta name='ocr-capabilities' content='ocr_page ocr_carea ocr_par ocr_line ocrx_word'/>
</head>
<body>
  <div class='ocr_page' id='page_1' title='image "./trialoguscumsupp00wycluoft_0385.png"; bbox 0 0 2462 4114; ppageno 0'>
   <div class='ocr_carea' id='block_1_1' title="bbox 0 0 127 2246">
    <p class='ocr_par' dir='ltr' id='par_1_1' title="bbox 0 0 127 2246">
     <span class='ocr_line' id='line_1_1' title="bbox 0 0 127 2246; baseline 0 0"><span class='ocrx_word' id='word_1_1' title='bbox 0 0 127 2246; x_wconf 95' lang='lat' dir='ltr'><strong> </strong></span> 
     </span>
    </p>
   </div>
   <div class='ocr_carea' id='block_1_2' title="bbox 26 383 1280 478">
    <p class='ocr_par' dir='ltr' id='par_1_2' title="bbox 26 383 1280 478">
     <span class='ocr_line' id='line_1_2' title="bbox 26 383 1280 478; baseline 0.002 -27"><span class='ocrx_word' id='word_1_2' title='bbox 26 402 63 478; x_wconf 71' lang='lat' dir='ltr'><strong>J.</strong></span> <span class='ocrx_word' id='word_1_3' title='bbox 109 420 263 462; x_wconf 48' lang='lat' dir='ltr'><strong>ma.</strong></span> <span class='ocrx_word' id='word_1_4' title='bbox 710 402 822 451; x_wconf 85' lang='lat' dir='ltr'><strong>TR</strong></span> <span class='ocrx_word' id='word_1_5' title='bbox 840 403 931 452; x_wconf 79' lang='grc' dir='ltr'><strong>[Α</strong></span> <span class='ocrx_word' id='word_1_6' title='bbox 954 405 1000 452; x_wconf 84' lang='lat' dir='ltr'><em>L</em></span> <span class='ocrx_word' id='word_1_7' title='bbox 1027 406 1069 455; x_wconf 90' lang='lat'><em>0</em></span> <span class='ocrx_word' id='word_1_8' title='bbox 1091 405 1138 455; x_wconf 80' lang='lat' dir='ltr'><em>G</em></span> <span class='ocrx_word' id='word_1_9' title='bbox 1163 405 1280 455; x_wconf 63' lang='grc' dir='ltr'><strong>σε.</strong></span> 
     </span>
    </p>
   </div>
   <div class='ocr_carea' id='block_1_3' title="bbox 769 776 1203 826">
    <p class='ocr_par' dir='ltr' id='par_1_3' title="bbox 769 776 1203 826">
     <span class='ocr_line' id='line_1_3' title="bbox 769 776 1203 826; baseline 0.005 -2"><span class='ocrx_word' id='word_1_10' title='bbox 769 776 810 824; x_wconf 92' lang='lat' dir='ltr'>C</span> <span class='ocrx_word' id='word_1_11' title='bbox 821 777 863 823; x_wconf 90' lang='lat' dir='ltr'>A</span> <span class='ocrx_word' id='word_1_12' title='bbox 874 776 926 824; x_wconf 91' lang='lat' dir='ltr'><strong>P.</strong></span> <span class='ocrx_word' id='word_1_13' title='bbox 966 777 1203 826; x_wconf 86' lang='lat' dir='ltr'>XXXVI.</span> 
     </span>
    </p>
   </div>
   <div class='ocr_carea' id='block_1_4' title="bbox 491 919 1485 984">
    <p class='ocr_par' dir='ltr' id='par_1_4' title="bbox 491 919 1485 984">
     <span class='ocr_line' id='line_1_4' title="bbox 491 919 1485 984; baseline 0.003 -18"><span class='ocrx_word' id='word_1_14' title='bbox 491 919 694 967; x_wconf 83' lang='lat' dir='ltr'><em>Fratres</em></span> <span class='ocrx_word' id='word_1_15' title='bbox 715 921 935 967; x_wconf 82' lang='lat' dir='ltr'><strong>seducunt</strong></span> <span class='ocrx_word' id='word_1_16' title='bbox 954 937 1111 984; x_wconf 82' lang='lat' dir='ltr'><strong>regna,</strong></span> <span class='ocrx_word' id='word_1_17' title='bbox 1137 936 1250 982; x_wconf 85' lang='lat' dir='ltr'><strong>quae</strong></span> <span class='ocrx_word' id='word_1_18' title='bbox 1274 923 1485 969; x_wconf 84' lang='lat' dir='ltr'><strong>incolunt.</strong></span> 
     </span>
    </p>
   </div>
   <div class='ocr_carea' id='block_1_5' title="bbox 177 1062 1864 1128">
    <p class='ocr_par' dir='ltr' id='par_1_5' title="bbox 177 1062 1864 1128">
     <span class='ocr_line' id='line_1_5' title="bbox 177 1062 1864 1128; baseline -0.002 -15"><span class='ocrx_word' id='word_1_19' title='bbox 177 1063 378 1113; x_wconf 77' lang='lat' dir='ltr'><strong>Alithia.</strong></span> <span class='ocrx_word' id='word_1_20' title='bbox 448 1062 721 1113; x_wconf 89' lang='lat' dir='ltr'><strong>Considero</strong></span> <span class='ocrx_word' id='word_1_21' title='bbox 769 1065 903 1127; x_wconf 91' lang='lat' dir='ltr'><strong>quod</strong></span> <span class='ocrx_word' id='word_1_22' title='bbox 950 1080 1121 1128; x_wconf 85' lang='lat' dir='ltr'><strong>aspere</strong></span> <span class='ocrx_word' id='word_1_23' title='bbox 1170 1067 1258 1114; x_wconf 88' lang='lat' dir='ltr'><strong>sed</strong></span> <span class='ocrx_word' id='word_1_24' title='bbox 1304 1082 1406 1114; x_wconf 90' lang='lat' dir='ltr'><strong>non</strong></span> <span class='ocrx_word' id='word_1_25' title='bbox 1454 1065 1593 1114; x_wconf 89' lang='lat' dir='ltr'><strong>satis¹</strong></span> <span class='ocrx_word' id='word_1_26' title='bbox 1642 1064 1864 1112; x_wconf 86' lang='lat' dir='ltr'>detexisti</span> 
     </span>
    </p>
   </div>
   <div class='ocr_carea' id='block_1_6' title="bbox 11 1144 1864 1535">
    <p class='ocr_par' dir='ltr' id='par_1_6' title="bbox 0 1144 1864 1459">
     <span class='ocr_line' id='line_1_6' title="bbox 32 1144 1863 1210; baseline -0.002 -15.052"><span class='ocrx_word' id='word_1_27' title='bbox 32 1190 38 1203; x_wconf 67' lang='lat'><em>„</em></span> <span class='ocrx_word' id='word_1_28' title='bbox 95 1145 341 1196; x_wconf 64' lang='lat' dir='ltr'><strong>‘versutias</strong></span> <span class='ocrx_word' id='word_1_29' title='bbox 358 1144 776 1209; x_wconf 88' lang='lat' dir='ltr'><strong>pseudofratrum;</strong></span> <span class='ocrx_word' id='word_1_30' title='bbox 814 1147 900 1194; x_wconf 88' lang='lat' dir='ltr'><strong>sed</strong></span> <span class='ocrx_word' id='word_1_31' title='bbox 919 1146 1010 1205; x_wconf 88' lang='lat' dir='ltr'><strong>die,</strong></span> <span class='ocrx_word' id='word_1_32' title='bbox 1028 1162 1225 1209; x_wconf 83' lang='lat' dir='ltr'><strong>quaeSO,</strong></span> <span class='ocrx_word' id='word_1_33' title='bbox 1247 1148 1591 1210; x_wconf 88' lang='lat' dir='ltr'><strong>particularius,</strong></span> <span class='ocrx_word' id='word_1_34' title='bbox 1610 1145 1863 1209; x_wconf 89' lang='lat' dir='ltr'><strong>quomodo</strong></span> 
     </span>
     <span class='ocr_line' id='line_1_7' title="bbox 108 1226 1864 1292; baseline -0.002 -15.224"><span class='ocrx_word' id='word_1_35' title='bbox 108 1227 348 1277; x_wconf 80' lang='lat' dir='ltr'><strong>seducunt</strong></span> <span class='ocrx_word' id='word_1_36' title='bbox 378 1242 531 1290; x_wconf 87' lang='lat' dir='ltr'><strong>regna</strong></span> <span class='ocrx_word' id='word_1_37' title='bbox 561 1243 686 1290; x_wconf 88' lang='lat' dir='ltr'><strong>quae</strong></span> <span class='ocrx_word' id='word_1_38' title='bbox 718 1227 951 1275; x_wconf 90' lang='lat' dir='ltr'><strong>incolunt.</strong></span> <span class='ocrx_word' id='word_1_39' title='bbox 1022 1228 1228 1276; x_wconf 88' lang='lat' dir='ltr'><strong>Videtur</strong></span> <span class='ocrx_word' id='word_1_40' title='bbox 1257 1230 1390 1292; x_wconf 85' lang='lat' dir='ltr'><strong>enim</strong></span> <span class='ocrx_word' id='word_1_41' title='bbox 1422 1228 1554 1286; x_wconf 88' lang='lat' dir='ltr'><strong>mihi,</strong></span> <span class='ocrx_word' id='word_1_42' title='bbox 1586 1226 1719 1290; x_wconf 94' lang='lat' dir='ltr'><strong>quod</strong></span> <span class='ocrx_word' id='word_1_43' title='bbox 1752 1242 1864 1274; x_wconf 89' lang='lat' dir='ltr'><strong>curn</strong></span> 
     </span>
     <span class='ocr_line' id='line_1_8' title="bbox 109 1293 1863 1370; baseline -0.002 -12.159"><span class='ocrx_word' id='word_1_44' title='bbox 109 1324 214 1359; x_wconf 87' lang='lat' dir='ltr'><strong>non</strong></span> <span class='ocrx_word' id='word_1_45' title='bbox 247 1308 429 1358; x_wconf 82' lang='lat' dir='ltr'><strong>habent</strong></span> <span class='ocrx_word' id='word_1_46' title='bbox 464 1323 494 1356; x_wconf 89' lang='lat' dir='ltr'><strong>a</strong></span> <span class='ocrx_word' id='word_1_47' title='bbox 515 1323 632 1370; x_wconf 85' lang='lat' dir='ltr'><strong>rege</strong></span> <span class='ocrx_word' id='word_1_48' title='bbox 666 1323 756 1356; x_wconf 90' lang='lat' dir='ltr'><strong>suo</strong></span> <span class='ocrx_word' id='word_1_49' title='bbox 793 1309 1038 1356; x_wconf 86' lang='lat' dir='ltr'><strong>licentiam</strong></span> <span class='ocrx_word' id='word_1_50' title='bbox 1074 1310 1138 1357; x_wconf 93' lang='lat' dir='ltr'><strong>ad</strong></span> <span class='ocrx_word' id='word_1_51' title='bbox 1172 1293 1562 1358; x_wconf 80' lang='lat' dir='ltr'><strong>mortificandum</strong></span> <span class='ocrx_word' id='word_1_52' title='bbox 1594 1309 1704 1356; x_wconf 91' lang='lat' dir='ltr'><strong>loca</strong></span> <span class='ocrx_word' id='word_1_53' title='bbox 1738 1322 1863 1369; x_wconf 90' lang='lat' dir='ltr'><strong>quae</strong></span> 
     </span>
     <span class='ocr_line' id='line_1_9' title="bbox 11 1389 1864 1454; baseline -0.003 -14.019"><span class='ocrx_word' id='word_1_54' title='bbox 11 1406 22 1440; x_wconf 61' lang='grc'><strong>”,</strong></span> <span class='ocrx_word' id='word_1_55' title='bbox 108 1390 343 1449; x_wconf 83' lang='lat' dir='ltr'><strong>habitant,</strong></span> <span class='ocrx_word' id='word_1_56' title='bbox 391 1405 484 1438; x_wconf 89' lang='lat' dir='ltr'><strong>nec</strong></span> <span class='ocrx_word' id='word_1_57' title='bbox 530 1399 892 1452; x_wconf 87' lang='lat' dir='ltr'><strong>recognoscunt</strong></span> <span class='ocrx_word' id='word_1_58' title='bbox 947 1406 1114 1453; x_wconf 87' lang='lat' dir='ltr'><strong>regem</strong></span> <span class='ocrx_word' id='word_1_59' title='bbox 1171 1407 1313 1454; x_wconf 89' lang='lat' dir='ltr'><strong>super</strong></span> <span class='ocrx_word' id='word_1_60' title='bbox 1361 1394 1459 1440; x_wconf 91' lang='lat' dir='ltr'><strong>suis</strong></span> <span class='ocrx_word' id='word_1_61' title='bbox 1514 1389 1864 1452; x_wconf 83' lang='lat' dir='ltr'><strong>temporalibus</strong></span> 
     </span>
    </p>

    <p class='ocr_par' dir='ltr' id='par_1_7' title="bbox 27 1466 1861 1535">
     <span class='ocr_line' id='line_1_10' title="bbox 27 1466 1861 1535; baseline -0.002 -15"><span class='ocrx_word' id='word_1_62' title='bbox 27 1466 46 1530; x_wconf 61' lang='grc' dir='ltr'><strong>’ἦ</strong></span> <span class='ocrx_word' id='word_1_63' title='bbox 109 1486 219 1521; x_wconf 87' lang='lat' dir='ltr'><strong>esse</strong></span> <span class='ocrx_word' id='word_1_64' title='bbox 250 1470 506 1520; x_wconf 88' lang='lat' dir='ltr'><strong>dominum</strong></span> <span class='ocrx_word' id='word_1_65' title='bbox 541 1472 814 1535; x_wconf 80' lang='lat' dir='ltr'><strong>capitalem,</strong></span> <span class='ocrx_word' id='word_1_66' title='bbox 852 1473 988 1535; x_wconf 94' lang='lat' dir='ltr'><strong>quod</strong></span> <span class='ocrx_word' id='word_1_67' title='bbox 1024 1473 1170 1521; x_wconf 91' lang='lat' dir='ltr'><strong>alium</strong></span> <span class='ocrx_word' id='word_1_68' title='bbox 1206 1473 1462 1522; x_wconf 90' lang='lat' dir='ltr'><strong>dominum</strong></span> <span class='ocrx_word' id='word_1_69' title='bbox 1494 1474 1704 1522; x_wconf 87' lang='lat' dir='ltr'><strong>habeant</strong></span> <span class='ocrx_word' id='word_1_70' title='bbox 1740 1471 1861 1519; x_wconf 90' lang='lat' dir='ltr'><strong>anti-</strong></span> 
     </span>
    </p>
   </div>
   <div class='ocr_carea' id='block_1_7' title="bbox 109 1549 356 1599">
    <p class='ocr_par' dir='ltr' id='par_1_8' title="bbox 109 1549 356 1599">
     <span class='ocr_line' id='line_1_11' title="bbox 109 1549 356 1599; baseline 0 -1"><span class='ocrx_word' id='word_1_71' title='bbox 109 1549 356 1599; x_wconf 86' lang='lat' dir='ltr'><strong>christum.</strong></span> 
     </span>
    </p>
   </div>
   <div class='ocr_carea' id='block_1_8' title="bbox 0 1630 1872 2347">
    <p class='ocr_par' dir='ltr' id='par_1_9' title="bbox 0 1630 1872 2347">
     <span class='ocr_line' id='line_1_12' title="bbox 0 1630 1866 1700; baseline -0.002 -20"><span class='ocrx_word' id='word_1_72' title='bbox 0 1635 11 1700; x_wconf 56' lang='lat' dir='ltr'>J</span> <span class='ocrx_word' id='word_1_73' title='bbox 45 1690 49 1697; x_wconf 25' lang='lat' dir='ltr'><em>A</em></span> <span class='ocrx_word' id='word_1_74' title='bbox 118 1647 146 1654; x_wconf 67' lang='grc'><strong>·’</strong></span> <span class='ocrx_word' id='word_1_75' title='bbox 177 1630 451 1680; x_wconf 81' lang='lat' dir='ltr'><strong>Phronesis.</strong></span> <span class='ocrx_word' id='word_1_76' title='bbox 520 1630 727 1680; x_wconf 91' lang='lat' dir='ltr'><strong>Videtur</strong></span> <span class='ocrx_word' id='word_1_77' title='bbox 750 1631 868 1679; x_wconf 89' lang='lat' dir='ltr'><strong>mihi</strong></span> <span class='ocrx_word' id='word_1_78' title='bbox 904 1632 1038 1694; x_wconf 91' lang='lat' dir='ltr'><strong>quod</strong></span> <span class='ocrx_word' id='word_1_79' title='bbox 1075 1634 1378 1682; x_wconf 89' lang='lat' dir='ltr'><strong>obmittendo</strong></span> <span class='ocrx_word' id='word_1_80' title='bbox 1416 1633 1679 1681; x_wconf 90' lang='lat' dir='ltr'><strong>medullam</strong></span> <span class='ocrx_word' id='word_1_81' title='bbox 1714 1631 1782 1679; x_wconf 90' lang='lat' dir='ltr'><strong>rei</strong></span> <span class='ocrx_word' id='word_1_82' title='bbox 1819 1639 1866 1678; x_wconf 91' lang='lat' dir='ltr'><strong>et</strong></span> 
     </span>
     <span class='ocr_line' id='line_1_13' title="bbox 109 1712 1863 1778; baseline -0.002 -16.234"><span class='ocrx_word' id='word_1_83' title='bbox 109 1713 300 1762; x_wconf 79' lang='lat' dir='ltr'><strong>bonum</strong></span> <span class='ocrx_word' id='word_1_84' title='bbox 335 1713 526 1761; x_wconf 88' lang='lat' dir='ltr'><strong>animae</strong></span> <span class='ocrx_word' id='word_1_85' title='bbox 562 1713 815 1762; x_wconf 91' lang='lat' dir='ltr'><strong>infideliter</strong></span> <span class='ocrx_word' id='word_1_86' title='bbox 847 1715 1056 1762; x_wconf 92' lang='lat' dir='ltr'><strong>moveris</strong></span> <span class='ocrx_word' id='word_1_87' title='bbox 1089 1716 1216 1763; x_wconf 90' lang='lat' dir='ltr'><strong>circa</strong></span> <span class='ocrx_word' id='word_1_88' title='bbox 1249 1715 1550 1778; x_wconf 84' lang='lat' dir='ltr'><strong>peripsema2</strong></span> <span class='ocrx_word' id='word_1_89' title='bbox 1582 1712 1863 1776; x_wconf 89' lang='lat' dir='ltr'><strong>temporale.</strong></span> 
     </span>
     <span class='ocr_line' id='line_1_14' title="bbox 0 1793 1868 1868; baseline 0.001 -29"><span class='ocrx_word' id='word_1_90' title='bbox 0 1807 35 1868; x_wconf 64' lang='lat'><strong>{¹</strong></span> <span class='ocrx_word' id='word_1_91' title='bbox 46 1815 49 1839; x_wconf 65' lang='lat'><strong>,·</strong></span> <span class='ocrx_word' id='word_1_92' title='bbox 111 1793 312 1843; x_wconf 88' lang='lat' dir='ltr'><strong>Certum</strong></span> <span class='ocrx_word' id='word_1_93' title='bbox 334 1802 500 1844; x_wconf 86' lang='lat' dir='ltr'><strong>tamen</strong></span> <span class='ocrx_word' id='word_1_94' title='bbox 523 1802 599 1843; x_wconf 88' lang='lat' dir='ltr'><strong>est</strong></span> <span class='ocrx_word' id='word_1_95' title='bbox 621 1795 754 1854; x_wconf 89' lang='lat' dir='ltr'><strong>mihi,</strong></span> <span class='ocrx_word' id='word_1_96' title='bbox 780 1796 916 1858; x_wconf 94' lang='lat' dir='ltr'><strong>quod</strong></span> <span class='ocrx_word' id='word_1_97' title='bbox 939 1795 1031 1844; x_wconf 87' lang='lat' dir='ltr'><strong>hae</strong></span> <span class='ocrx_word' id='word_1_98' title='bbox 1067 1803 1225 1844; x_wconf 88' lang='lat' dir='ltr'><strong>sectae</strong></span> <span class='ocrx_word' id='word_1_99' title='bbox 1261 1796 1460 1844; x_wconf 88' lang='lat' dir='ltr'><strong>fratrum</strong></span> <span class='ocrx_word' id='word_1_100' title='bbox 1484 1797 1534 1843; x_wconf 92' lang='lat' dir='ltr'><strong>in</strong></span> <span class='ocrx_word' id='word_1_101' title='bbox 1567 1795 1788 1843; x_wconf 87' lang='lat' dir='ltr'><strong>fraudem</strong></span> <span class='ocrx_word' id='word_1_102' title='bbox 1820 1801 1868 1840; x_wconf 90' lang='lat' dir='ltr'><strong>et</strong></span> 
     </span>
     <span class='ocr_line' id='line_1_15' title="bbox 110 1875 1866 1940; baseline -0.001 -15.059"><span class='ocrx_word' id='word_1_103' title='bbox 110 1875 462 1940; x_wconf 88' lang='lat' dir='ltr'><strong>praejudicium</strong></span> <span class='ocrx_word' id='word_1_104' title='bbox 507 1891 790 1939; x_wconf 89' lang='lat' dir='ltr'><strong>regnorum,</strong></span> <span class='ocrx_word' id='word_1_105' title='bbox 837 1891 902 1924; x_wconf 88' lang='lat' dir='ltr'><strong>ac·</strong></span> <span class='ocrx_word' id='word_1_106' title='bbox 945 1878 984 1927; x_wconf 89' lang='lat' dir='ltr'><strong>si</strong></span> <span class='ocrx_word' id='word_1_107' title='bbox 1032 1879 1200 1925; x_wconf 90' lang='lat' dir='ltr'><strong>omnia</strong></span> <span class='ocrx_word' id='word_1_108' title='bbox 1246 1878 1326 1927; x_wconf 88' lang='lat' dir='ltr'><strong>illa</strong></span> <span class='ocrx_word' id='word_1_109' title='bbox 1372 1878 1547 1926; x_wconf 90' lang='lat' dir='ltr'><strong>vellent</strong></span> <span class='ocrx_word' id='word_1_110' title='bbox 1606 1877 1866 1934; x_wconf 89' lang='lat' dir='ltr'><strong>destruere,</strong></span> 
     </span>
     <span class='ocr_line' id='line_1_16' title="bbox 110 1951 1869 2022; baseline -0.001 -16.059"><span class='ocrx_word' id='word_1_111' title='bbox 110 1951 461 2006; x_wconf 82' lang='lat' dir='ltr'><strong>machinantur.</strong></span> <span class='ocrx_word' id='word_1_112' title='bbox 530 1957 672 2006; x_wconf 90' lang='lat' dir='ltr'><strong>Idem</strong></span> <span class='ocrx_word' id='word_1_113' title='bbox 707 1959 839 2006; x_wconf 91' lang='lat' dir='ltr'><strong>enim</strong></span> <span class='ocrx_word' id='word_1_114' title='bbox 875 1957 999 2007; x_wconf 89' lang='lat' dir='ltr'><strong>foret</strong></span> <span class='ocrx_word' id='word_1_115' title='bbox 1034 1958 1204 2008; x_wconf 89' lang='lat' dir='ltr'><strong>fratres</strong></span> <span class='ocrx_word' id='word_1_116' title='bbox 1240 1975 1343 2008; x_wconf 91' lang='lat' dir='ltr'><strong>non</strong></span> <span class='ocrx_word' id='word_1_117' title='bbox 1379 1960 1529 2022; x_wconf 88' lang='lat' dir='ltr'><strong>petita</strong></span> <span class='ocrx_word' id='word_1_118' title='bbox 1564 1959 1638 2007; x_wconf 89' lang='lat' dir='ltr'><strong>vel</strong></span> <span class='ocrx_word' id='word_1_119' title='bbox 1667 1960 1869 2006; x_wconf 88' lang='lat' dir='ltr'><strong>obtenta</strong></span> 
     </span>
     <span class='ocr_line' id='line_1_17' title="bbox 111 2039 1867 2103; baseline -0.001 -15.059"><span class='ocrx_word' id='word_1_120' title='bbox 111 2054 283 2103; x_wconf 87' lang='lat' dir='ltr'><strong>regum</strong></span> <span class='ocrx_word' id='word_1_121' title='bbox 321 2039 528 2098; x_wconf 82' lang='lat' dir='ltr'><strong>licentia,</strong></span> <span class='ocrx_word' id='word_1_122' title='bbox 571 2040 903 2088; x_wconf 87' lang='lat' dir='ltr'><strong>antichristum</strong></span> <span class='ocrx_word' id='word_1_123' title='bbox 947 2049 1155 2089; x_wconf 88' lang='lat' dir='ltr'><strong>statuere</strong></span> <span class='ocrx_word' id='word_1_124' title='bbox 1204 2041 1460 2089; x_wconf 92' lang='lat' dir='ltr'><strong>dominum</strong></span> <span class='ocrx_word' id='word_1_125' title='bbox 1507 2041 1730 2088; x_wconf 91' lang='lat' dir='ltr'><strong>omnium</strong></span> <span class='ocrx_word' id='word_1_126' title='bbox 1778 2041 1867 2088; x_wconf 93' lang='lat' dir='ltr'><strong>bo-</strong></span> 
     </span>
     <span class='ocr_line' id='line_1_18' title="bbox 0 2115 1869 2186; baseline -0.001 -16"><span class='ocrx_word' id='word_1_127' title='bbox 0 2115 35 2183; x_wconf 51' lang='lat'><strong>{³²</strong></span> <span class='ocrx_word' id='word_1_128' title='bbox 111 2135 289 2170; x_wconf 85' lang='lat' dir='ltr'><strong>norum</strong></span> <span class='ocrx_word' id='word_1_129' title='bbox 334 2136 460 2184; x_wconf 88' lang='lat' dir='ltr'><strong>quae</strong></span> <span class='ocrx_word' id='word_1_130' title='bbox 507 2121 773 2184; x_wconf 90' lang='lat' dir='ltr'><strong>possident,</strong></span> <span class='ocrx_word' id='word_1_131' title='bbox 818 2130 919 2170; x_wconf 93' lang='lat' dir='ltr'><strong>tam</strong></span> <span class='ocrx_word' id='word_1_132' title='bbox 967 2138 1370 2186; x_wconf 90' lang='lat' dir='ltr'><strong>quorumcunque</strong></span> <span class='ocrx_word' id='word_1_133' title='bbox 1417 2122 1671 2170; x_wconf 92' lang='lat' dir='ltr'><strong>mobilium</strong></span> <span class='ocrx_word' id='word_1_134' title='bbox 1720 2136 1869 2184; x_wconf 86' lang='lat' dir='ltr'><strong>quam</strong></span> 
     </span>
     <span class='ocr_line' id='line_1_19' title="bbox 22 2202 1871 2266; baseline -0.001 -15.002"><span class='ocrx_word' id='word_1_135' title='bbox 22 2204 28 2214; x_wconf 72' lang='grc'>”</span> <span class='ocrx_word' id='word_1_136' title='bbox 113 2202 390 2261; x_wconf 89' lang='lat' dir='ltr'><strong>domorum,</strong></span> <span class='ocrx_word' id='word_1_137' title='bbox 436 2210 485 2251; x_wconf 86' lang='lat' dir='ltr'><strong>et</strong></span> <span class='ocrx_word' id='word_1_138' title='bbox 530 2202 758 2252; x_wconf 87' lang='lat' dir='ltr'><strong>inducere</strong></span> <span class='ocrx_word' id='word_1_139' title='bbox 806 2211 859 2251; x_wconf 87' lang='lat' dir='ltr'><strong>ut</strong></span> <span class='ocrx_word' id='word_1_140' title='bbox 906 2204 966 2252; x_wconf 89' lang='lat' dir='ltr'><strong>sit</strong></span> <span class='ocrx_word' id='word_1_141' title='bbox 1021 2219 1105 2251; x_wconf 86' lang='lat' dir='ltr'><strong>rex</strong></span> <span class='ocrx_word' id='word_1_142' title='bbox 1153 2219 1418 2266; x_wconf 88' lang='lat' dir='ltr'><strong>regnorum</strong></span> <span class='ocrx_word' id='word_1_143' title='bbox 1465 2219 1591 2266; x_wconf 89' lang='lat' dir='ltr'><strong>quae</strong></span> <span class='ocrx_word' id='word_1_144' title='bbox 1637 2203 1871 2251; x_wconf 87' lang='lat' dir='ltr'><strong>incolunt.</strong></span> 
     </span>
     <span class='ocr_line' id='line_1_20' title="bbox 28 2282 1872 2347; baseline -0.001 -15"><span class='ocrx_word' id='word_1_145' title='bbox 28 2287 30 2291; x_wconf 87' lang='lat'>&#39;</span> <span class='ocrx_word' id='word_1_146' title='bbox 115 2282 268 2344; x_wconf 87' lang='lat' dir='ltr'><strong>Quod</strong></span> <span class='ocrx_word' id='word_1_147' title='bbox 303 2284 344 2332; x_wconf 90' lang='lat' dir='ltr'><strong>si</strong></span> <span class='ocrx_word' id='word_1_148' title='bbox 386 2284 692 2332; x_wconf 87' lang='lat' dir='ltr'><strong>antichristus</strong></span> <span class='ocrx_word' id='word_1_149' title='bbox 731 2286 938 2347; x_wconf 88' lang='lat' dir='ltr'><strong>nequior</strong></span> <span class='ocrx_word' id='word_1_150' title='bbox 980 2292 1032 2332; x_wconf 92' lang='lat' dir='ltr'><strong>ut</strong></span> <span class='ocrx_word' id='word_1_151' title='bbox 1066 2283 1301 2332; x_wconf 84' lang='lat' dir='ltr'><strong>Robertus</strong></span> <span class='ocrx_word' id='word_1_152' title='bbox 1319 2290 1322 2292; x_wconf 82' lang='grc'><strong>’</strong></span> <span class='ocrx_word' id='word_1_153' title='bbox 1341 2285 1658 2333; x_wconf 62' lang='lat' dir='ltr'><strong>Gz’lbonenszkss</strong></span> <span class='ocrx_word' id='word_1_154' title='bbox 1698 2284 1872 2331; x_wconf 90' lang='lat' dir='ltr'><strong>habeat</strong></span> 
     </span>
    </p>
   </div>
   <div class='ocr_carea' id='block_1_9' title="bbox 27 2365 1873 2510">
    <p class='ocr_par' dir='ltr' id='par_1_10' title="bbox 25 2365 1873 2510">
     <span class='ocr_line' id='line_1_21' title="bbox 27 2365 1873 2435; baseline -0.001 -21"><span class='ocrx_word' id='word_1_155' title='bbox 27 2374 34 2435; x_wconf 71' lang='lat' dir='ltr'>s</span> <span class='ocrx_word' id='word_1_156' title='bbox 112 2366 276 2430; x_wconf 88' lang='lat' dir='ltr'><strong>plures</strong></span> <span class='ocrx_word' id='word_1_157' title='bbox 314 2365 483 2414; x_wconf 86' lang='lat' dir='ltr'><strong>fratres</strong></span> <span class='ocrx_word' id='word_1_158' title='bbox 524 2367 615 2414; x_wconf 92' lang='lat' dir='ltr'><strong>sub</strong></span> <span class='ocrx_word' id='word_1_159' title='bbox 658 2381 748 2414; x_wconf 93' lang='lat' dir='ltr'><strong>suo</strong></span> <span class='ocrx_word' id='word_1_160' title='bbox 788 2367 965 2414; x_wconf 90' lang='lat' dir='ltr'><strong>ducatu</strong></span> <span class='ocrx_word' id='word_1_161' title='bbox 1006 2382 1154 2429; x_wconf 90' lang='lat' dir='ltr'><strong>quam</strong></span> <span class='ocrx_word' id='word_1_162' title='bbox 1203 2367 1322 2414; x_wconf 90' lang='lat' dir='ltr'><strong>alius</strong></span> <span class='ocrx_word' id='word_1_163' title='bbox 1365 2367 1498 2430; x_wconf 91' lang='lat' dir='ltr'><strong>Papa</strong></span> <span class='ocrx_word' id='word_1_164' title='bbox 1547 2368 1720 2424; x_wconf 90' lang='lat' dir='ltr'><strong>bonus,</strong></span> <span class='ocrx_word' id='word_1_165' title='bbox 1757 2366 1873 2428; x_wconf 88' lang='lat' dir='ltr'><strong>quid</strong></span> 
     </span>
     <span class='ocr_line' id='line_1_22' title="bbox 113 2446 1873 2510; baseline -0.001 -15.095"><span class='ocrx_word' id='word_1_166' title='bbox 113 2447 318 2510; x_wconf 87' lang='lat' dir='ltr'><strong>impedit</strong></span> <span class='ocrx_word' id='word_1_167' title='bbox 361 2448 454 2496; x_wconf 90' lang='lat' dir='ltr'><strong>nisi</strong></span> <span class='ocrx_word' id='word_1_168' title='bbox 498 2448 653 2510; x_wconf 86' lang='lat' dir='ltr'><strong>gratia</strong></span> <span class='ocrx_word' id='word_1_169' title='bbox 698 2446 793 2495; x_wconf 86' lang='lat' dir='ltr'><strong>Dei</strong></span> <span class='ocrx_word' id='word_1_170' title='bbox 850 2448 989 2495; x_wconf 74' lang='lat' dir='ltr'><strong>curn4</strong></span> <span class='ocrx_word' id='word_1_171' title='bbox 1036 2449 1174 2510; x_wconf 88' lang='lat' dir='ltr'><strong>regni</strong></span> <span class='ocrx_word' id='word_1_172' title='bbox 1223 2449 1455 2510; x_wconf 90' lang='lat' dir='ltr'><strong>potentia,</strong></span> <span class='ocrx_word' id='word_1_173' title='bbox 1505 2448 1622 2509; x_wconf 91' lang='lat' dir='ltr'><strong>quin</strong></span> <span class='ocrx_word' id='word_1_174' title='bbox 1677 2447 1873 2494; x_wconf 88' lang='lat' dir='ltr'><strong>invadat</strong></span> 
     </span>
    </p>
   </div>
   <div class='ocr_carea' id='block_1_10' title="bbox 0 2601 27 2860">
    <p class='ocr_par' dir='ltr' id='par_1_11' title="bbox 0 2601 29 2860">
     <span class='ocr_line' id='line_1_23' title="bbox 0 2601 27 2860; baseline 0 -186"><span class='ocrx_word' id='word_1_175' title='bbox 0 2601 27 2860; x_wconf 59' lang='grc' dir='ltr'>Ξ</span> 
     </span>
    </p>
   </div>
   <div class='ocr_carea' id='block_1_11' title="bbox 110 2771 1874 2835">
    <p class='ocr_par' dir='ltr' id='par_1_12' title="bbox 12 2771 1874 2835">
     <span class='ocr_line' id='line_1_24' title="bbox 110 2771 1874 2835; baseline -0.002 -13.211"><span class='ocrx_word' id='word_1_176' title='bbox 110 2773 264 2822; x_wconf 81' lang='lat' dir='ltr'><strong>num⁶</strong></span> <span class='ocrx_word' id='word_1_177' title='bbox 298 2788 360 2821; x_wconf 91' lang='lat' dir='ltr'><strong>ne</strong></span> <span class='ocrx_word' id='word_1_178' title='bbox 387 2772 569 2835; x_wconf 83' lang='lat' dir='ltr'><strong>capiat⁶</strong></span> <span class='ocrx_word' id='word_1_179' title='bbox 603 2787 748 2821; x_wconf 90' lang='lat' dir='ltr'><strong>usum</strong></span> <span class='ocrx_word' id='word_1_180' title='bbox 785 2772 857 2819; x_wconf 89' lang='lat' dir='ltr'><strong>sui</strong></span> <span class='ocrx_word' id='word_1_181' title='bbox 894 2772 1095 2819; x_wconf 90' lang='lat' dir='ltr'><strong>dominii</strong></span> <span class='ocrx_word' id='word_1_182' title='bbox 1132 2787 1276 2834; x_wconf 91' lang='lat' dir='ltr'><strong>super</strong></span> <span class='ocrx_word' id='word_1_183' title='bbox 1311 2772 1467 2828; x_wconf 92' lang='lat' dir='ltr'><strong>bonis,</strong></span> <span class='ocrx_word' id='word_1_184' title='bbox 1505 2786 1629 2834; x_wconf 90' lang='lat' dir='ltr'><strong>quae</strong></span> <span class='ocrx_word' id='word_1_185' title='bbox 1665 2771 1810 2818; x_wconf 91' lang='lat' dir='ltr'><strong>habet</strong></span> <span class='ocrx_word' id='word_1_186' title='bbox 1846 2786 1874 2818; x_wconf 92' lang='lat' dir='ltr'><strong>a</strong></span> 
     </span>
    </p>
   </div>
   <div class='ocr_carea' id='block_1_12' title="bbox 2 2856 22 2939">
    <p class='ocr_par' dir='ltr' id='par_1_13' title="bbox 2 2856 22 2939">
     <span class='ocr_line' id='line_1_25' title="bbox 4 2856 22 2885; baseline 0 0"><span class='ocrx_word' id='word_1_187' title='bbox 4 2856 22 2885; x_wconf 52' lang='grc' dir='ltr'><strong>’ὲ</strong></span> 
     </span>
     <span class='ocr_line' id='line_1_26' title="bbox 4 2885 20 2922; baseline 0 -7"><span class='ocrx_word' id='word_1_188' title='bbox 4 2885 20 2922; x_wconf 52' lang='grc' dir='ltr'><strong>θ’</strong></span> 
     </span>
     <span class='ocr_line' id='line_1_27' title="bbox 2 2927 21 2939; baseline 0 -3"><span class='ocrx_word' id='word_1_189' title='bbox 2 2927 21 2939; x_wconf 24' lang='grc' dir='ltr'><strong>,Ι</strong></span> 
     </span>
    </p>
   </div>
   <div class='ocr_carea' id='block_1_13' title="bbox 0 2950 38 3837">
    <p class='ocr_par' dir='ltr' id='par_1_14' title="bbox 0 2950 38 3837">
     <span class='ocr_line' id='line_1_28' title="bbox 0 2950 38 3837; baseline 0 0"><span class='ocrx_word' id='word_1_190' title='bbox 0 2950 38 3837; x_wconf 95' lang='lat' dir='ltr'><strong> </strong></span> 
     </span>
    </p>
   </div>
   <div class='ocr_carea' id='block_1_14' title="bbox 79 2528 1873 2592">
    <p class='ocr_par' dir='ltr' id='par_1_15' title="bbox 79 2528 1873 2592">
     <span class='ocr_line' id='line_1_29' title="bbox 79 2528 1873 2592; baseline -0.002 -14"><span class='ocrx_word' id='word_1_191' title='bbox 79 2548 82 2550; x_wconf 64' lang='grc'>’</span> <span class='ocrx_word' id='word_1_192' title='bbox 115 2543 323 2592; x_wconf 86' lang='lat' dir='ltr'><strong>regnum</strong></span> <span class='ocrx_word' id='word_1_193' title='bbox 353 2528 561 2590; x_wconf 83' lang='lat' dir='ltr'><strong>Angliae</strong></span> <span class='ocrx_word' id='word_1_194' title='bbox 594 2536 828 2590; x_wconf 90' lang='lat' dir='ltr'><strong>tanquam</strong></span> <span class='ocrx_word' id='word_1_195' title='bbox 862 2530 1037 2576; x_wconf 87' lang='lat' dir='ltr'><strong>suum?</strong></span> <span class='ocrx_word' id='word_1_196' title='bbox 1096 2528 1284 2575; x_wconf 93' lang='lat' dir='ltr'><strong>Dicitur</strong></span> <span class='ocrx_word' id='word_1_197' title='bbox 1315 2529 1447 2575; x_wconf 91' lang='lat' dir='ltr'><strong>enim</strong></span> <span class='ocrx_word' id='word_1_198' title='bbox 1480 2528 1612 2591; x_wconf 94' lang='lat' dir='ltr'><strong>quod</strong></span> <span class='ocrx_word' id='word_1_199' title='bbox 1645 2529 1790 2575; x_wconf 87' lang='lat' dir='ltr'><strong>habet</strong></span> <span class='ocrx_word' id='word_1_200' title='bbox 1824 2529 1873 2574; x_wconf 92' lang='lat' dir='ltr'><strong>in</strong></span> 
     </span>
    </p>
   </div>
   <div class='ocr_carea' id='block_1_15' title="bbox 113 2609 1874 2753">
    <p class='ocr_par' dir='ltr' id='par_1_16' title="bbox 113 2609 1874 2753">
     <span class='ocr_line' id='line_1_30' title="bbox 116 2609 1874 2673; baseline -0.002 -14"><span class='ocrx_word' id='word_1_201' title='bbox 116 2610 296 2673; x_wconf 87' lang='lat' dir='ltr'><strong>Anglia</strong></span> <span class='ocrx_word' id='word_1_202' title='bbox 331 2611 446 2658; x_wconf 90' lang='lat' dir='ltr'><strong>satis</strong></span> <span class='ocrx_word' id='word_1_203' title='bbox 482 2609 646 2673; x_wconf 89' lang='lat' dir='ltr'><strong>ampla</strong></span> <span class='ocrx_word' id='word_1_204' title='bbox 664 2609 937 2658; x_wconf 91' lang='lat' dir='ltr'><strong>habitacula</strong></span> <span class='ocrx_word' id='word_1_205' title='bbox 960 2618 1007 2657; x_wconf 90' lang='lat' dir='ltr'><strong>et</strong></span> <span class='ocrx_word' id='word_1_206' title='bbox 1030 2609 1324 2666; x_wconf 90' lang='lat' dir='ltr'><strong>thesaurum,</strong></span> <span class='ocrx_word' id='word_1_207' title='bbox 1363 2618 1409 2657; x_wconf 92' lang='lat' dir='ltr'><strong>et</strong></span> <span class='ocrx_word' id='word_1_208' title='bbox 1434 2618 1485 2656; x_wconf 91' lang='lat' dir='ltr'><strong>ut</strong></span> <span class='ocrx_word' id='word_1_209' title='bbox 1510 2609 1676 2656; x_wconf 88' lang='lat' dir='ltr'><strong>fratres</strong></span> <span class='ocrx_word' id='word_1_210' title='bbox 1700 2609 1760 2656; x_wconf 89' lang='lat' dir='ltr'><strong>de</strong></span> <span class='ocrx_word' id='word_1_211' title='bbox 1787 2624 1874 2656; x_wconf 90' lang='lat' dir='ltr'><strong>sua</strong></span> 
     </span>
     <span class='ocr_line' id='line_1_31' title="bbox 113 2690 1873 2753; baseline -0.003 -12"><span class='ocrx_word' id='word_1_212' title='bbox 113 2697 252 2741; x_wconf 62' lang='lat' dir='ltr'><strong>⁴secta</strong></span> <span class='ocrx_word' id='word_1_213' title='bbox 283 2691 488 2753; x_wconf 88' lang='lat' dir='ltr'><strong>fingunt,</strong></span> <span class='ocrx_word' id='word_1_214' title='bbox 518 2691 643 2740; x_wconf 91' lang='lat' dir='ltr'><strong>foret</strong></span> <span class='ocrx_word' id='word_1_215' title='bbox 675 2692 880 2739; x_wconf 90' lang='lat' dir='ltr'><strong>omnino</strong></span> <span class='ocrx_word' id='word_1_216' title='bbox 913 2692 1208 2738; x_wconf 91' lang='lat' dir='ltr'><strong>contrarium</strong></span> <span class='ocrx_word' id='word_1_217' title='bbox 1240 2692 1413 2738; x_wconf 90' lang='lat' dir='ltr'><strong>rationi</strong></span> <span class='ocrx_word' id='word_1_218' title='bbox 1447 2690 1678 2752; x_wconf 90' lang='lat' dir='ltr'><strong>impedire</strong></span> <span class='ocrx_word' id='word_1_219' title='bbox 1716 2690 1873 2738; x_wconf 93' lang='lat' dir='ltr'><strong>domi-</strong></span> 
     </span>
    </p>
   </div>
   <div class='ocr_carea' id='block_1_16' title="bbox 117 2851 1948 2916">
    <p class='ocr_par' dir='ltr' id='par_1_17' title="bbox 117 2851 1948 2916">
     <span class='ocr_line' id='line_1_32' title="bbox 117 2851 1948 2916; baseline -0.003 -13"><span class='ocrx_word' id='word_1_220' title='bbox 117 2853 340 2903; x_wconf 77' lang='lat' dir='ltr'><strong>f‘ratribus</strong></span> <span class='ocrx_word' id='word_1_221' title='bbox 376 2854 640 2916; x_wconf 89' lang='lat' dir='ltr'><strong>occupatis,</strong></span> <span class='ocrx_word' id='word_1_222' title='bbox 667 2861 715 2901; x_wconf 89' lang='lat' dir='ltr'><strong>et</strong></span> <span class='ocrx_word' id='word_1_223' title='bbox 750 2853 827 2901; x_wconf 91' lang='lat' dir='ltr'><strong>ille</strong></span> <span class='ocrx_word' id='word_1_224' title='bbox 856 2861 1043 2901; x_wconf 90' lang='lat' dir='ltr'><strong>meatus</strong></span> <span class='ocrx_word' id='word_1_225' title='bbox 1080 2853 1248 2900; x_wconf 90' lang='lat' dir='ltr'><strong>callide</strong></span> <span class='ocrx_word' id='word_1_226' title='bbox 1288 2851 1587 2900; x_wconf 91' lang='lat' dir='ltr'><strong>introductus</strong></span> <span class='ocrx_word' id='word_1_227' title='bbox 1622 2859 1874 2914; x_wconf 88' lang='lat' dir='ltr'><strong>praeparet</strong></span> <span class='ocrx_word' id='word_1_228' title='bbox 1943 2857 1948 2862; x_wconf 73' lang='grc'><strong>“</strong></span> 
     </span>
    </p>
   </div>
   <div class='ocr_carea' id='block_1_17' title="bbox 118 2932 1874 2998">
    <p class='ocr_par' dir='ltr' id='par_1_18' title="bbox 118 2932 1874 2998">
     <span class='ocr_line' id='line_1_33' title="bbox 118 2932 1874 2998; baseline -0.003 -13"><span class='ocrx_word' id='word_1_229' title='bbox 118 2936 185 2985; x_wconf 83' lang='lat' dir='ltr'><strong>ad</strong></span> <span class='ocrx_word' id='word_1_230' title='bbox 225 2944 382 2985; x_wconf 90' lang='lat' dir='ltr'><strong>totum</strong></span> <span class='ocrx_word' id='word_1_231' title='bbox 422 2936 560 2998; x_wconf 86' lang='lat' dir='ltr'><strong>regni</strong></span> <span class='ocrx_word' id='word_1_232' title='bbox 598 2934 845 2983; x_wconf 92' lang='lat' dir='ltr'><strong>residuum</strong></span> <span class='ocrx_word' id='word_1_233' title='bbox 883 2934 1274 2997; x_wconf 89' lang='lat' dir='ltr'><strong>perquirendum.</strong></span> <span class='ocrx_word' id='word_1_234' title='bbox 1361 2932 1522 2980; x_wconf 90' lang='lat' dir='ltr'><strong>Debet</strong></span> <span class='ocrx_word' id='word_1_235' title='bbox 1562 2947 1680 2994; x_wconf 88' lang='lat' dir='ltr'><strong>ergo</strong></span> <span class='ocrx_word' id='word_1_236' title='bbox 1720 2932 1874 2980; x_wconf 91' lang='lat' dir='ltr'><strong>fidelis</strong></span> 
     </span>
    </p>
   </div>
   <div class='ocr_carea' id='block_1_18' title="bbox 23 3005 1872 3080">
    <p class='ocr_par' dir='ltr' id='par_1_19' title="bbox 23 3005 1872 3080">
     <span class='ocr_line' id='line_1_34' title="bbox 23 3005 1872 3080; baseline -0.004 -13"><span class='ocrx_word' id='word_1_237' title='bbox 23 3005 36 3032; x_wconf 57' lang='lat'>²</span> <span class='ocrx_word' id='word_1_238' title='bbox 119 3018 372 3068; x_wconf 76' lang='lat' dir='ltr'><strong>&#39;consulere</strong></span> <span class='ocrx_word' id='word_1_239' title='bbox 396 3018 500 3080; x_wconf 85' lang='lat' dir='ltr'><strong>regi</strong></span> <span class='ocrx_word' id='word_1_240' title='bbox 525 3025 692 3065; x_wconf 88' lang='lat' dir='ltr'><strong>nostro</strong></span> <span class='ocrx_word' id='word_1_241' title='bbox 716 3025 770 3064; x_wconf 89' lang='lat' dir='ltr'><strong>ut</strong></span> <span class='ocrx_word' id='word_1_242' title='bbox 804 3016 1064 3079; x_wconf 90' lang='lat' dir='ltr'><strong>prudenter</strong></span> <span class='ocrx_word' id='word_1_243' title='bbox 1088 3015 1302 3063; x_wconf 89' lang='lat' dir='ltr'><strong>obstaret</strong></span> <span class='ocrx_word' id='word_1_244' title='bbox 1330 3014 1403 3062; x_wconf 92' lang='lat' dir='ltr'><strong>his</strong></span> <span class='ocrx_word' id='word_1_245' title='bbox 1437 3014 1566 3061; x_wconf 86' lang='lat' dir='ltr'><strong>falsis</strong></span> <span class='ocrx_word' id='word_1_246' title='bbox 1599 3014 1844 3076; x_wconf 91' lang='lat' dir='ltr'><strong>principiis</strong></span> <span class='ocrx_word' id='word_1_247' title='bbox 1860 3030 1872 3072; x_wconf 89' lang='lat'>;</span> 
     </span>
    </p>
   </div>
   <div class='ocr_carea' id='block_1_19' title="bbox 120 3095 1875 3161">
    <p class='ocr_par' dir='ltr' id='par_1_20' title="bbox 120 3095 1875 3161">
     <span class='ocr_line' id='line_1_35' title="bbox 120 3095 1875 3161; baseline -0.004 -13"><span class='ocrx_word' id='word_1_248' title='bbox 120 3107 168 3148; x_wconf 90' lang='lat' dir='ltr'><strong>et</strong></span> <span class='ocrx_word' id='word_1_249' title='bbox 203 3114 281 3148; x_wconf 87' lang='lat' dir='ltr'><strong>ars</strong></span> <span class='ocrx_word' id='word_1_250' title='bbox 316 3098 496 3148; x_wconf 88' lang='lat' dir='ltr'><strong>diaboli</strong></span> <span class='ocrx_word' id='word_1_251' title='bbox 535 3106 608 3148; x_wconf 90' lang='lat' dir='ltr'><strong>est</strong></span> <span class='ocrx_word' id='word_1_252' title='bbox 645 3113 706 3146; x_wconf 92' lang='lat' dir='ltr'><strong>eo</strong></span> <span class='ocrx_word' id='word_1_253' title='bbox 747 3097 1026 3161; x_wconf 84' lang='lat' dir='ltr'><strong>patentior⁷,</strong></span> <span class='ocrx_word' id='word_1_254' title='bbox 1064 3111 1163 3159; x_wconf 91' lang='lat' dir='ltr'><strong>quo</strong></span> <span class='ocrx_word' id='word_1_255' title='bbox 1200 3095 1367 3144; x_wconf 89' lang='lat' dir='ltr'><strong>fratres</strong></span> <span class='ocrx_word' id='word_1_256' title='bbox 1406 3103 1668 3143; x_wconf 90' lang='lat' dir='ltr'><strong>noscuntur</strong></span> <span class='ocrx_word' id='word_1_257' title='bbox 1706 3102 1875 3142; x_wconf 88' lang='lat' dir='ltr'><strong>contra</strong></span> 
     </span>
    </p>
   </div>
   <div class='ocr_carea' id='block_1_20' title="bbox 123 3265 1875 3538">
    <p class='ocr_par' dir='ltr' id='par_1_21' title="bbox 123 3265 1875 3538">
     <span class='ocr_line' id='line_1_36' title="bbox 175 3265 1872 3335; baseline -0.005 -23"><span class='ocrx_word' id='word_1_258' title='bbox 175 3272 191 3297; x_wconf 83' lang='lat'><em>¹</em></span> <span class='ocrx_word' id='word_1_259' title='bbox 219 3283 376 3335; x_wconf 79' lang='lat' dir='ltr'><strong>aspere,</strong></span> <span class='ocrx_word' id='word_1_260' title='bbox 396 3270 468 3311; x_wconf 89' lang='lat' dir='ltr'><strong>sed</strong></span> <span class='ocrx_word' id='word_1_261' title='bbox 488 3282 574 3310; x_wconf 86' lang='lat' dir='ltr'><strong>non</strong></span> <span class='ocrx_word' id='word_1_262' title='bbox 593 3269 714 3321; x_wconf 88' lang='lat' dir='ltr'><strong>satis]</strong></span> <span class='ocrx_word' id='word_1_263' title='bbox 736 3282 820 3309; x_wconf 88' lang='lat' dir='ltr'><strong>non</strong></span> <span class='ocrx_word' id='word_1_264' title='bbox 839 3281 996 3320; x_wconf 89' lang='lat' dir='ltr'><strong>aspere,</strong></span> <span class='ocrx_word' id='word_1_265' title='bbox 1017 3268 1086 3308; x_wconf 91' lang='lat' dir='ltr'><strong>sed</strong></span> <span class='ocrx_word' id='word_1_266' title='bbox 1109 3267 1219 3313; x_wconf 84' lang='lat' dir='ltr'><strong>satis,</strong></span> <span class='ocrx_word' id='word_1_267' title='bbox 1240 3267 1303 3307; x_wconf 92' lang='lat' dir='ltr'><strong>ed.</strong></span> <span class='ocrx_word' id='word_1_268' title='bbox 1325 3280 1385 3319; x_wconf 89' lang='lat' dir='ltr'><strong>pr.</strong></span> <span class='ocrx_word' id='word_1_269' title='bbox 1578 3266 1593 3287; x_wconf 79' lang='lat'><em>²</em></span> <span class='ocrx_word' id='word_1_270' title='bbox 1622 3265 1872 3318; x_wconf 88' lang='lat' dir='ltr'><strong>peripsema]</strong></span> 
     </span>
     <span class='ocr_line' id='line_1_37' title="bbox 123 3318 1875 3381; baseline -0.005 -14"><span class='ocrx_word' id='word_1_271' title='bbox 123 3326 346 3381; x_wconf 73' lang='lat' dir='ltr'><strong>peripsima</strong></span> <span class='ocrx_word' id='word_1_272' title='bbox 364 3324 485 3365; x_wconf 89' lang='lat' dir='ltr'><strong>codd.</strong></span> <span class='ocrx_word' id='word_1_273' title='bbox 505 3337 629 3364; x_wconf 89' lang='lat' dir='ltr'><strong>manu</strong></span> <span class='ocrx_word' id='word_1_274' title='bbox 649 3323 802 3375; x_wconf 84' lang='lat' dir='ltr'><strong>scripti,</strong></span> <span class='ocrx_word' id='word_1_275' title='bbox 822 3321 873 3362; x_wconf 89' lang='lat' dir='ltr'><strong>cf.</strong></span> <span class='ocrx_word' id='word_1_276' title='bbox 898 3334 914 3361; x_wconf 94' lang='lat'>1</span> <span class='ocrx_word' id='word_1_277' title='bbox 933 3321 1121 3362; x_wconf 84' lang='lat' dir='ltr'><strong>Corinth.</strong></span> <span class='ocrx_word' id='word_1_278' title='bbox 1142 3322 1194 3361; x_wconf 92' lang='lat' dir='ltr'><strong>iv.</strong></span> <span class='ocrx_word' id='word_1_279' title='bbox 1220 3333 1282 3372; x_wconf 82' lang='lat'><strong>13.</strong></span> <span class='ocrx_word' id='word_1_280' title='bbox 1459 3320 1474 3343; x_wconf 82' lang='lat'><strong>³</strong></span> <span class='ocrx_word' id='word_1_281' title='bbox 1504 3320 1708 3359; x_wconf 87' lang='lat' dir='ltr'><strong>Robertus</strong></span> <span class='ocrx_word' id='word_1_282' title='bbox 1730 3318 1875 3359; x_wconf 89' lang='lat' dir='ltr'><strong>Gilbo·</strong></span> 
     </span>
     <span class='ocr_line' id='line_1_38' title="bbox 123 3375 1874 3432; baseline -0.005 -10"><span class='ocrx_word' id='word_1_283' title='bbox 123 3379 282 3432; x_wconf 86' lang='lat' dir='ltr'><strong>nensis]</strong></span> <span class='ocrx_word' id='word_1_284' title='bbox 304 3379 389 3419; x_wconf 88' lang='lat' dir='ltr'><strong>sive</strong></span> <span class='ocrx_word' id='word_1_285' title='bbox 409 3377 673 3423; x_wconf 81' lang='lat' dir='ltr'><strong>Genevensis‚</strong></span> <span class='ocrx_word' id='word_1_286' title='bbox 695 3378 888 3418; x_wconf 88' lang='lat' dir='ltr'><strong>Clemens</strong></span> <span class='ocrx_word' id='word_1_287' title='bbox 909 3376 1020 3422; x_wconf 87' lang='lat' dir='ltr'><strong>V11.,</strong></span> <span class='ocrx_word' id='word_1_288' title='bbox 1041 3376 1212 3416; x_wconf 87' lang='lat' dir='ltr'><strong>Urbano</strong></span> <span class='ocrx_word' id='word_1_289' title='bbox 1234 3375 1308 3414; x_wconf 93' lang='lat' dir='ltr'><strong>VI.</strong></span> <span class='ocrx_word' id='word_1_290' title='bbox 1330 3375 1560 3427; x_wconf 82' lang='lat' dir='ltr'><strong>oppositus,</strong></span> <span class='ocrx_word' id='word_1_291' title='bbox 1577 3386 1659 3425; x_wconf 91' lang='lat' dir='ltr'><strong>quo</strong></span> <span class='ocrx_word' id='word_1_292' title='bbox 1688 3378 1874 3426; x_wconf 87' lang='lat' dir='ltr'><strong>tempore</strong></span> 
     </span>
     <span class='ocr_line' id='line_1_39' title="bbox 124 3427 1871 3481; baseline -0.005 -6"><span class='ocrx_word' id='word_1_293' title='bbox 124 3434 303 3476; x_wconf 83' lang='lat' dir='ltr'><strong>schisma</strong></span> <span class='ocrx_word' id='word_1_294' title='bbox 323 3432 547 3473; x_wconf 86' lang='lat' dir='ltr'><strong>occidentis</strong></span> <span class='ocrx_word' id='word_1_295' title='bbox 568 3437 703 3471; x_wconf 83' lang='lat' dir='ltr'><strong>ortum</strong></span> <span class='ocrx_word' id='word_1_296' title='bbox 724 3436 797 3471; x_wconf 87' lang='lat' dir='ltr'><strong>est.</strong></span> <span class='ocrx_word' id='word_1_297' title='bbox 963 3430 977 3451; x_wconf 82' lang='lat'><strong>⁴</strong></span> <span class='ocrx_word' id='word_1_298' title='bbox 1007 3429 1119 3480; x_wconf 87' lang='lat' dir='ltr'><strong>cum]</strong></span> <span class='ocrx_word' id='word_1_299' title='bbox 1142 3435 1243 3474; x_wconf 88' lang='lat' dir='ltr'><strong>tum,</strong></span> <span class='ocrx_word' id='word_1_300' title='bbox 1264 3429 1328 3468; x_wconf 90' lang='lat' dir='ltr'><strong>ed.</strong></span> <span class='ocrx_word' id='word_1_301' title='bbox 1349 3442 1409 3481; x_wconf 83' lang='lat' dir='ltr'><strong>pr.</strong></span> <span class='ocrx_word' id='word_1_302' title='bbox 1579 3428 1594 3451; x_wconf 87' lang='lat'>⁶</span> <span class='ocrx_word' id='word_1_303' title='bbox 1623 3427 1871 3479; x_wconf 87' lang='lat' dir='ltr'><strong>Dominum]</strong></span> 
     </span>
     <span class='ocr_line' id='line_1_40' title="bbox 123 3480 1872 3538; baseline -0.005 -9"><span class='ocrx_word' id='word_1_304' title='bbox 123 3487 366 3532; x_wconf 84' lang='lat' dir='ltr'><strong>dominium,</strong></span> <span class='ocrx_word' id='word_1_305' title='bbox 387 3486 451 3526; x_wconf 86' lang='lat' dir='ltr'><strong>ed.</strong></span> <span class='ocrx_word' id='word_1_306' title='bbox 472 3499 533 3538; x_wconf 89' lang='lat' dir='ltr'><strong>pr.</strong></span> <span class='ocrx_word' id='word_1_307' title='bbox 821 3484 836 3507; x_wconf 81' lang='lat'><strong>⁶</strong></span> <span class='ocrx_word' id='word_1_308' title='bbox 865 3483 1018 3535; x_wconf 87' lang='lat' dir='ltr'><strong>capiat]</strong></span> <span class='ocrx_word' id='word_1_309' title='bbox 1042 3483 1186 3534; x_wconf 87' lang='lat' dir='ltr'><strong>rapiat,</strong></span> <span class='ocrx_word' id='word_1_310' title='bbox 1207 3482 1269 3522; x_wconf 90' lang='lat' dir='ltr'><strong>ed.</strong></span> <span class='ocrx_word' id='word_1_311' title='bbox 1292 3496 1351 3535; x_wconf 87' lang='lat' dir='ltr'><strong>pr.</strong></span> <span class='ocrx_word' id='word_1_312' title='bbox 1603 3481 1616 3504; x_wconf 88' lang='lat'>⁷</span> <span class='ocrx_word' id='word_1_313' title='bbox 1647 3480 1872 3533; x_wconf 87' lang='lat' dir='ltr'><strong>patentior]</strong></span> 
     </span>
    </p>
   </div>
   <div class='ocr_carea' id='block_1_21' title="bbox 95 3540 519 3595">
    <p class='ocr_par' dir='ltr' id='par_1_22' title="bbox 95 3540 519 3595">
     <span class='ocr_line' id='line_1_41' title="bbox 95 3540 519 3595; baseline -0.002 -13"><span class='ocrx_word' id='word_1_314' title='bbox 95 3541 344 3595; x_wconf 73' lang='lat' dir='ltr'><strong>0potentior‚</strong></span> <span class='ocrx_word' id='word_1_315' title='bbox 366 3540 519 3581; x_wconf 89' lang='lat' dir='ltr'><strong>A.B.C.</strong></span> 
     </span>
    </p>
   </div>
   <div class='ocr_carea' id='block_1_22' title="bbox 1924 1810 1975 2140">
    <p class='ocr_par' dir='ltr' id='par_1_23' title="bbox 1924 1810 1975 2140">
     <span class='ocr_line' id='line_1_42' title="bbox 1924 1810 1975 2140; textangle 90"><span class='ocrx_word' id='word_1_316' title='bbox 1924 1810 1975 2140; x_wconf 56' lang='lat'><strong>3255552259</strong></span> 
     </span>
    </p>
   </div>
   <div class='ocr_carea' id='block_1_23' title="bbox 1997 424 2101 478">
    <p class='ocr_par' dir='ltr' id='par_1_24' title="bbox 1997 424 2101 478">
     <span class='ocr_line' id='line_1_43' title="bbox 1997 424 2101 478; baseline 0.01 -2"><span class='ocrx_word' id='word_1_317' title='bbox 1997 424 2101 478; x_wconf 79' lang='lat'><strong>373</strong></span> 
     </span>
    </p>
   </div>
   <div class='ocr_carea' id='block_1_24' title="bbox 2086 1886 2103 1970">
    <p class='ocr_par' dir='ltr' id='par_1_25' title="bbox 2086 1886 2103 1970">
     <span class='ocr_line' id='line_1_44' title="bbox 2086 1886 2103 1970; textangle 90"><span class='ocrx_word' id='word_1_318' title='bbox 2086 1886 2103 1970; x_wconf 59' lang='lat' dir='ltr'><strong>&#39;&#39;l—0</strong></span> 
     </span>
    </p>
   </div>
   <div class='ocr_carea' id='block_1_25' title="bbox 2088 1818 2182 2105">
    <p class='ocr_par' dir='ltr' id='par_1_26' title="bbox 2088 1818 2182 2105">
     <span class='ocr_line' id='line_1_45' title="bbox 2088 1818 2150 2038; textangle 90"><span class='ocrx_word' id='word_1_319' title='bbox 2127 2020 2145 2038; x_wconf 72' lang='lat' dir='ltr'><strong>r:</strong></span> <span class='ocrx_word' id='word_1_320' title='bbox 2131 1986 2150 2004; x_wconf 51' lang='grc' dir='ltr'>Ξ</span> <span class='ocrx_word' id='word_1_321' title='bbox 2102 1885 2145 1970; x_wconf 58' lang='grc' dir='ltr'><strong>’νέξ</strong></span> <span class='ocrx_word' id='word_1_322' title='bbox 2088 1818 2132 1870; x_wconf 59' lang='grc' dir='ltr'><strong>ᾆῆ)</strong></span> 
     </span>
     <span class='ocr_line' id='line_1_46' title="bbox 2141 1877 2182 2105; textangle 90"><span class='ocrx_word' id='word_1_323' title='bbox 2141 2086 2158 2105; x_wconf 72' lang='lat'>0</span> <span class='ocrx_word' id='word_1_324' title='bbox 2148 1982 2179 2038; x_wconf 48' lang='grc' dir='ltr'><strong>ἓξ,</strong></span> <span class='ocrx_word' id='word_1_325' title='bbox 2145 1877 2182 1941; x_wconf 52' lang='lat' dir='ltr'><strong>’rt-53.</strong></span> 
     </span>
    </p>
   </div>
  </div>
 </body>
</html>
