2436 4094
408 341 475 394 26
981 340 1737 390 PROLEGOMENA.

405 479 565 540 ipsum
598 484 844 539 receptum
880 490 986 523 esse
1010 476 1207 522 videtur.
1277 474 1467 522 Deinde
1502 474 1585 522 ubi
1620 483 1787 523 auctor
1821 475 2080 524 sententias
2115 475 2316 525 biblicas
2419 492 2433 534 „·

406 567 666 613 testimonii
701 567 847 613 instar
884 564 1033 621 affert,
1070 563 1119 609 in
1156 562 1323 611 codice
1359 561 1420 610 D.
1447 563 1652 610 breviter
1686 571 1733 610 et
1770 563 2046 625 simpliciter
2075 569 2315 627 fevange·
2393 543 2409 557 ⁸

405 654 546 701 lium'
596 661 676 700 aut
724 658 735 678 ‘
752 653 872 700 fides
920 649 1174 713 evangelii'
1212 636 1512 708 nominatur,
1561 651 1612 698 in
1663 651 1856 714 reliquis
1902 666 2017 699 vero
2063 652 2316 700 codicibus

407 757 570 790 sacrae
607 741 867 802 scripturae
902 739 1020 786 liber
1051 746 1223 796 certus,
1250 746 1394 801 caput
1429 739 1574 786 etiam
1617 739 1722 786 libri
1757 739 2022 788 accuratius
2057 739 2315 803 significari
2422 759 2430 783 ι

406 831 539 877 solet.
611 829 833 890 Exempli
871 843 1018 875 causa
1052 827 1132 874 lib.
1159 827 1226 874 II.
1262 828 1431 889 capitis
1471 838 1499 887 5
1533 828 1667 875 initio
1702 828 1833 891 apud
1867 829 2089 876 codicem
2115 827 2165 876 D
2195 827 2316 876 haec
2418 813 2436 902 ξ

405 918 641 981 legimus:
704 920 715 941 ⁴
734 916 832 963 Ubi
878 924 952 963 est
998 915 1119 963 haec
1162 915 1282 963 fides
1328 916 1592 978 evangelii:
1651 916 1815 964 timete
1859 932 1986 974 eum,
2030 916 2113 979 qui
2157 924 2318 979 potest
2415 909 2436 958 ³}

403 1014 503 1053 tam
536 1020 711 1067 corpus
747 1019 895 1066 quam
931 1004 1143 1051 animam
1174 1005 1359 1051 mittere
1395 1004 1445 1051 in
1476 1003 1750 1066 gehennam
1766 1004 1803 1052 ?’
1875 1003 2036 1052 Ceteri
2065 1018 2180 1052 vero
2210 1003 2317 1053 libri
2422 959 2436 1092 ξ

402 1094 527 1140 hanc
569 1094 828 1154 scripturae
871 1091 1090 1140 citandae
1133 1091 1341 1139 formam
1381 1093 1446 1140 ita
1487 1092 1863 1155 amplificarunt:
1913 1096 1926 1118 ‘
1944 1092 2043 1140 Ubi
2083 1100 2158 1141 est
2194 1092 2317 1140 haec

402 1181 521 1229 fides
561 1181 792 1243 evangelii
821 1179 1064 1227 Matthaei
1101 1181 1190 1239 10,'
1227 1188 1318 1228 etc.
1390 1179 1506 1228 Hoc
1546 1182 1596 1228 in
1634 1180 1859 1243 exemplo
1896 1182 2150 1229 observare
2190 1180 2315 1239 licet,
2419 1186 2436 1230 5

401 1285 498 1332 qua
517 1270 614 1323 >via
653 1276 810 1337 textus
852 1276 1020 1316 auctus
1062 1268 1214 1316 fuerit.
1287 1268 1521 1316 Matthaei
1563 1269 1695 1316 enim
1735 1284 1937 1317 nomen.
1960 1284 2072 1317 cum
2111 1283 2317 1317 numero

410 1374 470 1406 10
513 1359 563 1405 in
603 1358 771 1412 codice
811 1356 874 1405 D.
916 1357 979 1405 ad
1019 1358 1290 1420 marginem
1334 1365 1619 1405 annotatum
1659 1365 1759 1406 est:
1811 1357 1986 1405 librarii
2025 1357 2318 1420 posteriores

404 1447 531 1495 hanc
578 1446 794 1509 glossam
842 1447 892 1493 in
938 1454 1123 1494 textum
1169 1446 1329 1508 ipsum
1371 1453 1699 1508 susceperunt.
1786 1444 1896 1493 Alia
1941 1445 2084 1508 hujus
2128 1446 2334 1510 generis
2421 1454 2436 1506 «ἶ

406 1536 630 1597 exempla
667 1535 930 1583 identidem
967 1535 1283 1582 inveniuntur.
1354 1533 1501 1582 Unde
1542 1541 1687 1596 patet,
1726 1533 1859 1581 illum
1893 1533 2083 1592 librum,
2119 1549 2181 1582 ex
2217 1548 2316 1596 quo
2425 1541 2436 1611 3

405 1713 578 1773 quibus
613 1712 787 1759 librarii
822 1712 872 1759 in
907 1711 1162 1759 exarandis
1197 1712 1444 1759 codicibus
1468 1711 1528 1758 A.
1554 1710 1609 1758 B.
1636 1710 1693 1758 C.
1716 1711 1792 1758 usi
1827 1712 1970 1758 sunt.

479 1816 520 1847 2.
570 1799 898 1847 Vocabulorum
938 1800 1126 1846 delectus
1167 1809 1309 1862 atque
1351 1799 1592 1847 verborum
1633 1799 1774 1846 series
1811 1806 1859 1847 et
1899 1799 2146 1846 consecutio
2185 1778 2318 1862 apud

407 1887 629 1935 codicem
647 1886 708 1934 D.
733 1895 916 1935 tantam
952 1888 1316 1950 simplicitatem,
1343 1896 1390 1935 et
1424 1896 1525 1935 tam
1560 1888 1775 1935 nativum
1798 1886 2067 1935 Latinitatis
2101 1887 2318 1936 colorem

406 1990 522 2037 prae
564 1990 615 2022 se
657 1974 827 2034 ferunt,
866 1976 1058 2038 qualern
1099 1976 1266 2038 reliqui
1307 1977 1411 2024 libri
1449 1991 1551 2023 non
1594 1975 1834 2023 exhibent.
1903 1974 2128 2038 Exempli
2168 1989 2318 2024 causa

407 2065 610 2125 scriptor
645 2063 826 2111 codicis
861 2063 924 2111 D.
961 2065 1222 2111 innumeris
1257 2065 1308 2111 in
1343 2064 1462 2112 locis
1498 2064 1734 2112 vocabulo
1771 2063 2148 2112 demonstrativo
2185 2062 2332 2132 ‘z'stes

407 2160 534 2199 recte
558 2152 714 2210 utitur,
738 2153 820 2199 ubi
849 2152 1015 2215 reliqui
1047 2152 1227 2200 habent
1251 2157 1262 2177 ‘
1283 2152 1386 2200 ille!
1461 2152 1844 2216 Conjunctiones
1870 2157 1882 2178 ‘
1900 2152 2038 2214 quod'
2064 2160 2112 2200 et
2135 2155 2146 2176 ‘
2163 2142 2241 2200 κί’
2266 2152 2318 2199 in

407 2240 584 2288 eodem
619 2241 741 2288 libro
780 2242 955 2290 rectius
997 2242 1225 2304 applicari
1268 2242 1439 2300 solent,
1478 2257 1626 2304 quam
1667 2243 1717 2288 in
1759 2242 1928 2289 ceteris
1968 2241 2112 2289 libris.
2183 2239 2318 2288 Con-

407 2330 589 2376 secutio
635 2337 910 2391 temporum
957 2330 1088 2392 apud
1134 2330 1344 2379 eundem
1391 2329 1691 2378 emendatior
1736 2328 2121 2391 deprehenditur,
2168 2343 2317 2392 quam

406 2418 458 2464 in
506 2417 755 2465 codicibus
801 2418 1009 2480 reliquis.
1080 2418 1355 2466 Verborum
1402 2419 1549 2466 series
1596 2417 1728 2466 haud
1774 2431 1883 2465 raro
1936 2417 2124 2465 diversa
2167 2423 2241 2465 est
2287 2431 2318 2478 a

407 2506 576 2554 ceteris
616 2505 760 2564 libris,
803 2514 851 2554 et
897 2507 1181 2569 plerumque
1218 2507 1494 2569 simplicior,
1532 2506 1847 2564 emendatior,
1885 2505 2044 2553 Latini
2079 2505 2317 2555 sermonis

404 2594 601 2655 ingenio
625 2595 780 2656 aptior
805 2603 1041 2657 apparet„
1088 2594 1229 2654 Quae
1255 2596 1422 2642 omnia
1454 2603 1742 2657 argumento
1768 2602 1891 2652 sunt,
1917 2594 2162 2643 librarium
2185 2592 2317 2643 hunc

401 2681 548 2729 fuisse
588 2681 801 2740 doctum,
841 2683 1035 2745 linguae
1076 2683 1278 2731 Latinae
1316 2684 1537 2746 peritum,
1578 2691 1869 2741 accuratum,
1906 2691 2155 2745 praeterea
2193 2682 2316 2730 libro

399 2785 543 2817 usum
589 2785 696 2818 esse
744 2772 1061 2820 emendatiori
1108 2780 1250 2835 atque
1298 2771 1360 2819 ad
1407 2772 1614 2819 auctoris
1661 2772 1811 2833 ipsius
1858 2778 2066 2819 aetatem
2116 2770 2317 2834 propius

401 2858 678 2906 accedente.

470 2946 567 2993 Hic
610 2962 804 3009 quoque
844 2948 963 2996 liber
1009 2957 1056 2996 et
1099 2947 1295 3011 Dialogi
1336 2956 1385 2996 et
1426 2947 1643 3010 Trialogi
1684 2947 1868 2995 indices
1910 2945 2106 2994 exhibet
2145 2944 2316 2996 ordine

402 3034 704 3095 alphabetico
745 3038 1058 3099 compositos.
1131 3037 1190 3084 In
1229 3037 1447 3098 Trialogi
1485 3037 1641 3084 indice
1682 3051 1770 3098 per
1810 3035 2023 3097 quinque
2064 3034 2317 3081 columnas

403 3121 485 3171 fol.
524 3139 581 3183 91
625 3139 694 3186 sq.
734 3125 918 3173 circiter
961 3141 1055 3186 130
1090 3120 1511 3173 rerum‘notiones
1548 3124 1868 3172 continentur.

406 3442 423 3449 ,,
475 3397 606 3444 Libri
642 3408 847 3460 quatuor
884 3401 1171 3463 Trialogum
1209 3400 1506 3458 exhibenteS,
1541 3400 1580 3447 si
1621 3413 1707 3447 eos
1742 3413 1842 3446 uno
1879 3394 2017 3461 qu‘asi
2050 3407 2316 3462 conspectu

405 3485 770 3545 lustraverimus,
810 3490 859 3535 in
901 3489 994 3537 hoc
1037 3490 1358 3547 consentiunt,
1406 3488 1540 3551 quod
1581 3489 1683 3535 sine
1726 3487 2011 3549 exceptione
2053 3501 2226 3535 omnes
2259 3493 2316 3535 ‘et

404 3572 664 3634 Dialogum
721 3584 766 3622 et
815 3576 1099 3639 Trialogum
1155 3578 1552 3641 complectuntur,
1600 3576 1730 3624 unde
1778 3582 1920 3637 patet,
1969 3589 2030 3622 ex
2078 3575 2316 3623 sententia
