2496 4108
392 442 496 512 316

1079 441 1505 504 JOANNIS
1575 443 1927 492 WICLIF
2225 461 2376 490 univ.

631 592 691 623 ex
716 575 821 636 lege
847 574 1140 621 matrimonii
1160 574 1223 621 ad
1246 574 1371 621 hanc
1396 574 1542 621 fidem
1567 576 1781 638 conjugii
1807 585 1918 624 sunt
1942 578 2093 624 artati.
2165 575 2216 625 Si
2247 576 2378 624 enim

632 657 826 718 quilibet
867 655 1111 716 prolificus
1153 670 1213 702 ex
1255 655 1480 716 qualibet,
1524 671 1647 718 quae
1690 657 1779 704 sibi
1820 657 2044 719 placeret,
2087 664 2376 720 procrearet,
2439 704 2453 718 ¹.

630 738 752 785 foret
787 737 1218 798 consanguinitatis
1251 736 1486 794 confusio,
1523 737 1797 785 hereditatis
1835 746 2066 800 paternae
2101 737 2376 795 destructio,

629 828 883 881 parentum
919 818 1240 875 inhonoratio,
1279 818 1533 865 hominum
1570 820 1815 867 contentio
1858 828 2002 881 atque
2039 819 2222 868 occisio
2264 834 2378 867 cum

629 901 788 947 multis
831 901 933 948 aliis
975 902 1387 961 inconvenienffls,
1431 918 1551 964 quas
1598 903 1760 951 vident
1801 891 2078 966 philosophi
2124 891 2376 951 naturales.

630 982 750 1028 Ideo
775 982 851 1028 lex
877 991 1074 1030 naturae
1100 999 1213 1031 cum
1237 983 1365 1031 facto
1391 983 1484 1031 Dei
1511 985 1656 1032 docet
1689 985 1957 1044 ecclesiam,
1985 985 2118 1048 quod
2142 985 2378 1048 conjuges

629 1063 837 1124 copulati
862 1064 1072 1125 legitime
1096 1079 1186 1126 pro
1212 1080 1300 1112 suo
1326 1074 1559 1127 perpetuo
1586 1067 1944 1129 conjungantur
1958 1083 1971 1127 3
2009 1074 2056 1114 et
2082 1067 2195 1114 satis
2220 1066 2377 1114 modi-

628 1159 740 1191 cum
786 1152 860 1191 est
906 1153 953 1192 et
1000 1146 1340 1204 necessarium,
1389 1147 1524 1208 quod
1569 1155 1770 1209 uterque
1822 1148 2097 1210 conjugum
2136 1161 2226 1210 pro
2285 1160 2377 1194 suo

626 1234 859 1288 perpetuo
896 1226 1030 1274 alteri
1067 1236 1220 1274 servet
1255 1227 1417 1285 fidem,
1444 1228 1557 1290 quia
1593 1243 1706 1276 curn
1737 1236 1925 1276 tantum
1955 1229 2186 1275 uniuntur
2207 1227 2377 1276 virtute

626 1308 917 1355 matrimonii
953 1309 1003 1354 in
1038 1308 1290 1370 principio,
1316 1309 1450 1371 quod
1485 1317 1597 1356 sunt
1632 1309 1783 1357 taliter
1817 1324 1916 1357 una
1951 1324 2077 1367 caro,
2103 1316 2151 1356 et
2186 1308 2226 1357 si
2261 1309 2379 1357 alter

627 1403 795 1434 eorum
828 1389 998 1435 dimitti
1035 1389 1230 1436 deberet
1264 1388 1486 1451 propter1
1511 1389 1839 1448 infortunium,
1873 1399 2078 1453 utroque
2108 1391 2376 1452 superstite,

628 1477 904 1531 sequeretur
939 1471 1229 1517 matrimonii
1265 1471 1519 1519 infidelitas
1551 1480 1599 1519 et
1633 1473 2021 1520 inconvenientia
2053 1472 2271 1535 superius
2303 1487 2387 1520 re-⁴

627 1552 782 1598 citata.

694 1633 920 1680 Pseuslz's.
991 1634 1193 1681 Videtur
1223 1634 1354 1692 mihi,
1377 1635 1512 1696 quod
1547 1635 1663 1683 false
1701 1645 1747 1683 et
1780 1636 2142 1699 imbrigabiliter
2163 1636 2376 1699 loqueris

629 1715 678 1761 in
714 1715 804 1762 hac
841 1724 987 1777 parte.
1059 1716 1262 1763 Videtur
1286 1717 1416 1763 enim
1454 1718 1625 1778 primo,
1655 1733 1766 1764 curn
1802 1725 1902 1764 tam
1937 1718 2106 1765 mulier
2136 1733 2286 1780 quam
2309 1718 2379 1764 vir

628 1798 686 1844 sit
733 1798 925 1859 conjux,
975 1798 1109 1859 quod
1156 1813 1556 1860 quorumcunque
1604 1799 1770 1846 talium
1818 1799 2061 1861 copulatio
2110 1800 2169 1846 sit
2216 1799 2378 1846 matri-

626 1878 871 1937 monium;
926 1886 973 1925 et
1016 1879 1083 1926 sic
1125 1879 1223 1925 duo
1265 1879 1348 1925 viri
1383 1881 1573 1927 uxorati
1616 1888 1662 1927 et
1698 1880 1936 1927 caritative
1980 1880 2148 1928 sociati
2185 1895 2246 1928 ex
2281 1879 2378 1928 hoc

629 1959 965 2006 contraherent
998 1960 1291 2021 conjugium,
1319 1968 1365 2007 et
1398 1961 1465 2007 sic
1500 1961 1559 2007 de
1592 1962 1835 2008 uxoribus.
1910 1960 2132 2009 Similiter
2164 1961 2282 2008 nihil
2305 1969 2379 2008 est

626 2041 807 2087 licitum
832 2040 922 2087 nisi
948 2041 1190 2102 possibile,
1219 2041 1306 2087 sed
1329 2041 1464 2088 multi
1498 2042 1785 2103 copulantur
1817 2043 2228 2090 matrimonialiter
2263 2044 2377 2091 satis

626 2122 764 2178 licite,
791 2122 874 2183 qui
898 2137 999 2168 non
1024 2129 1232 2183 possunt
1257 2122 1379 2168 filios
1404 2137 1674 2183 procreare,
1696 2138 1813 2184 ergo
1835 2123 2094 2185 descriptio
2120 2131 2193 2171 est
2215 2124 2377 2171 minus

627 2203 793 2251 valida.
868 2202 1092 2250 Similiter
1120 2204 1389 2265 procreatio
1424 2212 1496 2250 est
1527 2218 1628 2250 non
1662 2204 1820 2250 solum
1846 2206 2151 2267 appropriate
2175 2206 2226 2252 in
2248 2221 2384 2253 mas-

629 2285 752 2342 culo,
779 2285 866 2332 sed
891 2300 1035 2346 saepe
1061 2293 1152 2331 stat
1176 2285 1550 2342 matrimonium,
1576 2285 1772 2346 quando
1804 2287 2072 2347 procreatio
2097 2287 2203 2334 talis
2227 2287 2375 2335 deest.

628 2366 830 2413 Videtur
865 2381 982 2427 ergo
1018 2381 1118 2413 non
1155 2366 1325 2423 solum,
1353 2366 1487 2427 quod
1522 2381 1581 2412 eo
1618 2366 1725 2428 ipso
1762 2381 1860 2427 quo
1894 2375 1966 2414 est
1998 2367 2177 2414 unum2
2211 2369 2376 2416 matri-

629 2448 849 2495 monium
874 2457 983 2495 sunt
1008 2456 1054 2495 et
1081 2448 1192 2505 duo,
1219 2447 1329 2494 sed3
1361 2448 1495 2509 quod
1518 2448 1648 2494 bona
1672 2448 1963 2494 matrimonii
1986 2448 2125 2496 valde
2154 2449 2378 2498 acciden-

628 2530 779 2577 taliter
803 2530 893 2576 sibi
915 2529 1091 2576 insunt.
2363 2537 2367 2542 “

695 2611 966 2658 Phronesz's.
1037 2610 1194 2657 Valde
1228 2611 1440 2672 captiose
1473 2611 1671 2668 invehis,
1700 2610 1784 2658 sed
1820 2611 1942 2658 scias
1975 2611 2376 2670 certitudinaliter,

629 2692 762 2754 quod
804 2692 1103 2739 succumbes.
1191 2690 1277 2737 Ad
1305 2693 1512 2753 primum
1553 2697 1873 2754 argumentum
1920 2701 2057 2740 tuum
2103 2693 2377 2755 respondeo

630 2773 962 2831 concedendo,
989 2772 1122 2835 quod
1157 2788 1558 2835 quorumcunque
1593 2773 1799 2820 duorum
1833 2774 2099 2836 conjugum
2134 2775 2376 2837 copulatio

630 2856 687 2902 sit
712 2855 1087 2902 matrimonium.
1162 2854 1260 2902 Sed
1284 2862 1401 2901 nota
1437 2854 1571 2915 quod
1608 2870 1710 2901 non
1735 2856 1959 2916 sequitur,
1988 2855 2062 2902 ‘A
2086 2863 2158 2903 est
2196 2857 2376 2919 conjux

631 2936 686 2995 C,
713 2945 759 2984 et
783 2937 823 2983 B
850 2944 922 2984 est
954 2937 1132 2998 conjux
1157 2935 1219 2994 D,
1247 2951 1363 2997 ergo
1389 2936 1435 2982 A
1462 2943 1509 2983 et
1533 2935 1573 2981 B
1603 2945 1712 2983 sunt
1737 2937 1970 2999 conjuges
1985 2936 2014 2997 ς’
2057 2937 2170 2999 quia
2194 2938 2256 2985 ad
2280 2938 2375 2986 hoc

629 3018 762 3080 quod
785 3018 849 3065 illi
875 3019 968 3065 sint
997 3018 1247 3080 conjuges,
1274 3024 1466 3078 oportet
1498 3018 1632 3078 quod
1665 3018 1759 3063 sint
1792 3018 1999 3065 distincti
2023 3019 2073 3065 in
2097 3019 2302 3079 sexibus,
2327 3028 2375 3068 et

629 3099 763 3161 quod
804 3100 920 3146 alter
961 3095 1172 3161 reliquo4
1213 3099 1276 3146 ad
1317 3099 1464 3144 finem
1510 3099 1803 3145 matrimonii
1850 3098 2125 3161 copuletur;
2179 3109 2232 3148 ut
2272 3116 2375 3149 non

631 3182 842 3243 sequitur
865 3181 915 3227 in
942 3181 1095 3238 simili,
1122 3181 1160 3228 si
1184 3180 1272 3227 iste
1298 3180 1430 3227 canis
1456 3180 1537 3241 qui
1563 3187 1634 3227 est
1669 3189 1805 3242 pater
1828 3180 1949 3227 illius
1974 3181 2130 3239 eatuli,
2157 3182 2216 3229 sit
2247 3190 2372 3242 tuus,

630 3262 761 3324 quod
803 3263 862 3310 sit
902 3270 1157 3324 propterea
1195 3269 1330 3323 pater
1363 3269 1486 3309 tuus.
1560 3260 1856 3324 ‘Conjuges'
1893 3278 2011 3324 ergo
2052 3278 2166 3311 cum
2208 3265 2373 3313 dicunt

630 3344 910 3391 relationem
934 3344 996 3391 ad
1019 3345 1224 3391 invicem
1247 3342 1499 3390 fundatam
1528 3344 1578 3390 in
1602 3343 1696 3390 fide
1721 3343 1872 3391 taliter
1903 3345 2174 3403 relatorum,
2201 3361 2374 3394 secun-

685 3466 698 3489 ¹
727 3466 912 3518 propter]
936 3479 1017 3505 om.
1039 3467 1099 3511 B.‚
1121 3466 1172 3505 A.
1192 3465 1347 3518 primae
1366 3478 1522 3504 manus.
1720 3465 1736 3488 ²
1762 3465 1908 3518 unum]
1930 3480 2082 3514 verum,
2102 3467 2150 3508 C.
2170 3468 2372 3509 secundae

632 3532 788 3558 manus.
979 3521 994 3543 3
1018 3516 1110 3573 sed]
1133 3520 1368 3566 secundum,
1389 3519 1452 3559 ed.
1473 3533 1535 3571 pr.
1718 3518 1734 3542 ⁴
1761 3520 1946 3573 reliquo]
1959 3522 2091 3561 relicui
2109 3521 2239 3574 (quasi
2257 3535 2282 3562 a
2301 3523 2370 3575 qui

634 3572 756 3623 cujus,
778 3574 860 3624 cui)
882 3574 1038 3614 A.B.C.
