2436 4094
119 502 126 523 Ι
175 463 308 497 em.
768 441 1334 494 TRIALOGUS.

177 579 324 630 aliam
357 584 629 643 generatur,
666 592 769 626 non
802 586 970 627 tamen
1004 577 1172 641 incipit
1213 577 1288 626 vel
1325 550 1500 626 desinit
1534 567 1625 641 pr'o
1659 583 1776 624 tunc
1811 589 1933 623 esse.

178 659 247 710 Et
279 661 350 710 sic
385 659 661 709 communis
698 658 873 722 logica,
910 667 958 708 et
994 659 1305 723 philosophia
1345 659 1592 708 excutiunt
1634 657 1937 707 difficultates

179 740 512 806 sophisticas&
538 756 664 805 quae
695 741 747 789 in
779 741 859 790 illa
889 742 1090 790 materia
1120 741 1420 790 ventilantur.
1492 740 1557 790 Et
1587 740 1684 789 hoc
1717 739 1834 788 satis
1865 745 1938 787 est

95 822 101 828 ’
178 823 244 874 de
268 823 452 874 unitate
474 830 523 873 et
547 823 610 874 de
633 823 1080 888 incorruptibilitate
1104 823 1246 887 hujus
1269 823 1454 872 mundi.

940 1117 1099 1171 CAP.
1134 1118 1201 1168 ΙΙ.

685 1256 761 1307 De
783 1259 1064 1317 aeternitate,
1089 1273 1210 1317 aeva,
1235 1262 1440 1321 tempore.

255 1396 463 1447 Alithz’a.
531 1395 738 1446 Videtur
776 1404 976 1460 propter
1017 1395 1227 1445 dicenda
1261 1396 1652 1460 consequentia2,
1688 1413 1796 1448 esse
1837 1414 1946 1462 per-

186 1479 351 1530 tinens
387 1479 448 1528 de
484 1494 715 1528 mensura
747 1478 922 1541 triplici
953 1485 1245 1541 pertractare
1255 1477 1286 1537 ³,
1324 1479 1519 1538 scilicet,
1557 1479 1619 1528 de
1651 1481 1946 1539 aeternitate,

190 1576 328 1621 aeVO,
354 1569 403 1610 et
424 1561 686 1625 tempore&
757 1560 1023 1608 Aeternitas
1045 1568 1207 1608 autem
1231 1568 1305 1609 est
1336 1560 1524 1609 duratio
1549 1561 1644 1610 Dei
1677 1563 1948 1611 secundum

191 1649 301 1694 esse
319 1642 598 1703 immobile3
634 1650 683 1691 et
705 1649 905 1691 vocatur
929 1657 958 1690 a
981 1641 1145 1690 Boe'tz‘o
1166 1643 1530 1691 interminabilis
1553 1644 1676 1692 vitae
1699 1645 1948 1707 possessio

189 1731 296 1774 tota
337 1724 493 1785 simul,
531 1739 644 1773 cum
684 1725 736 1772 in
777 1723 1056 1772 aeternitate
1091 1738 1196 1771 non
1232 1724 1498 1773 succedunt
1532 1733 1695 1788 partes
1738 1727 1835 1775 sive
1877 1727 1950 1774 in-

190 1806 405 1866 Stantia⁶,
431 1822 493 1855 eo
518 1804 654 1870 quod
675 1804 814 1854 Deus
839 1819 943 1852 non
965 1804 1111 1854 habet
1134 1820 1243 1854 esse
1266 1806 1631 1855 transmutabile
1650 1807 1725 1855 vel
1746 1812 1758 1833 ‘
1775 1810 1951 1856 obum-

191 1889 468 1941 brationem
507 1883 903 1946 vicissitudinis&
948 1887 1071 1935 sicut
1110 1887 1337 1936 mundus
1427 1887 1726 1937 Conceditur
1770 1897 1951 1950 tamen,

192 1970 329 2034 quod
351 1968 489 2019 Deus
512 1968 602 2018 fuit
624 1976 674 2017 et
697 1969 786 2017 erit
815 1977 1014 2032 propter
1047 1969 1370 2032 adjacentiam
1393 1972 1642 2034 temporis,
1667 1972 1803 2035 quod
1836 1987 1951 2021 con-

191 2052 436 2117 tingenter
457 2051 534 2100 vel
565 2048 922 2100 accidentaliter
946 2051 1037 2099 sibi
1060 2051 1199 2110 inest,
1226 2052 1294 2100 sic
1318 2052 1455 2116 quod
1479 2054 1519 2101 si
1542 2068 1630 2117 per
1653 2055 1953 2117 impossibile

192 2148 301 2184 non
322 2133 478 2185 esset⁷
498 2132 711 2190 mundus
735 2141 818 2182 aut
848 2141 1011 2182 motus
1043 2133 1294 2194 sensibilis,
1321 2150 1425 2183 non
1456 2136 1637 2186 inesset
1660 2136 1772 2186 Deo
1805 2137 1952 2187 fuisse

195 2216 273 2267 vel
295 2215 440 2276 fore⁸,
467 2215 556 2265 sed
579 2214 859 2278 simpliciter
880 2230 1058 2279 purum
1090 2230 1210 2265 esse.
1280 2215 1344 2265 Et
1369 2218 1437 2266 sic
1461 2233 1565 2266 non
1597 2227 1789 2283 oportet
1820 2235 1954 2269 mus-

195 2299 342 2348 sitare
366 2297 428 2347 de
450 2297 667 2362 partibus
690 2296 767 2346 vel
790 2297 1080 2346 instantibus
1105 2299 1411 2358 aeternitatis,
1439 2308 1521 2348 aut
1545 2301 1679 2365 quod
1704 2303 1781 2350 alii
1805 2317 1954 2366 quam

198 2379 312 2430 Deo
335 2386 499 2444 potest
520 2380 629 2443 ipsa
658 2378 924 2427 formaliter
955 2388 1248 2443 competere,
1273 2381 1383 2430 licet
1415 2383 1668 2431 causaliter
1699 2385 1956 2447 principiet

199 2477 402 2511 omnem
439 2476 722 2510 mensuram
764 2469 990 2510 creatam.
1061 2461 1171 2510 Nec
1217 2462 1374 2522 refert,
1416 2465 1515 2512 sive
1553 2465 1661 2527 ipsa
1702 2467 1956 2514 aeternitas

199 2551 400 2594 vocetur
429 2542 641 2592 instans⁹
676 2543 967 2592 aeternitatis
1000 2543 1098 2591 sive
1130 2559 1252 2606 pura
1283 2546 1554 2604 aeternitas,
1582 2562 1695 2594 cum
1720 2547 1780 2595 sit
1811 2547 1958 2596 idem.

201 2625 385 2675 Aevum
408 2631 571 2674 autem
594 2624 668 2673 vel
692 2625 870 2672 aevitas
894 2631 968 2672 est
991 2639 1220 2673 mensura
1244 2627 1497 2688 spiritualis
1522 2635 1568 2675 et
1592 2628 1722 2675 mole
1745 2629 1957 2677 indivisi-

203 2708 316 2757 bilis
349 2713 540 2756 creatae
573 2705 884 2764 substantiae,
920 2705 1190 2753 secundum
1222 2721 1370 2769 quam
1401 2708 1572 2756 dicitur
1603 2708 1877 2771 perdurare,
1912 2718 1959 2759 et

206 2804 310 2838 non
335 2787 554 2838 consistit
578 2788 630 2836 in
653 2787 977 2845 successione,
1004 2787 1126 2835 sicut
1149 2802 1240 2836 nec
1265 2790 1535 2838 aeternitas.
1930 2826 1936 2832 a

272 2870 500 2920 Pseustz's.
570 2869 673 2919 Ista
695 2868 880 2918 videtur
912 2869 1109 2932 brigosa
1142 2870 1392 2928 sententia,
1410 2872 1565 2931 primo
1597 2871 1712 2934 quia
1741 2870 1961 2920 videntur

204 2968 314 3004 esse
336 2961 408 3002 tot
431 2951 702 3002 aevitates¹⁰
725 2959 846 3015 quot
869 2958 981 3000 sunt
1012 2951 1133 3000 tales
1166 2952 1357 3014 spiritus
1388 2952 1735 3015 perdurantes3
1771 2969 1962 3002 verum-

206 3043 374 3085 tamen
397 3035 521 3085 sicut
544 3043 618 3084 est
641 3049 741 3082 una
761 3033 1017 3082 aeternitas
1041 3040 1089 3081 et
1111 3048 1265 3082 unum
1289 3041 1496 3096 tempuS,
1522 3035 1591 3083 sic
1614 3034 1800 3083 videtur
1827 3036 1964 3099 quod

208 3119 271 3167 sit
302 3132 404 3166 una
438 3117 630 3176 aevitas,
656 3131 781 3180 quae
814 3116 1042 3164 omnibus
1077 3115 1252 3164 talibus
1288 3115 1531 3179 spiritibus
1567 3124 1640 3165 est
1675 3119 1963 3167 communis.

211 3197 420 3249 Secundo
443 3198 643 3258 videtur,
670 3213 783 3248 cum
807 3197 967 3261 angeli
991 3205 1198 3261 possunt
1222 3199 1404 3246 moveri
1427 3206 1528 3246 tam
1557 3199 1843 3248 sensibiliter
1865 3215 1965 3264 quo

269 3335 286 3360 ¹
313 3334 579 3389 sophisticas]
599 3334 927 3388 sophismaticas‚
946 3332 1011 3374 ed.
1030 3345 1106 3386 pr„
1127 3332 1176 3373 C.
1196 3332 1352 3385 primae
1370 3346 1529 3375 manus.
1612 3333 1629 3358 ²
1656 3335 1966 3390 consequentia]

212 3390 358 3437 subst„
375 3389 674 3442 consequenda,
693 3389 757 3430 ed.
777 3402 839 3442 pr.
1016 3387 1032 3410 ³
1059 3386 1327 3440 pertractare]
1347 3388 1626 3440 pertractatio,
1646 3389 1802 3432 A.B.C.
1822 3390 1886 3432 ed.
1905 3404 1967 3444 pr.

213 3443 231 3469 ¹
255 3450 341 3486 tem
400 3443 463 3508 re]
482 3449 682 3498 perpetuo
701 3449 903 3497 tempore,
921 3441 1076 3483 A.B.C.
1096 3442 1158 3482 ed.
1178 3454 1240 3494 pr.
1347 3442 1363 3465 ⁶
1389 3442 1604 3496 instantia]
1624 3444 1805 3492 instanti,
1823 3445 1887 3486 ed.
1907 3459 1969 3499 pr.

212 3497 234 3527 -⁸
260 3511 317 3540 sc.
384 3510 421 3539 c.
438 3511 467 3539 ι.
491 3506 554 3551 17.
717 3497 734 3522 ⁷
761 3510 847 3538 non
865 3496 991 3549 esset]
1012 3509 1096 3536 non
1115 3502 1189 3542 est,
1203 3496 1256 3536 A.
1277 3501 1352 3543 est,
1372 3496 1428 3536 D.
1592 3498 1609 3522 ⁸
1635 3498 1759 3540 fuisse
1777 3499 1843 3541 vel
1860 3500 1968 3554 fore]

216 3552 305 3594 fore
322 3552 389 3594 vel
406 3552 542 3599 fuisse,
563 3553 617 3593 A.
863 3551 880 3575 ⁹
908 3550 1084 3604 instans]
1105 3564 1212 3604 parS,
1232 3551 1295 3592 ed.
1316 3564 1377 3604 pr.
1398 3564 1492 3594 cum
1512 3552 1617 3595 A.C.
1637 3553 1794 3607 primae
1811 3567 1969 3596 manus.

219 3607 252 3631 ¹⁰
278 3607 493 3660 aevitates]
514 3606 787 3653 aeternitates,
809 3605 864 3646 D.

2088 449 2155 509 79

2003 1398 2182 1428 Aeternitas

2021 1440 2078 1496 “ld
2117 1440 2218 1496 tm

2002 1443 2021 1463 a
2057 1442 2096 1462 ue
2107 1442 2127 1475 a

2024 1478 2044 1497 u
2090 1476 2116 1496 si
2131 1487 2139 1499 ‚

2002 1478 2158 1532 definitur.
