2436 4094
709 341 1467 393 PROLEGOMENA.
1983 350 2048 404 27

58 455 87 523 ε’
132 469 266 529 flans
292 484 422 526 certe
457 478 624 526 aetatis
661 478 1067 541 conjunctionem
1093 478 1305 540 aliquam
1342 477 1466 524 inter
1503 483 1760 539 utrumque
1798 483 2054 523 tractatum

34 581 42 608 ί
76 565 91 638 3'
128 564 442 617 intercedere.
515 565 702 613 Verum
734 580 836 614 non
870 566 1002 615 idem
1037 566 1128 615 illis
1151 566 1308 614 visum
1344 579 1452 614 esse
1489 564 1550 612 de
1574 563 1809 626 Trialogo
1846 571 1894 611 et
1917 562 2059 612 Tria-

75 686 85 719 3
125 651 248 721 hg:
273 652 640 716 Supplemento‚
683 655 860 703 exinde
908 654 1260 713 concludimus,
1303 653 1439 718 quod
1479 652 1578 701 duo
1626 652 1732 700 libri
1772 651 2060 715 Trialogum

3 729 6 734 ⁵
128 741 431 800 &hibenteffi
456 742 636 790 scilicet
668 741 724 791 B.
750 751 797 791 et
820 742 882 791 D.
887 738 1316 806 ‚supplementum
1348 757 1452 790 non
1486 743 1602 790 item
1625 740 1832 801 habent3
1869 740 2060 789 illorum

83 877 94 897 -‚
127 837 266 898 gero,
311 830 397 894 qui
412 872 417 875 μ
432 838 705 893 utrumque
753 831 984 880 exhibent
1035 839 1305 889 tractatum,
1347 830 1478 889 alter,
1525 830 1706 879 scilicet
1746 829 1823 888 Α.,
1865 829 2060 892 supple.-

3 935 8 947 ⁴
125 925 354 989 {nentmn
387 906 548 982 neque
576 919 813 968 ullatenus
849 935 962 968 cum
997 920 1231 982 Trialogo
1269 920 1598 982 conjunctum,
1630 933 1791 982 neque
1833 923 1845 944 ‘
1865 919 2059 982 supple-

75 1039 83 1065 9
124 1007 306 1074 menti)
346 1007 483 1057 titulo
529 1009 855 1071 superscripto
898 1010 1110 1071 praebet,
1153 1024 1280 1057 unus
1321 1017 1510 1056 tantum
1551 996 1710 1057 codex
1748 1007 1822 1066 C.,
1861 1008 2057 1071 supple·

47 1110 77 1168 ᾗ
131 1103 356 1154 nenmm
402 1095 620 1169 Trialogi
665 1098 888 1160 proxime
935 1097 1204 1146 succedens
1251 1098 1466 1146 continet
1520 1097 1649 1145 hunc
1701 1097 1924 1145 ordinem
1970 1097 2056 1144 ob-

128 1193 419 1244 .servan8,.ut
440 1186 652 1250 primum
669 1186 834 1234 locum
852 1185 1090 1249 Dialogus
1115 1186 1329 1234 obtineat
1347 1201 1461 1233 curn
1479 1185 1674 1248 Dialogi
1699 1185 2057 1248 supplementO,

122 1273 316 1324 'deinde
340 1274 601 1338 Trialogus
625 1282 853 1339 sequatur
877 1290 991 1323 cum
1006 1274 1234 1338 >Trialogi
1259 1275 1612 1338 supplemento,
1959 1342 1961 1344 ‚

52 1359 91 1379 ”
119 1389 121 1391 -
203 1362 295 1412 isti
325 1370 533 1427 quatuor
555 1363 663 1411 libri
694 1364 761 1412 ita
794 1378 846 1412 se
877 1362 1072 1423 habent,
1097 1372 1150 1412 ut
1175 1364 1420 1426 duplicem
1445 1364 1584 1426 quasi
1608 1362 1843 1412 familiam
1867 1362 2058 1411 efficere

51 1438 66 1475 ⁵·
135 1451 401 1502 videanmr.
488 1451 654 1500 Altera
701 1452 882 1501 familia
927 1453 1060 1502 libris
1106 1453 1166 1502 A.
1216 1451 1270 1500 B.
1322 1451 1378 1501 C.
1427 1460 1632 1510 constat,
1681 1452 1879 1500 alteram
1927 1452 2059 1500 solus

0 1567 3 1571 ·
49 1550 64 1607 ‚f
136 1540 296 1593 codex
335 1539 398 1590 D.
440 1550 783 1604 repraesentat.
854 1541 954 1590 Hic
1001 1543 1146 1601 enim,
1188 1550 1241 1590 ut
1288 1556 1434 1604 supra
1474 1541 1770 1599 monuimus,
1812 1541 2058 1589 brevitatis

60 1651 66 1697 g
136 1644 299 1688 musa,
340 1643 440 1693 qua
479 1631 716 1679 excellere
763 1630 900 1690 solet,
943 1639 990 1679 et
1034 1639 1194 1678 textus
1242 1630 1587 1678 emendatioris
1634 1630 1835 1688 ratione,
1883 1629 2059 1692 origini

69 1739 86 1756 ’
137 1727 283 1782 atque
324 1720 535 1768 auctoris
571 1720 722 1782 ipsius
764 1721 946 1783 scripto
984 1720 1302 1782 propinquior
1338 1718 1631 1782 judicandus
1669 1726 1756 1777 est,
1795 1733 1944 1781 quam
1982 1733 2057 1765 re-

31 1819 54 1875 ‘j
136 1805 254 1871 liqui
295 1808 504 1857 codiceS.
574 1807 651 1856 Illi
690 1816 787 1857 tres
828 1808 1045 1872 plurimis
1088 1810 1138 1856 in
1182 1807 1303 1855 locis
1343 1807 1468 1855 adeo
1508 1806 1632 1854 inter
1671 1821 1724 1854 se
1765 1815 2054 1865 consonant,

47 1948 49 1950 ,
102 1904 191 1977 ἰα
215 1912 380 1946 ‘unam
418 1898 559 1961 quasi
595 1897 826 1946 familiam
864 1897 964 1946 sive
1007 1901 1019 1922 ‘
1035 1896 1403 1954 recensionem,'
1443 1910 1592 1959 quam
1632 1903 1822 1954 vocant,
1865 1891 2054 1944 efficere

137 1985 401 2036 videantur.

132 2115 136 2118 ,
206 2075 361 2125 Porro
396 2077 438 2126 si
471 2086 739 2141 quaeratur,
770 2093 1013 2141 quaenam
1048 2079 1170 2127 ratio
1205 2078 1470 2127 intercedat
1505 2080 1629 2127 inter
1667 2077 1823 2126 dictos
1858 2077 2055 2125 codices

39 2230 43 2237 Ι
136 2175 286 2231 atque
309 2167 574 2217 editionem
597 2169 817 2231 Trialogi
839 2169 1124 2232 principem,
1151 2169 1265 2218 satis
1290 2169 1602 2232 perspicuum
1626 2177 1711 2227 est,
1738 2183 1842 2216 rem
1866 2183 1968 2215 non
1992 2168 2057 2215 ita

34 2283 46 2299 ι
135 2269 194 2315 ae
215 2255 411 2316 habere,
428 2264 488 2306 -ut
509 2257 720 2306 editores
744 2265 825 2306 aut
847 2272 949 2305 uno
973 2265 1054 2306 aut
1076 2257 1292 2320 pluribus
1316 2273 1378 2306 ex
1402 2272 1607 2306 numero
1639 2257 1813 2305 horum
1837 2257 2056 2320 ipsorum

47 2330 49 2333 ξ
138 2347 369 2397 codicum
408 2347 469 2396 A.
502 2346 558 2395 B.
593 2346 650 2396 C.
685 2347 749 2396 D.
790 2348 867 2396 usi
909 2349 1019 2396 sint.
1090 2347 1319 2410 Namque
1361 2364 1423 2396 ne
1464 2363 1592 2396 unus
1639 2348 1838 2411 quidem
1885 2362 2055 2394 eorum

130 2445 228 2496 est,
265 2437 343 2486 cui
379 2437 527 2486 editio
567 2438 794 2500 princeps
830 2437 894 2486 ad
928 2438 1129 2486 verbum
1165 2446 1418 2487 consonet.
1488 2438 1767 2486 Editoribus
1802 2451 1916 2484 vero
1952 2451 2056 2484 non

92 2579 97 2591 ¹
138 2541 296 2576 unum
330 2526 518 2586 librum,
545 2526 631 2575 sed
664 2527 727 2575 ad
758 2528 1016 2575 minimum
1052 2528 1178 2576 duos
1213 2527 1361 2575 libros
1396 2528 1459 2575 ad
1491 2543 1692 2575 manum
1725 2527 1886 2584 fuisse,
1912 2540 2058 2587 supra

133 2614 519 2664 *observavimus
588 2613 694 2662 Etsi
728 2614 860 2662 haud
894 2614 1061 2676 paucis
1099 2615 1149 2661 in
1184 2615 1304 2663 locis
1339 2615 1486 2663 editio
1522 2616 1748 2678 princeps
1784 2629 1896 2662 curn
1934 2614 2058 2661 libro

142 2702 193 2751 D
239 2702 525 2760 consentiat,
572 2709 738 2750 tamen
788 2701 941 2749 multo
989 2703 1183 2764 saepius
1230 2717 1342 2750 curn
1387 2703 1581 2765 reliquis
1629 2703 1878 2751 codicibus
1929 2701 2056 2756 facit,

134 2792 440 2856 praesertim,
477 2798 525 2840 et
564 2791 741 2838 mirum
782 2790 833 2837 in
874 2790 1093 2848 modum,
1131 2806 1244 2838 cum
1279 2791 1449 2839 codice
1486 2791 1526 2838 B
1564 2799 1817 2840 consonat.
1891 2790 2056 2850 Quam

143 2882 212 2930 ob
253 2862 452 2930 causam
475 2879 736 2943 ,conjicere
779 2878 900 2938 licet,
935 2878 1085 2927 libros
1125 2879 1246 2938 illos,
1283 2880 1458 2942 quibus
1500 2880 1708 2928 editores
1750 2895 1881 2928 anno
1926 2893 2054 2941 1524

133 2966 195 3019 ‘et
225 2966 462 3033 sequenti,
485 2983 586 3033 quo
618 2968 845 3016 volumen
880 2968 1006 3031 typis
1042 2983 1326 3030 expressum
1362 2968 1520 3016 lucem
1544 2969 1672 3027 vidit,
1700 2969 1772 3017 usi
1809 2970 2057 3028 sintscum

142 3058 278 3115 alteri
311 3058 532 3116 familiae,
570 3058 647 3107 cui
682 3065 848 3106 noster
883 3057 1040 3106 codex
1076 3056 1125 3104 D
1161 3056 1553 3105 adnumerandus
1590 3065 1676 3116 est,
1712 3066 1816 3106 tum
1852 3058 2060 3108 familiae

16 3153 28 3161 ’
56 3175 69 3194 2
146 3147 293 3208 alteri,
341 3164 404 3197 ex
449 3163 549 3212 qua
592 3147 760 3211 reliqui
807 3146 1016 3205 codiceS,
1067 3147 1349 3210 praesertim
1396 3146 1452 3204 B,
1501 3148 1599 3195 nati
1647 3155 1773 3205 sunt,
1822 3157 2060 3211 cognatos
2107 3163 2112 3168 ·

146 3239 306 3290 fuisse.
377 3239 577 3288 Nullum
612 3247 774 3287 autern
810 3238 985 3286 horum
1020 3245 1225 3299 quatuor
1260 3237 1503 3294 librorum,
1540 3237 1622 3300 qui
1657 3252 1811 3300 usque
1848 3237 1910 3286 ad
1944 3253 2061 3287 nos-

147 3337 273 3379 tram
318 3336 526 3378 aetatem
573 3326 844 3377 conservati
892 3334 1017 3384 sunt,
1061 3325 1148 3374 sed
1194 3341 1391 3388 prorsus
1439 3326 1558 3374 alios
1604 3327 1752 3376 libros
1798 3327 2061 3376 editoribus

136 3425 343 3481 *praesto
383 3417 545 3475 fuisse,
588 3416 821 3464 nonnulla
860 3417 1060 3479 vestigia
1100 3416 1305 3478 prodere
1342 3415 1575 3464 videntur.
1645 3415 1869 3480 Exempli
1907 3419 2060 3480 gratia

147 3505 199 3554 in
224 3506 339 3555 libri
374 3506 433 3554 11>
461 3506 671 3569 capitulo
715 3521 788 3563 10,
821 3506 903 3553 ubi
940 3513 1106 3553 auctor
1141 3504 1364 3567 Gregorii
1401 3504 1572 3568 Magni
1608 3507 1939 3555 auctoritatem
1975 3524 2060 3571 ap-

150 3595 309 3660 pellat,
334 3595 483 3644 editio
508 3595 735 3659 princeps
759 3594 878 3643 haec
904 3594 1047 3643 habet
1066 3595 1236 3643 verba:
1274 3594 1470 3644 ‘Posuit
1490 3595 1756 3659 Gregorius
1781 3597 1831 3646 in
1857 3595 2060 3646 Omilia:
