2496 4108
377 446 482 495 244

291 1945 388 1971 Omne
398 1944 481 1976 quod
491 1948 546 1974 est,

289 1986 381 2006 sensu
395 1979 528 2010 quodam

290 2016 320 2038 et
333 2011 452 2045 signum
468 2016 499 2038 et

289 2049 512 2072 sacramentum

289 2082 345 2106 est.

1179 928 1570 997 LIBER
1657 929 1781 998 IV.

1306 1155 1560 1204 CAPUT
1597 1156 1637 1204 Ι.

1158 1294 1234 1342 De
1255 1297 1407 1358 szgrm‘s
1431 1301 1474 1342 et
1493 1297 1811 1342 sacramentis.

674 1440 876 1489 Alz'tlzz‘a.
947 1437 1108 1488 Video
1133 1454 1230 1502 quo
1257 1441 1319 1487 ad
1342 1441 1487 1488 istum
1520 1439 1816 1497 tractatuml,
1844 1439 1978 1501 quod
2010 1439 2175 1487 leviter
2201 1447 2357 1501 trans·-

606 1522 788 1569 curristi
803 1538 816 1581 ;
867 1522 953 1569 sed
976 1522 1148 1569 vellem
1181 1522 1397 1580 libenter,
1425 1522 1559 1583 quod
1592 1530 1847 1569 tractatum
1880 1529 2106 1583 quartum
2131 1521 2183 1568 de
2205 1523 2356 1584 sz'gnzsss·

606 1603 917 1651 conformiter
942 1603 1211 1651 inchoares.
1285 1601 1535 1662 Quamdiu
1568 1603 1791 1665 quidem²
1814 1603 1894 1650 hic
1919 1604 2136 1661 vivimus,
2161 1593 2356 1664 oportet

606 1682 667 1729 ad
710 1683 847 1744 signa
888 1681 1149 1740 attendere,
1192 1697 1304 1730 cum
1349 1681 1679 1731 Samaritanus
1720 1692 1884 1730 noster
1924 1698 2040 1731 usus
2079 1682 2166 1732 fuit
2202 1680 2356 1746 signis

606 1779 717 1810 curn
743 1764 840 1810 suis
873 1765 1103 1825 apostolis
1119 1780 1131 1823 ;
1181 1773 1228 1812 et
1262 1773 1563 1812 sacramenta
1596 1780 1916 1826 quaecunque
1949 1773 1997 1812 et
2021 1765 2355 1812 distinctiones

606 1845 833 1891 ordinum
868 1845 942 1891 vel
984 1853 1222 1892 sectarum
1264 1847 1515 1907 potissime
1555 1854 1682 1893 stant
1723 1847 1774 1892 in
1817 1847 1980 1908 signis.
2066 1846 2270 1894 Videtur
2304 1846 2355 1893 in

605 1926 786 1986 primis,
813 1926 947 1987 quod
983 1927 1176 1987 signum
1213 1935 1259 1974 et
1297 1929 1541 1988 signatum
1578 1927 1908 1974 convertibilia
1944 1935 2054 1974 sunt
2078 1943 2191 1975 cum
2226 1935 2352 1976 ente.

605 2006 736 2052 Nam
773 2008 932 2053 omnis
969 2015 1185 2054 creatura
1219 1996 1293 2055 est
1327 2009 1517 2069 signum
1545 2008 1812 2065 creatorisss,
1841 2009 1965 2056 sicut
1996 2007 2157 2056 fumus
2190 2018 2354 2056 natur-

604 2088 736 2134 aliter
777 2089 941 2149 ignem
983 2089 1232 2150 significat.
1305 2089 1440 2136 Deus
1476 2089 1621 2136 etiam
1658 2097 1731 2136 est
1770 2090 1963 2151 signum
1999 2090 2251 2151 cujuslibet
2285 2091 2354 2138 rei

604 2169 862 2229 signabilis,
890 2185 1001 2216 cum
1038 2169 1095 2216 sit
1130 2169 1248 2216 liber
1272 2170 1395 2216 vitae
1431 2170 1481 2215 in
1510 2185 1608 2231 quo
1645 2170 1972 2231 quodcunque
2009 2170 2244 2232 signabile
2279 2178 2354 2218 est

603 2250 883 2311 inscriptum
899 2266 910 2309 ;
959 2259 1006 2297 et
1029 2266 1115 2312 per
1146 2251 1276 2297 idem
1310 2252 1534 2312 sequitur,
1561 2252 1695 2312 quod
1720 2250 1995 2313 quodlibet*
2022 2252 2081 2299 sit
2114 2252 2351 2314 signum⁵.

602 2330 664 2377 Et
689 2332 727 2377 si
753 2331 993 2378 diffinitive
1021 2332 1399 2379 sacramentum⁶
1417 2333 1477 2379 sit
1502 2347 1665 2379 sacrae
1691 2333 1759 2379 rei
1784 2332 1991 2393 signum,
2011 2319 2196 2380 videtur
2215 2333 2352 2397 quod

602 2426 749 2459 omne
791 2413 1023 2474 signabile
1065 2414 1125 2460 sit
1166 2414 1311 2460 etiam
1355 2421 1726 2470 sacramentum,
1770 2414 1881 2475 quia
1926 2413 2086 2461 omnis
2134 2422 2352 2463 creatura

602 2493 838 2555 significat
859 2509 994 2540 suam
1019 2494 1312 2540 creationem
1337 2503 1384 2541 et
1408 2495 1552 2541 etiam
1578 2502 1860 2552 creatorem,
1881 2502 1928 2542 et
1947 2496 2015 2542 sic
2033 2510 2138 2542 rem
2163 2511 2371 2548 sacram,

601 2575 851 2636 significat,
877 2583 925 2622 et
943 2574 1077 2622 Deus
1102 2575 1276 2623 multas
1301 2576 1485 2636 sacras⁷
1504 2584 1743 2623 creaturas
1770 2577 2007 2638 significat
2029 2585 2079 2624 et
2103 2592 2155 2625 se
2173 2578 2349 2640 ipsum.

600 2656 750 2715 Quod
790 2658 828 2703 si
867 2665 1222 2704 sacramentum
1261 2659 1319 2705 sit
1359 2658 1603 2705 invisibilis
1637 2659 1817 2719 gratiae
1853 2657 2050 2705 visibilis
2091 2658 2264 2717 forma,
2298 2667 2352 2707 ut

601 2737 959 2785 similitudinem
984 2746 1119 2799 gerat
1144 2746 1191 2785 et
1220 2754 1364 2786 causa
1394 2740 1578 2797 existat,
1607 2754 1719 2786 cum
1743 2738 1938 2786 visibilis
1973 2738 2131 2786 forma
2163 2740 2213 2786 in
2235 2755 2350 2802 pro-

599 2825 759 2886 posito
798 2824 953 2885 signat
989 2839 1330 2886 quamcunque
1367 2824 1574 2871 formam
1598 2824 1672 2871 vel
1707 2824 2027 2886 quidditatem
2062 2823 2350 2881 sensibilem,

599 2905 783 2952 videtur
801 2905 934 2966 quod
959 2905 1198 2966 quaelibet
1223 2914 1437 2952 creatura
1462 2905 1698 2952 sensibilis
1723 2906 1781 2952 sit
1805 2906 1951 2952 etiam
1975 2912 2346 2962 sacramentum,

600 2987 712 3047 quia
736 2994 808 3033 est
832 2986 1024 3033 visibilis
1049 2986 1205 3032 forma
1228 2986 1472 3033 invisibilis
1496 2987 1675 3049 gratiae
1701 2985 1939 3043 creatoris,
1965 2993 2013 3032 et
2036 2985 2159 3047 gerit
2184 2985 2348 3032 simili-

599 3066 816 3114 tudinem
851 3065 1096 3128 ydearum‚
1131 3074 1178 3114 et
1213 3082 1359 3114 causa
1393 3067 1551 3114 existit
1587 3066 1907 3123 similitudinis
1945 3081 2060 3113 suae
2093 3072 2142 3112 et
2177 3065 2348 3113 intelli-

601 3148 791 3208 gentiae
817 3146 1083 3195 creatoris⁸.

669 3228 936 3286 Quomodo
963 3244 1080 3290 ergo
1107 3237 1218 3276 sunt
1243 3229 1400 3276 solum
1432 3233 1590 3289 septem
1622 3233 1910 3275 sacramenta
1942 3227 2167 3276 distincta
2191 3229 2348 3290 speci-

653 3358 666 3381 1
694 3359 931 3410 tractatum]
953 3363 1173 3398 tractatum
1192 3358 1369 3403 tertium,
1391 3357 1545 3397 A.B.C.
1567 3357 1629 3396 ed.
1651 3371 1712 3409 pr.
2014 3357 2030 3379 ²
2057 3356 2240 3450 quidem?
2262 3371 2346 3397 om.

597 3411 660 3450 ed.
681 3424 761 3462 ρης
794 3413 915 3457 enim,
937 3413 986 3452 C.
1189 3412 1204 3434 ³
1234 3411 1446 3463 creatoris]
1470 3411 1698 3457 creationis,
1720 3412 1783 3451 ed.
1803 3424 1866 3463 pr.
2068 3412 2084 3433 ⁴
2111 3411 2220 3462 quod
2237 3410 2342 3463 ibet]

597 3465 778 3515 quilibet,
801 3467 849 3506 C.
1042 3465 1058 3489 ⁵
1086 3465 1268 3518 signum]
1290 3466 1508 3518 signatum,
1530 3465 1686 3505 A.B.C.
1707 3465 1770 3505 ed.
1791 3478 1854 3518 pr.
2090 3464 2107 3487 ⁶
2134 3464 2346 3504 diffinitive

597 3519 914 3571 sacramentum]
936 3519 1125 3559 diffinitio
1146 3520 1401 3567 sacramenti,
1423 3519 1579 3558 A.B.C.
1601 3519 1663 3558 ed.
1684 3532 1745 3571 pr.
2037 3517 2053 3541 ⁷
2081 3518 2236 3571 sacras]
2259 3531 2344 3559 om.

597 3571 645 3610 C.
667 3573 834 3623 primae,
855 3573 901 3612 B.
924 3574 1124 3614 secundae
1143 3587 1300 3614 manus.
1466 3573 1481 3596 ⁸
1510 3573 1720 3626 creatoris]
1740 3573 1946 3618 creaturis,
1965 3572 2031 3612 ed.
2051 3585 2112 3624 pr.
