2456 4088
126 479 279 523 cnm.
725 473 1292 524 TRJALOGUS.

127 607 373 667 naturaIiS‚
398 608 523 657 sicut
558 616 694 657 actus
729 607 997 671 superbiae,
1036 616 1170 656 actus
1205 609 1302 656 irae
1327 616 1375 656 et
1406 616 1543 657 actus
1575 608 1732 671 gulae,
1767 609 1883 668 im0,

126 697 178 737 ut
212 689 370 752 placet
403 690 715 752 sapientibuS,
752 697 888 738 actus
924 690 1122 752 quilibet
1157 690 1405 752 positivus,
1431 705 1544 738 cum
1580 691 1640 739 sit
1664 699 1883 740 creatura

123 761 393 839 placenter¹
428 771 665 834 producta
698 786 729 819 a
763 769 996 818 Domin0.
1068 770 1190 819 Ideo
1227 786 1329 819 non
1357 771 1573 830 dubium,
1608 773 1727 835 quin
1762 773 1882 821 tales

123 841 262 900 actus
295 859 502 914 possunt
535 867 643 901 esse
678 852 909 900 meritorii
945 860 992 900 et
1014 853 1223 900 virtuose
1255 853 1536 911 laudabileS‚
1562 868 1676 902 cum
1709 869 1881 903 occur-

122 925 270 984 rerint
303 934 690 983 circumstantiae
725 933 788 982 ad
823 933 1273 982 denominationem
1307 935 1489 983 virtutis
1526 934 1686 984 debite
1719 937 1881 1000 requi-

122 1014 256 1073 sitae,
281 1022 336 1063 ut
364 1030 627 1078 procreans
657 1015 928 1064 secundum
962 1019 975 1040 ‘
990 1015 1362 1064 fornicationem
1394 1017 1684 1079 simplicem'
1711 1025 1881 1066 natum

120 1106 183 1144 ex
205 1095 388 1145 semina
409 1095 598 1160 potest²
614 1097 666 1144 in
687 1096 864 1145 eodem
887 1105 1107 1160 tempore
1133 1097 1401 1146 secundum
1425 1098 1688 1162 ligamenta
1716 1099 1880 1147 matri-

119 1177 273 1226 monii
297 1193 359 1226 ex
383 1178 582 1227 eadem⁸
603 1179 815 1227 eundem
837 1194 1042 1242 puerum
1073 1194 1344 1242 procreare,
1370 1187 1417 1227 et
1449 1188 1564 1228 tunc
1589 1180 1711 1228 foret
1745 1189 1881 1229 actus

119 1275 182 1308 ex
216 1261 527 1310 matrimonio
563 1261 677 1310 satis
711 1262 867 1311 licitus
903 1270 951 1309 et
985 1263 1035 1309 in
1071 1277 1188 1310 casu
1222 1263 1508 1320 meritorius,
1546 1264 1628 1310 ubi
1662 1263 1765 1325 jam
1805 1271 1882 1311 est

119 1342 286 1390 vitium
329 1343 706 1406 reprobandum.
794 1343 915 1392 Ideo
962 1342 1127 1392 dicunt
1173 1343 1490 1406 metaphisici,
1533 1343 1668 1407 quod
1715 1344 1881 1392 vitium

118 1423 232 1474 dicit
254 1440 369 1474 cum
391 1425 561 1474 habitu
579 1426 653 1475 vel
677 1435 789 1475 actu
811 1426 1091 1489 hujusmodi
1112 1426 1497 1475 circumstantiae
1521 1426 1684 1474 bonae
1709 1439 1880 1473 caren-

117 1507 237 1556 tiam
270 1507 347 1556 vel
384 1506 641 1567 defectum,
678 1516 725 1557 et
762 1524 849 1571 per
882 1508 979 1557 hoc
1015 1509 1179 1557 dicunt
1214 1508 1348 1571 quod
1383 1508 1531 1556 virtus
1572 1522 1676 1555 non
1712 1514 1880 1569 potest

118 1592 227 1638 eSse
249 1589 418 1637 vitium
442 1589 543 1638 vel4
566 1605 594 1637 e
619 1598 801 1638 contra.
873 1589 982 1638 Nec
1005 1590 1173 1638 vitium
1197 1598 1270 1638 est
1296 1589 1456 1638 solus⁶
1479 1597 1614 1637 actus
1639 1588 1715 1636 vel
1738 1587 1880 1635 habi-

117 1677 209 1729 tus,
234 1670 323 1719 sed
347 1678 667 1734 aggregatum
699 1686 761 1719 ex
793 1671 882 1719 illis
914 1679 962 1719 et
994 1671 1351 1719 circumstantia
1383 1671 1567 1728 vitiosa,
1592 1670 1703 1718 licet
1727 1669 1875 1717 virtus

118 1757 168 1800 e't
206 1747 374 1800 vitium
415 1752 578 1801 dicant
613 1753 936 1801 communiter
974 1753 1122 1800 talem
1162 1752 1381 1801 habitum
1416 1760 1652 1814 tanquam
1687 1759 1880 1814 partem

118 1833 224 1898 eJus
271 1834 662 1898 principaliorem
670 1831 701 1881 ⁶.
787 1835 851 1882 Et
897 1835 948 1882 in
993 1835 1084 1883 ista
1131 1835 1527 1897 aequivocatione
1576 1833 1882 1882 contendunt

117 1916 255 1965 multi
289 1916 508 1974 inaniter,
544 1923 592 1964 et
627 1915 696 1963 sic
732 1916 992 1978 positivum
1033 1915 1084 1962 in
1125 1915 1300 1963 talibus
1336 1930 1366 1962 a
1400 1914 1512 1962 Deo
1549 1913 1810 1962 intenditur
1833 1921 1882 1961 et

118 2005 318 2056 creatur,
343 2005 391 2046 et
421 2011 524 2045 non
557 1996 819 2045 intenditur
853 2012 944 2045 nec
968 1996 1047 2045 fit⁷
1070 2011 1099 2044 a
1122 1995 1249 2054 De0‚
1276 1994 1410 2058 quod
1435 1995 1494 2044 sit
1527 1995 1720 2043 habitus
1744 1994 1882 2042 vitio-

117 2078 239 2129 sus⁸.
308 2078 372 2128 Et
396 2079 466 2127 sic
489 2077 707 2127 notanda
730 2085 804 2126 est
827 2078 911 2126 tibi
937 2078 1182 2128 distinctio
1205 2092 1295 2140 pro
1322 2077 1625 2125 dissensione
1650 2074 1881 2133 sedanda,

116 2161 370 2226 quomodo
404 2161 608 2210 nomina
643 2160 812 2209 talium
846 2160 1073 2208 vitiorum
1115 2159 1412 2222 quandoque
1448 2158 1725 2221 significant
1761 2171 1881 2204 con-

30 2286 38 2294 .
117 2244 290 2293 cretive
325 2250 549 2307 respectu
582 2242 689 2291 talis
715 2242 911 2304 peccati
947 2241 1226 2304 simpliciter
1250 2255 1340 2304 pro
1376 2248 1482 2288 toto
1518 2247 1799 2302 aggregatO,
1826 2246 1875 2285 et

115 2324 412 2389 quandoque
458 2324 774 2388 personaliter
814 2338 904 2386 pro
945 2322 1225 2386 hujusmodi
1273 2330 1505 2379 creatura,
1547 2329 1601 2369 ut
1648 2327 1758 2368 actu
1801 2319 1876 2368 vel

115 2407 284 2456 habitu
323 2408 373 2455 in
410 2421 510 2470 quo
552 2405 770 2455 defectus
807 2406 1088 2469 hujusmodi
1127 2414 1201 2453 est
1241 2405 1483 2453 fundatus.
1576 2403 1709 2451 Sicut
1751 2403 1883 2451 enim

115 2485 363 2537 diabolus⁹
397 2503 500 2536 non
535 2496 700 2551 potest
734 2502 840 2536 esse
877 2489 980 2536 sine
1016 2487 1142 2540 Deo,
1181 2487 1247 2535 sic
1286 2493 1543 2548 peccatum
1579 2500 1681 2532 non
1717 2492 1881 2547 potest

115 2585 224 2618 esse
259 2570 351 2618 nisi
389 2569 644 2617 fundatum
685 2568 869 2617 fuerit¹⁰
903 2570 955 2616 in
998 2576 1217 2616 creatura
1256 2568 1403 2615 bona.
1475 2567 1682 2614 Videtur
1718 2574 1883 2614 tamen

117 2651 236 2700 mihi
271 2650 406 2714 quod
446 2650 583 2699 multi
623 2650 816 2698 habitus
852 2650 1008 2697 vitiosi
1044 2657 1156 2697 sunt
1190 2648 1571 2711 inseparabiliter
1607 2647 1735 2704 mali,
1773 2646 1884 2695 licet

117 2731 502 2796 inseparabilitas
536 2731 725 2794 peccati
763 2745 866 2778 non
907 2745 994 2793 per
1035 2745 1086 2778 se
1126 2731 1238 2778 insit
1278 2737 1525 2778 creaturae
1566 2728 1676 2776 Dei.
1747 2727 1883 2775 Deus

116 2829 238 2879 ergo
263 2814 378 2862 facit
399 2813 772 2861 fundamentum
797 2812 998 2875 peccati,
1019 2819 1068 2859 et
1092 2819 1309 2860 creatura
1333 2810 1462 2858 mala
1485 2809 1598 2857 facit
1625 2808 1881 2866 defectum,
1921 2831 1927 2836 «

117 2896 180 2946 de
220 2911 320 2960 quo
357 2895 494 2944 Deus
531 2895 742 2957 gratiose
783 2894 898 2942 facit
934 2895 1135 2941 bonum.
1220 2892 1283 2940 Et
1324 2893 1392 2940 sic
1435 2899 1507 2940 est
1549 2891 1692 2938 nimis
1731 2890 1883 2952 turpis

117 2977 358 3041 deceptio,
392 2977 432 3025 si
466 2976 739 3024 luxuriosus
771 2983 825 3023 ut
856 2975 1230 3023 instrumentum
1255 2973 1350 3021 Dei
1383 2972 1498 3021 facit
1529 2973 1717 3020 bonum
1752 2971 1883 3033 posi-

118 3059 287 3118 tivum,
312 3066 428 3107 tunc
459 3073 565 3106 non
587 3058 638 3105 in
661 3057 756 3106 hoc
783 3065 855 3105 est
887 3056 1153 3119 culpabiliS,
1180 3071 1292 3104 cum
1324 3053 1509 3103 faciat¹¹
1538 3054 1724 3101 bonum
1756 3052 1882 3100 male

117 3143 212 3190 nec
243 3140 433 3204 attingit
466 3138 530 3188 ad
563 3137 943 3187 causationem¹²
975 3138 1168 3200 spiritus
1201 3136 1416 3194 humani,
1443 3135 1554 3183 ideo
1588 3149 1690 3182 non
1722 3134 1883 3196 potius

118 3223 234 3272 facit
257 3222 509 3270 hominem
535 3235 684 3282 quam
710 3220 932 3268 diabolus
957 3219 1070 3267 facit
1094 3218 1459 3267 beatitudinem.

174 3352 188 3376 ¹
217 3349 445 3404 placenter]
466 3349 689 3403 placerent,
710 3348 772 3389 ed.
793 3361 854 3401 pr.
1047 3347 1062 3370 ²
1090 3345 1248 3399 potest]
1271 3351 1398 3399 patet,
1415 3345 1479 3385 ed.
1495 3357 1556 3396 pr.
1674 3344 1688 3366 ³
1717 3342 1881 3396 eadem]

117 3405 275 3451 eodem,
295 3405 359 3445 ed.
379 3417 440 3457 pr.
660 3402 675 3424 ⁴
703 3402 788 3454 vel]
809 3414 898 3447 nec,
918 3402 981 3442 ed.
1002 3414 1064 3454 pr.
1295 3399 1310 3422 ³
1339 3398 1469 3450 solus]
1492 3397 1639 3443 solum,
1662 3398 1716 3437 D.
1736 3397 1799 3437 ed.
1820 3410 1880 3450 pr.

116 3459 133 3483 ⁸
161 3457 512 3512 principaliorem]
543 3456 823 3510 principalem,
854 3455 1010 3496 A.B.C.
1314 3453 1329 3477 ⁷
1356 3466 1432 3493 nec
1460 3451 1525 3503 fit]
1556 3457 1602 3491 ut
1631 3451 1696 3497 sit.
1726 3451 1880 3492 A.B.C.

116 3514 132 3536 ⁸
160 3513 352 3565 vitiosus]
372 3518 414 3553 et
433 3512 617 3557 vitiosus,
639 3512 701 3556 C.,
722 3511 769 3550 B.
790 3511 946 3562 primae
966 3522 1122 3549 manus.
1287 3508 1302 3530 ⁹
1331 3505 1542 3558 diabolus]
1563 3505 1737 3546 dicimus
1756 3505 1881 3552 dives,

118 3568 166 3607 Β.
187 3567 411 3613 secundae;
441 3566 563 3607 nobis
581 3566 707 3610 dives,
729 3565 784 3603 D.
953 3563 982 3586 ¹⁰
1010 3563 1086 3603 nisi
1107 3562 1321 3602 fundatum
1342 3560 1480 3612 fuerit]
1499 3559 1584 3600 sine
1599 3558 1881 3606 fundamento,

119 3622 273 3663 A.B.C.
295 3621 358 3662 ed.
378 3634 439 3674 pr.
549 3620 578 3645 ¹¹
608 3618 751 3670 faciat]
774 3617 883 3664 facit,
906 3617 1059 3657 A.B.C.
1173 3616 1203 3640 ¹²
1230 3613 1530 3666 causationem]
1545 3615 1806 3660 creationem,
1827 3614 1880 3654 A.

2021 485 2126 543 205
