2496 4108
379 422 484 473 260

1066 413 1488 478 JOANNIS
1559 411 1906 462 WICLIF
2217 426 2374 456 univ.

615 550 813 612 allegavi
846 557 1017 597 contra
1043 550 1188 596 istum
1219 563 1433 596 errorem
1457 547 1706 609 multiplex
1738 547 2069 595 testimonium
2095 544 2372 608 Augustini,

614 633 725 680 ideo
762 632 854 679 illis
891 631 1154 698 suppositis
1190 639 1307 678 noto
1345 630 1499 687 tertio,
1537 629 1791 692 quomodo
1827 643 1887 675 ex
1945 642 2106 675 errore
2142 640 2373 675 sensuum

614 721 714 759 tam
747 712 1128 759 extrinsecorum
1156 710 1331 773 quam1
1363 711 1737 758 intrinsecorum
1769 711 1859 757 ista
1893 709 2136 757 dementia
2160 715 2233 756 est
2262 722 2372 770 per-

614 792 771 854 plexa.
842 791 973 838 Nam
1006 791 1259 839 deficiente
1294 792 1462 839 notitia
1495 805 1665 838 sensus
1701 790 1972 847 extrinseci,
2009 796 2203 851 oportet
2237 787 2372 850 quod

615 887 784 927 sensus
815 872 1102 920 intrinsecus
1128 872 1362 929 illudatur,
1390 880 1437 919 et
1461 871 1619 918 nullus
1643 872 1750 919 talis
1773 871 2042 918 haereticus
2075 869 2202 918 dicet
2230 868 2374 916 scho-

613 955 791 1012 lastice,
824 953 959 1016 quod
991 955 1148 1001 noscit
1180 954 1497 1015 quidditatem
1530 954 1604 1001 vel
1641 952 1965 1000 differentiam
1998 950 2373 999 substantiarum

615 1036 926 1093 sensibilium,
976 1035 1063 1082 sed
1112 1035 1350 1083 concedet
1405 1050 1518 1083 cum
1567 1035 1719 1082 stultis
1766 1032 2081 1095 philosophis,
2130 1031 2264 1094 quod
2309 1031 2372 1079 de

613 1117 784 1164 talibus
830 1116 1135 1164 sensibilibus
1183 1116 1298 1163 nihil
1346 1118 1516 1164 noscit.
1609 1115 1741 1163 Sicut
1789 1115 1963 1177 posim,
2012 1113 2150 1176 quod,
2193 1113 2372 1161 multae

614 1199 799 1247 hostiae
836 1198 1073 1246 saeratae2
1108 1206 1155 1245 et
1178 1213 1292 1258 ,non
1334 1206 1547 1246 sacratae
1586 1197 1864 1244 hominibus
1905 1196 2239 1258 ignorantibus
2280 1196 2374 1244 sint

615 1280 921 1336 commixtae,
959 1287 1073 1326 tunc
1108 1279 1376 1326 haereticus
1412 1279 1566 1326 nescit
1607 1278 1833 1326 accidens
1869 1293 2012 1325 suum
2046 1292 2076 1324 a
2109 1290 2238 1340 pane
2273 1276 2374 1325 dis-

614 1362 847 1423 tinguere,
885 1361 1006 1408 sicut
1042 1375 1134 1408 nos
1170 1361 1413 1407 nescimus
1451 1359 1743 1422 distinguere
1779 1360 1901 1407 inter
1937 1366 2148 1407 sacratas
2188 1357 2373 1407 hostias

615 1451 661 1490 et
696 1457 798 1490 non
833 1450 1058 1500 sacrataS,
1083 1457 1145 1490 eo
1181 1442 1315 1504 quod
1351 1442 1555 1489 sacratio
1579 1456 1680 1488 non
1716 1450 1789 1489 est
1825 1440 2063 1488 sensibilis
2087 1439 2175 1488 sed
2207 1440 2372 1488 insen-

614 1524 775 1572 sibilis.
849 1522 1016 1571 Mures
1049 1531 1212 1571 autem
1244 1523 1423 1572 habent
1457 1522 1720 1570 servatam³
1753 1523 1972 1570 notitiam
2005 1522 2066 1570 de
2098 1523 2239 1584 panis
2264 1522 2376 1570 sub-

615 1605 789 1655 stantia
830 1606 949 1653 sicut
990 1606 1189 1667 primo4,
1230 1605 1317 1654 sed
1357 1605 1461 1653 istis
1502 1604 1775 1652 infidelibus
1818 1603 1946 1652 istud
1987 1604 2136 1661 deest,
2171 1611 2225 1652 et
2261 1617 2374 1651 cum

615 1688 841 1749 ignorant
881 1687 988 1748 quis
1036 1688 1176 1749 panis
1219 1694 1301 1734 aut
1348 1687 1482 1748 quod
1523 1687 1690 1733 vinum
1737 1686 1855 1747 ipsis
1899 1685 2156 1734 latentibus
2202 1699 2377 1734 conse-

616 1776 786 1825 cratur,
829 1783 920 1816 nec
968 1775 1305 1816 consecratum
1351 1769 1524 1815 iterum
1570 1768 1738 1830 recipit
1785 1758 2216 1824 consecrationem,
2264 1766 2378 1829 quia

617 1849 684 1896 sic
720 1848 945 1897 accidens
979 1864 1066 1910 per
1095 1864 1150 1896 se
1187 1849 1289 1896 sine
1324 1864 1451 1910 pane
1484 1849 1557 1896 vel
1580 1850 1693 1896 vino
1727 1849 1901 1910 poterit
1935 1847 2221 1906 consecrari,
2245 1854 2378 1910 patet

617 1929 752 1990 quod
797 1937 868 1976 est
913 1930 1002 1976 illis
1050 1930 1346 1991 ambiguum,
1396 1931 1435 1977 si
1482 1945 1700 1991 unquam
1747 1931 1834 1977 rite
1890 1936 2192 1989 consecrant,
2238 1936 2293 1977 ut
2339 1929 2378 1977 si

618 2010 874 2057 multitudo
925 2010 1193 2058 hostiarum
1226 1996 1398 2058 'statim
1445 2019 1557 2073 post
1603 2011 1865 2072 pistionem
1914 2026 1943 2058 a
1989 2011 2270 2073 presbytero
2318 2009 2378 2058 sit

619 2098 816 2148 sacrata,
843 2098 890 2138 et
913 2091 1080 2137 vinum
1117 2092 1166 2137 in
1200 2091 1530 2139 transmarinis
1554 2092 1768 2153 partibus
1801 2092 2057 2154 ignorante
2081 2091 2292 2154 Anglico
2317 2092 2378 2145 sit

619 2178 873 2229 sacratum,
898 2179 1014 2218 tunc
1039 2172 1181 2220 frater
1199 2172 1435 2234 Anglicus
1460 2187 1562 2220 non
1582 2172 1641 2220 de
1666 2173 1755 2221 illis
1780 2170 2062 2221 consecrat⁵
2087 2173 2208 2221 sicut
2243 2172 2374 2224 dicit..

624 2252 721 2300 Sed
757 2254 864 2314 quis
890 2254 978 2300 scit
1015 2253 1054 2300 si
1079 2254 1212 2315 ipsae
1236 2268 1312 2300 res
1347 2254 1413 2301 ita
1449 2269 1500 2301 se
1536 2254 1731 2312 habent,
1758 2270 1870 2302 cum
1905 2262 2144 2317 quotquot
2179 2254 2376 2302 hostiae

621 2342 828 2397 possunt
853 2334 995 2381 simul
1020 2335 1197 2382 eodem
1221 2336 1369 2382 verbo
1395 2327 1596 2382 Domini
1621 2337 1909 2392 consecrari,
1936 2344 1983 2383 et
2007 2336 2173 2383 vinum
2204 2343 2367 2398 potest

621 2414 670 2461 in
695 2429 1004 2477 quocumque
1029 2430 1143 2462 vase
1169 2423 1215 2463 et
1240 2423 1631 2478 quantacumque
1657 2418 1921 2479 quantitate
1947 2418 2136 2475 sacrari,
2160 2418 2306 2465 etiam
2332 2417 2375 2464 si

621 2496 796 2556 poterit
821 2511 907 2556 per
931 2510 982 2543 se
1008 2511 1131 2543 esse.
1212 2496 1426 2544 Gustum
1459 2498 1619 2560 itaque
1653 2513 1934 2560 cauponum
1968 2499 2080 2547 licet
2111 2499 2188 2554 isti
2213 2498 2375 2547 stolidi

621 2575 846 2624 haeretici
894 2578 1241 2625 necessitantur
1288 2579 1468 2636 tollere,
1518 2594 1621 2626 non
1667 2588 1832 2628 tamen
1877 2582 1946 2628 eis
1995 2580 2210 2638 credunt,
2258 2596 2373 2630 cum

622 2673 785 2705 mures
810 2673 911 2705 non
937 2660 1158 2706 obstante
1186 2674 1271 2706 sua
1296 2659 1488 2708 stultitia
1507 2669 1695 2709 servant
1713 2677 1774 2709 ex
1793 2662 1980 2724 integro
2000 2677 2197 2713 sensum
2216 2677 2374 2712 suum.

624 2738 757 2797 Quid
783 2754 901 2801 ergo
934 2748 1151 2787 moveret
1175 2740 1447 2788 Dominum
1477 2741 1647 2804 Jesum
1673 2742 1919 2791 Christum
1950 2744 2116 2792 tollere
2149 2745 2218 2792 sic
2245 2744 2375 2808 judi-

623 2821 752 2868 cium
789 2835 988 2868 suorum
1025 2821 1286 2879 cultorum,
1313 2838 1424 2869 cum
1460 2824 1509 2870 in
1534 2824 1666 2871 nullo
1691 2824 1929 2872 redundat
1963 2826 2033 2873 eis
2066 2825 2143 2872 in⁰
2169 2826 2373 2887 bonum,

623 2916 714 2948 nec
739 2901 788 2947 in
813 2902 1000 2949 ratione
1027 2903 1102 2950 vel
1126 2903 1220 2950 fide
1246 2905 1510 2965 scripturae
1535 2913 1693 2966 potest
1717 2905 1920 2963 fundari,
1947 2907 2080 2968 quod
2108 2915 2180 2955 est
2203 2922 2375 2956 neces-

625 2983 803 3031 sarium
840 2983 1065 3031 homines
1103 2985 1171 3032 sic
1208 2985 1401 3046 decipi?
1456 3001 1568 3032 cum
1608 2987 1749 3047 panis
1792 2994 1840 3034 et
1873 2988 2039 3035 vinum
2077 2989 2375 3038 remanentia

624 3063 884 3124 figurarent
919 3065 1077 3126 aptius
1114 3080 1292 3127 corpus
1329 3065 1505 3114 Christi
1542 3075 1588 3114 et
1625 3069 1924 3134 sanguinem,
1962 3083 2110 3130 quam
2145 3069 2374 3131 accidens

625 3145 727 3191 sine
763 3146 1014 3207 subject03
1065 3154 1112 3193 et
1148 3161 1301 3208 aeque
1337 3148 1529 3208 posset⁷
1552 3163 1727 3210 corpus
1753 3148 1933 3197 Christi
1963 3157 2011 3197 et
2043 3152 2240 3213 sanguis
2265 3166 2373 3199 esse

625 3225 686 3272 ad
712 3226 973 3287 quemlibet
998 3235 1235 3289 punctum
1260 3228 1365 3275 talis
1389 3230 1620 3291 corporis,
1646 3230 1767 3277 sicut
1800 3231 1862 3278 ad
1895 3231 2106 3294 aliquem
2138 3240 2374 3294 punctum
2414 3274 2419 3279 ,

682 3367 695 3390 ¹
724 3380 772 3407 ex
792 3370 1125 3423 errore—quam]
1148 3384 1230 3410 om.
1251 3371 1313 3411 ed.
1334 3384 1396 3423 pr.
1653 3373 1669 3396 ²
1696 3373 1897 3427 sacratae]
1919 3382 2192 3423 consecratae,
2211 3377 2370 3419 A.B.c.

625 3419 658 3482 ³.
672 3424 892 3484 servatam]
914 3424 992 3463 sibi
1011 3425 1207 3471 innatam,
1228 3425 1384 3465 A.B.C.
1405 3426 1467 3465 ed.
1488 3439 1549 3478 pr.
1830 3427 1845 3451 ⁴
1873 3429 1977 3469 sicut
1995 3430 2150 3483 primo]
2171 3438 2371 3472 servatam

629 3481 732 3514 Slcut
753 3489 898 3528 pnmo,
919 3479 983 3518 ed.
1004 3491 1064 3530 pr.
1256 3479 1272 3501 ⁵
1299 3480 1529 3533 consecrat]
1551 3482 1816 3529 consecravit,
1837 3483 1900 3523 ed.
1920 3496 1980 3535 pr.
2159 3485 2174 3507 ⁶
2202 3484 2264 3538 in]
2286 3499 2368 3526 om.

629 3527 693 3565 ed.
715 3542 775 3580 pr.
940 3532 955 3554 ⁷
984 3532 1141 3584 posset]
1163 3538 1312 3585 potest,
1330 3534 1392 3573 ed.
1414 3547 1474 3586 pr.
