2436 4094
147 438 299 482 caiam
753 425 1319 478 TRIALOG'US.

146 556 301 606 θατίοι
324 557 452 608 circa
474 558 655 623 aliquid
677 558 981 624 occupatur²‚
1013 561 1269 612 frustrante
1301 564 1460 626 primo
1489 565 1699 614 ternario
1735 564 1903 615 diabo-

146 637 244 688 lico
275 638 530 688 hominem
565 656 595 689 a
630 641 800 705 sapida
835 643 1223 693 consideratione
1263 645 1338 693 vel
1375 647 1772 709 concupiscentia
1805 647 1901 696 Dei

146 728 236 788 sui,
261 742 365 778 non
399 738 619 792 superest
654 731 746 779 nisi
781 739 834 780 ut
867 732 1014 781 virtus
1050 734 1439 796 concupiscibilis
1472 735 1741 798 improvide
1778 737 1904 785 circa

144 811 432 875 temporalia
455 819 709 874 evagetur.--
766 813 829 861 Et
847 829 908 861 ex
927 814 1027 862 istis
1045 822 1093 862 et
1112 816 1508 878 concupiscentia
1527 819 1684 866 carnis
1703 818 1903 866 infertur

141 892 310 941 tertius
330 894 567 942 ternarius
591 894 888 944 maledictus
960 896 1060 956 Qui
1090 897 1224 945 enim
1254 906 1444 947 terrena
1477 900 1545 947 sic
1578 901 1752 949 ambit³
1777 902 1902 950 desi-

144 974 306 1024 derat*
327 975 713 1025 irrationabiliter
736 976 824 1025 illis
848 977 932 1036 uti,
958 986 1006 1026 et
1031 978 1099 1026 sic
1123 978 1289 1027 incidit
1312 979 1363 1026 in
1386 981 1552 1043 gulam
1576 997 1674 1044 quo
1701 982 1764 1030 ad
1787 998 1901 1045 gus-

141 1055 335 1106 tabilia·
319 1093 334 1117 ,
387 1065 436 1106 et
476 1056 616 1106 cum⁵
653 1058 829 1106 otiatur
867 1074 896 1107 a
937 1059 1325 1109 consideratione
1364 1061 1539 1119 divina,
1581 1064 1711 1112 circa
1752 1080 1901 1128 quam

142 1136 268 1187 foret
288 1137 443 1186 homo
474 1138 751 1188 naturaliter
780 1149 1059 1204 occupatus,
1092 1144 1388 1206 prorumpit6
1416 1145 1676 1211 bestialiter
1707 1147 1757 1194 in
1792 1162 1901 1194 sen-

140 1204 298 1269 sibilia
331 1233 505 1269 sensus
538 1227 709 1281 tactus,
745 1229 793 1270 et
828 1223 1097 1286 completur
1130 1225 1296 1273 tertius
1331 1227 1565 1275 ternarius
1602 1227 1899 1286 maledictuS,

140 1300 322 1350 scilicet
345 1302 552 1362 avaritia,
577 1303 692 1366 gula
723 1312 868 1368 atque
898 1304 1095 1354 luxuria.
1174 1305 1238 1354 Et
1271 1306 1339 1355 sic
1371 1316 1626 1370 peccatum
1659 1310 1899 1372 posterius

138 1382 325 1432 inducit
348 1384 592 1433 sororem⁷
614 1394 913 1449 sequentem,
939 1388 1077 1437 sicuti
1101 1388 1303 1437 crimina
1327 1398 1436 1438 sunt
1462 1405 1685 1438 connexa
1699 1407 1712 1451 ς
1756 1399 1803 1439 et
1833 1393 1900 1441 sic

139 1463 191 1513 in
214 1463 333 1514 isto⁸
357 1468 632 1530 septenario
657 1476 767 1517 sunt
791 1476 886 1518 tres
912 1470 1358 1520 communicantes⁹
1382 1473 1575 1521 ternarii
1599 1472 1844 1536 implicati.

886 1776 928 1826 C
938 1777 1044 1827 ΑΡ.
1083 1777 1145 1828 Χ.

891 1907 1137 1971 Superbia.

202 2029 405 2080 Alz'thz'a.
476 2027 752 2080 Considero
777 2031 912 2095 quod
938 2032 1209 2080 secundum
1233 2034 1474 2081 rationem
1509 2034 1754 2097 disparem
1786 2035 1898 2084 licet

132 2109 413 2162 horninibus
436 2120 640 2162 tractare
666 2112 728 2162 de
751 2114 846 2162 isto
876 2114 1130 2177 septuplici
1162 2115 1333 2163 ordine
1365 2124 1694 2178 peccatorum.
1768 2116 1898 2165 Inci-

131 2194 324 2259 piamus
347 2209 466 2259 ergo
490 2210 520 2244 a
541 2195 773 2258 superbia,
807 2210 921 2244 cum
956 2196 1226 2244 secundum
1261 2197 1660 2246 Ecclesiasticum
1694 2199 1803 2262 ipsa
1839 2201 1899 2249 sit

130 2275 322 2326 initium
352 2277 514 2327 omnis
545 2277 748 2341 peccati,
773 2285 822 2327 et
853 2278 904 2326 in
936 2278 1228 2328 coelestibus
1260 2279 1503 2342 spiritibus
1534 2281 1598 2329 ab
1633 2280 1731 2330 alto
1756 2283 1899 2331 traxit

17 2359 24 2420 ζ
130 2358 428 2423 originem¹⁰.

197 2441 470 2490 Phrone-5115.
540 2439 716 2490 Dicam
740 2442 944 2490 breviter
967 2443 1019 2490 in
1042 2441 1133 2491 ista
1155 2443 1357 2490 materia
1381 2451 1429 2491 et
1453 2452 1812 2506 consequenter
1835 2444 1896 2493 de

57 2523 59 2526 ’
128 2523 344 2588 peccatis
367 2522 486 2580 aliis,
511 2537 624 2571 cum
657 2524 1040 2572 sermocinantes
1065 2540 1126 2572 ex
1157 2525 1311 2587 gratia
1334 2525 1428 2573 Dei
1460 2534 1509 2573 et
1539 2541 1631 2573 usu
1662 2526 1895 2588 loquendi

128 2611 337 2668 possunt
375 2604 491 2653 satis
529 2604 672 2653 istam
711 2606 964 2653 materiam
1007 2605 1218 2654 dilatare.
1288 2603 1641 2654 Verumtamen
1684 2622 1797 2654 cum
1836 2609 1896 2656 sit

128 2687 254 2736 ordo
272 2704 277 2706 ‘
295 2685 527 2735 naturalis
569 2694 797 2749 quattuor
837 2688 1192 2749 quaestionum,
1233 2695 1281 2736 et
1322 2687 1372 2734 in
1397 2688 1700 2750 quaestione,
1739 2688 1779 2734 si
1822 2697 1895 2736 est

129 2768 368 2834 superbia,
387 2782 491 2817 non
509 2775 704 2831 oportet
727 2767 980 2815 hominem
1004 2768 1266 2826 immorari,
1286 2768 1473 2816 videtur
1490 2769 1608 2816 mihi
1628 2770 1894 2832 expediens

22 2905 25 2908 ζ
104 2851 304 2918 -Ρτίωο,
329 2849 505 2911 dicere,
530 2849 648 2912 quid
674 2849 958 2912 descriptive
985 2850 1044 2897 sit
1071 2850 1311 2912 superbia.
1384 2849 1501 2898 Hoc
1534 2850 1667 2898 enim
1698 2850 1895 2899 facilitat

127 2931 192 2982 ad
223 2931 627 2996 cognoscendum
660 2931 977 2994 proprietates
1011 2931 1279 2994 superbiae,
1305 2939 1354 2979 et
1386 2940 1588 2994 propter
1620 2932 1738 2995 quid
1774 2932 1893 2981 tales

58 3020 65 3039 ¹
126 3013 446 3079 proprietates
487 3013 578 3062 sibi
623 3012 864 3062 accidunt.
934 3011 997 3060 Et
1034 3012 1210 3075 loquor
1246 3013 1307 3061 de
1344 3013 1570 3075 superbia
1602 3021 1651 3061 et
1675 3015 1890 3076 peccatis

127 3095 300 3145 ceteris
335 3110 439 3144 non
472 3103 526 3144 ut
562 3094 729 3143 dicunt
755 3093 971 3143 defectus
993 3093 1069 3142 vel
1105 3102 1310 3157 peccata
1346 3094 1587 3142 intellecta
1612 3093 1892 3153 formaliter,

127 3176 217 3227 sed
248 3184 302 3227 ut
334 3176 501 3226 dicunt
531 3176 724 3225 habitus
755 3176 969 3225 vitiosos·
1042 3175 1123 3224 Ab
1154 3176 1245 3224 illis
1277 3176 1408 3223 enim
1442 3175 1682 3224 habitibus
1718 3191 1891 3239 procee

182 3317 199 3344 ²
224 3318 474 3372 necessario]
495 3311 680 3365 necesse?
694 3318 748 3359 A.
987 3317 1004 3341 ²
1031 3317 1275 3371 occupatur]
1298 3317 1668 3370 sit-occupatum,
1690 3318 1770 3365 A.;
1801 3331 1890 3360 esse

127 3373 430 3428 occupativum‚
454 3373 526 3420 B.;
557 3373 858 3426 occupativum‚
878 3385 960 3412 om.
980 3385 1080 3419 esse,
1102 3373 1164 3412 ed.
1186 3385 1246 3425 pr.
1411 3372 1426 3395 ³
1453 3373 1605 3425 ambit]
1626 3374 1812 3426 ambigit,
1831 3374 1886 3414 D.

126 3427 144 3453 ⁴
169 3427 392 3492 desiderat]
432 3431 476 3468 et
512 3427 727 3474 desiderat,
761 3428 809 3468 C.
844 3427 1046 3468 secundae
1083 3439 1241 3466 manuS.
1487 3427 1502 3449 ⁵
1530 3426 1644 3479 cum]
1685 3432 1796 3474 tunc,
1830 3428 1886 3468 D.

123 3481 142 3509 ⁸
171 3481 424 3536 prorumpit]
445 3482 737 3536 prorumpitur,
759 3482 808 3522 C.
828 3482 892 3522 ed.
912 3495 973 3534 pr.
1161 3481 1176 3503 ⁷
1206 3479 1408 3533 sororem]
1431 3494 1635 3534 soporem,
1655 3482 1708 3522 A.
1729 3483 1887 3535 primae

126 3549 286 3579 manus.
467 3536 482 3560 ⁸
509 3536 611 3588 isto]
634 3549 716 3576 om.
732 3537 794 3576 ed.
815 3549 876 3589 pr.
1041 3536 1057 3559 ⁹
1085 3535 1456 3587 communicantes]
1478 3536 1885 3583 communicationes,

125 3591 190 3633 ed.
210 3604 274 3645 pr.
438 3590 470 3614 ¹⁰
498 3590 667 3632 Siracid.
687 3604 726 3630 x.
752 3602 812 3642 15.

195 3674 493 3711 TRIALOGUS.
995 3674 1033 3706 M

2049 430 2142 482 161
2226 438 2234 447 ‘
