2436 4094
120 461 309 496 canus
711 441 1281 492 TRIALOGUS.

121 575 299 625 nostris
333 574 679 625 honorificetur
713 575 863 635 DeuS‚
900 583 948 625 et
986 577 1054 625 sic
1091 584 1145 624 ut
1185 576 1402 635 intenti0,
1439 574 1634 624 oculus¹
1672 575 1879 633 animae,

119 665 316 706 maneat
356 671 550 721 semper
588 658 810 721 simplex.
895 658 1238 707 Necessarium
1276 657 1474 720 quidem
1516 666 1589 706 est
1630 657 1787 715 nobiS,
1827 664 1880 704 ut

119 737 390 788 habeamus
424 739 643 802 spiritum
680 740 870 788 consilii
906 748 1050 802 atque
1077 740 1320 798 scientiae,
1347 739 1463 802 quid
1499 748 1548 788 et
1583 739 1784 803 qualiter
1807 746 1880 787 est

0 831 46 840 '“
120 820 383 884 agendum,
431 835 544 870 cum
590 821 728 869 multi
775 823 1027 869 turbantur
1073 821 1123 868 in
1170 822 1335 869 animo
1388 829 1588 886 propter
1635 820 1879 870 defectum

120 903 306 952 ordinis
339 902 577 966 operandi
610 917 713 950 non
749 902 908 951 solum
944 916 1071 965 opus
1105 903 1323 965 corporis
1348 902 1435 950 sed
1469 903 1728 966 praecipue
1753 917 1879 965 opus

117 984 311 1033 mentis.
379 983 444 1033 Et
477 983 594 1032 hinc
628 992 702 1032 est
737 984 874 1047 quod
908 985 959 1032 in
995 984 1309 1046 religionibus
1343 985 1538 1046 privatis
1573 984 1771 1047 praelati
1795 985 1878 1047 qui

118 1080 267 1130 saepe
293 1065 487 1129 Spiritui
513 1074 684 1114 sancto
707 1066 949 1125 resistunt,
974 1082 1035 1115 ex
1060 1081 1148 1114 sua
1173 1066 1468 1114 dominativa
1488 1067 1743 1130 prudentia
1767 1067 1879 1114 sub-

119 1147 247 1198 ditos
265 1162 411 1211 saepe
435 1147 755 1206 confundunt,
781 1156 828 1196 et
852 1147 965 1196 hinc
995 1148 1172 1196 domus
1205 1148 1324 1197 tales
1356 1149 1568 1211 privatae
1600 1157 1713 1197 sunt
1746 1163 1878 1197 eom-

118 1230 333 1279 muniter
367 1230 512 1278 nidus
553 1229 748 1288 diaboli,
791 1230 905 1294 quia
943 1237 996 1278 ut
1031 1229 1201 1278 dicitur
1244 1229 1418 1278 Matth.
1454 1231 1533 1278 xii.
1572 1229 1880 1278 ‘immundus

117 1311 320 1376 spiritus
343 1324 458 1360 cum
481 1312 650 1360 exierit
672 1312 735 1360 ab
760 1311 973 1360 homine’
994 1312 1062 1361 sic
1086 1312 1314 1375 religioso
1338 1321 1477 1361 acute
1501 1313 1551 1360 in
1570 1312 1664 1361 Dei
1688 1312 1879 1361 servitio

119 1393 344 1458 vigilante
353 1392 386 1454 ²,
406 1396 419 1420 ‘
436 1393 652 1442 ambulat
675 1409 763 1457 per
779 1394 889 1443 loca
908 1394 1059 1443 arida'
1080 1395 1382 1452 secularium,
1402 1402 1450 1442 et
1469 1409 1571 1442 non
1594 1402 1879 1443 occurrente

118 1476 386 1524 tentatione
419 1476 484 1525 ad
518 1476 724 1535 votum³,
762 1479 774 1501 ‘
791 1476 906 1525 dicit
941 1476 1005 1525 ad
1041 1491 1093 1524 se
1128 1476 1303 1539 ipsum,
1336 1483 1544 1524 revertar
1578 1475 1642 1524 ad
1677 1474 1881 1523 domurn

118 1572 284 1606 meam
305 1557 437 1607 unde
461 1557 615 1617 exivi,’
634 1566 682 1606 et
706 1558 958 1606 inveniens
983 1572 1093 1606 eam
1113 1561 1125 1584 ‘
1141 1566 1395 1606 vacantem
1413 1565 1461 1605 et
1486 1557 1649 1620 scopis
1673 1556 1880 1604 munda-

119 1638 251 1698 tam,’
278 1639 393 1688 facit
427 1654 537 1688 eam
571 1640 940 1705 generationem
974 1640 1255 1702 pessimam,
1281 1647 1329 1687 et
1363 1639 1459 1687 hoc
1496 1646 1696 1702 propter
1727 1638 1880 1687 otium

120 1723 222 1772 sive
256 1722 493 1771 accidiam
528 1722 685 1771 cultus
709 1721 804 1769 Dei
839 1722 926 1769 ex*
951 1721 1188 1784 sapientia
1223 1721 1424 1769 limitati.
1496 1720 1639 1780 Quae
1662 1735 1784 1783 rogo
1810 1729 1882 1768 est

119 1804 377 1868 prudentia
415 1803 642 1862 hominiS,
678 1811 731 1853 ut
770 1810 1048 1867 praesumat
1088 1802 1369 1866 regulariter
1415 1802 1689 1852 subvertere
1736 1803 1882 1852 istum

121 1885 337 1938 cultum?

820 2226 981 2279 CAP.
1017 2227 1183 2277 XVII.

701 2364 861 2414 Virtus
885 2367 1087 2413 accidiae
1110 2366 1323 2429 opposita.

191 2501 393 2551 Alitln'a.
463 2500 559 2550 Dic
584 2517 768 2565 quaeso
795 2502 855 2551 de
879 2503 1048 2551 virtute
1073 2510 1278 2565 peccato
1303 2501 1378 2550 isti
1407 2501 1661 2550 contraria.
1732 2501 1882 2549 Vide-

124 2594 201 2635 tm·
233 2584 380 2643 enim,
416 2583 551 2647 quod
586 2592 785 2647 propter
822 2584 1188 2647 amplitudinem
1223 2583 1409 2646 peccati
1451 2599 1552 2632 non
1588 2591 1661 2631 est
1697 2583 1883 2646 aliqua⁵

127 2666 350 2730 specialis
373 2666 521 2714 virtus
547 2666 636 2714 sibi
660 2667 900 2729 opposita,
926 2681 1039 2714 cum
1065 2666 1301 2728 contingit
1330 2665 1582 2713 hominem
1614 2680 1724 2714 esse
1756 2666 1881 2712 acci-

127 2748 247 2796 dum
293 2748 344 2796 in
391 2762 685 2810 quocunque
732 2761 911 2810 genere
959 2746 1209 2810 operandi,
1258 2754 1306 2794 et
1353 2761 1382 2793 a
1427 2745 1667 2793 modestia
1722 2745 1884 2793 debita

127 2829 332 2888 deviare,
356 2837 411 2877 ut
434 2829 680 2893 operatio⁶
705 2844 807 2877 non
833 2837 994 2892 potest
1019 2829 1095 2876 isti
1119 2836 1321 2891 peccato
1346 2827 1396 2874 in
1418 2835 1520 2875 toto
1555 2842 1644 2875 suo
1677 2828 1886 2875 ambitu⁷
1929 2828 1935 2833 ‘

127 2926 237 2960 esse
275 2913 530 2970 contraria,
567 2925 680 2959 cum
714 2910 850 2959 multi
886 2917 1081 2974 torpent
1115 2911 1166 2958 in
1200 2924 1348 2972 opere
1384 2917 1431 2957 et
1454 2909 1670 2971 quolibet
1705 2925 1884 2972 genere

128 3009 228 3058 quo
253 2994 496 3043 servirent.

195 3075 465 3124 Phrenesis.
537 3074 657 3124 Non
681 3074 878 3138 expedit
901 3081 1103 3122 tractare
1130 3073 1190 3121 de
1209 3073 1379 3121 virtute
1404 3073 1658 3137 adaequati
1678 3074 1884 3121 ambitus

129 3173 242 3207 cum
265 3158 361 3207 hoc
396 3166 614 3222 peccam,
640 3157 727 3206 sed
753 3158 867 3205 satis
903 3165 988 3214 est,
1015 3154 1174 3219 quod⁸
1211 3156 1370 3218 aliqua
1406 3156 1550 3203 virtus
1586 3156 1686 3202 imo
1724 3155 1885 3203 omnis

128 3241 276 3289 virtus
299 3247 373 3289 est
397 3240 487 3288 sibi
511 3239 763 3289 contraria.
834 3238 1011 3287 Audivi
1036 3246 1200 3287 tamen
1231 3238 1452 3286 virtutem
1477 3237 1723 3300 quandam
1748 3237 1885 3285 theo-

184 3391 200 3415 ¹
229 3389 392 3444 oculus]
409 3396 455 3431 ut
474 3390 630 3436 oculus,
650 3389 698 3429 B.
718 3389 885 3442 primae,
900 3389 948 3429 C.
970 3388 1170 3428 secundae
1195 3400 1351 3433 manus,
1368 3387 1431 3427 ed.
1454 3401 1539 3440 pr.;
1570 3387 1633 3428 vel
1653 3388 1808 3434 oculus,
1831 3390 1885 3429 D.

130 3445 146 3469 ²
174 3445 391 3498 vigilante]
411 3445 611 3498 vigilanti,
632 3444 680 3484 Β.
700 3444 764 3484 ed.
785 3457 845 3497 pr.
1012 3443 1027 3466 ³
1056 3442 1217 3493 votum]
1241 3448 1413 3488 mutum,
1435 3443 1488 3482 A.
1671 3441 1686 3465 ⁴
1713 3443 1781 3495 ex]
1803 3457 1885 3484 om.

131 3499 181 3540 B.
195 3499 351 3553 primae
370 3513 528 3546 manus,
549 3499 612 3539 ed.
627 3512 688 3551 pr.
827 3498 843 3522 ⁶
869 3497 1026 3550 aliqua]
1047 3510 1129 3537 om.
1151 3497 1307 3538 A.B.C.
1467 3496 1484 3519 ⁶
1511 3497 1716 3549 operatio]
1739 3498 1886 3545 oratio,

132 3554 187 3594 A.
208 3554 409 3594 secundae
427 3567 586 3601 manus,
608 3555 656 3594 C.
677 3553 739 3594 ed.
760 3565 847 3606 pr.;
875 3553 1059 3599 omnino,
1082 3552 1128 3592 B.
1411 3550 1426 3574 ⁷
1454 3551 1633 3604 ambitu]
1654 3551 1809 3600 habitu,
1831 3553 1886 3594 D.

132 3609 148 3632 ⁸
177 3607 308 3662 quod]
330 3621 423 3650 cum
442 3609 544 3650 A.B.
567 3608 767 3650 secundae
787 3620 943 3655 manus,
964 3607 1012 3647 C.

2014 437 2115 508 185
