2496 4108
59 420 71 437 ι
137 403 293 437 cana.
740 385 1313 436 TRJALOGUS.

136 532 324 581 sponso
346 519 582 568 ecclesiae
606 521 914 582 copulatum3
959 529 1007 568 et
1030 521 1136 568 talis
1167 530 1239 568 est
1264 521 1436 584 triplex
1469 521 1685 579 ecclesia,
1711 520 1894 569 scilicet

40 618 51 635 τ
91 640 94 644 .
135 599 360 658 militans,
400 600 648 649 dormiens
682 610 731 649 et
772 602 1088 664 triumphans.
1161 602 1389 650 M'lz'tans
1429 611 1504 650 est
1539 617 1718 664 corpus
1755 617 1894 665 prae-

134 679 502 739 destinatorum,
540 682 657 730 dum
693 682 771 730 hic
807 683 901 730 viat
937 683 999 730 ad
1034 683 1265 744 patriam;
1320 683 1525 730 ecclesia
1559 683 1785 730 dormiens
1821 690 1894 730 est

133 760 479 823 praedestinati
501 762 554 809 in
579 764 860 826 purgatorio
885 764 1148 826 patientes;
1197 771 1245 811 et
1277 763 1478 811 ecclesia
1501 763 1797 824 triumphans
1821 772 1893 811 est

132 841 262 890 beati
284 842 339 889 in·
358 842 514 905 patria
547 843 866 905 quiescentes.
938 843 1052 891 Una
1085 853 1247 892 autem
1282 859 1463 906 magna
1494 845 1698 892 ecclesia
1722 845 1805 892 fiet
1830 845 1890 892 de

130 923 360 972 omnibus
395 923 484 972 illis
508 924 559 971 in
596 924 673 972 die
704 925 887 987 judicii.
959 924 1066 973 Nec
1101 934 1174 973 est
1208 926 1556 973 inconveniens
1591 925 1678 972 sed
1714 941 1891 973 conso—

130 1019 266 1062 num,
302 1005 438 1068 quod
471 1005 600 1053 beati
638 1006 798 1068 angeli
841 1007 936 1054 sint
973 1021 1084 1068 pars
1123 1007 1368 1054 ecclesiae.
1439 1007 1516 1054 Ex
1555 1007 1656 1054 istis
1693 1007 1890 1065 videtur,

129 1084 266 1155 quod
305 1101 408 1136 non
453 1086 612 1135 solum
652 1088 971 1150 quantitatem
1008 1088 1239 1136 ecclesiae
1287 1088 1374 1136 sed
1414 1089 1518 1150 ejus
1566 1087 1886 1150 quidditatem

126 1166 454 1222 communiter
487 1169 770 1231 ignoramus
785 1186 797 1227 ;
846 1178 893 1217 et
917 1169 1012 1239 hoc
1047 1170 1247 1232 prodest
1283 1171 1440 1227 nobis,
1466 1186 1528 1217 ne
1563 1169 1639 1217 hic
1666 1169 1803 1217 stulte
1829 1169 1889 1216 de

128 1249 356 1312 qualitate
391 1265 713 1313 personarum
748 1251 1002 1300 nobiscum
1039 1251 1344 1299 militantium
1380 1259 1561 1298 temere
1599 1251 1885 1313 judicemus.

129 1329 265 1380 Sicut
306 1346 425 1394 ergo
461 1347 610 1381 nemo
646 1341 868 1380 nostrum
894 1334 981 1381 scit
1005 1333 1171 1391 modo,
1191 1341 1351 1380 utrum
1387 1333 1505 1380 alius
1531 1333 1589 1379 sit
1624 1331 1888 1393 praedesti-

128 1420 272 1460 natus
320 1413 447 1461 filius
489 1415 722 1462 ecclesiae
770 1414 845 1461 vel
892 1415 1170 1476 praescitus,
1215 1415 1284 1462 sic
1331 1403 1448 1461 nonx
1483 1414 1627 1460 debet
1672 1412 1887 1475 judicare

97 1515 100 1518 >
127 1485 364 1558 aliquem¹
393 1511 502 1544 esse
535 1498 812 1543 membrum
845 1497 1091 1550 ecclesiae,
1116 1496 1190 1544 vel
1222 1497 1384 1558 ipsum
1417 1495 1648 1543 damnare
1685 1509 1885 1542 excom-

70 1590 73 1594 *
127 1575 393 1635 municare,
420 1579 702 1626 canonisare
726 1578 801 1626 vel
835 1578 971 1626 aliter
1003 1577 1316 1635 declamare2,
1342 1577 1435 1625 nisi
1467 1577 1589 1624 forte
1625 1576 1720 1624 hoc
1745 1576 1886 1623 fuerit

125 1657 218 1706 sibi
252 1659 526 1707 revelatum.
601 1659 845 1722 Reputare
886 1667 1052 1707 tamen
1088 1660 1322 1707 debemus
1358 1667 1486 1706 recte
1523 1659 1780 1706 nobiscum
1817 1658 1884 1703 vi-

125 1747 293 1788 ventes
327 1756 435 1789 esse
459 1741 583 1789 filios
607 1749 803 1789 sanctae
839 1741 1004 1789 matris
1040 1741 1287 1799 ecclesiae,
1313 1749 1360 1788 et
1398 1740 1634 1788 contrarie
1670 1740 1885 1787 viventes

118 1837 234 1892 ¹esse
269 1821 394 1870 filios
431 1837 712 1886 synagogae
749 1823 996 1871 Satanaess.
1067 1823 1130 1870 Et
1167 1838 1279 1870 cum
1314 1837 1461 1869 nemo
1497 1821 1675 1869 faceret
1711 1828 1882 1868 contra

125 1905 504 1952 conscientiam*
556 1905 705 1952 filios⁵
752 1905 930 1952 diaboli
986 1905 1258 1962 nutriendO,
1307 1904 1492 1951 videtur
1546 1902 1681 1964 quod
1735 1917 1883 1949 nemo

78 2026 85 2029 .
123 1986 351 2034 tribueret
390 1987 675 2050 temporalia
714 1987 938 2050 praelatis
985 1987 1059 2034 vel
1102 1987 1204 2034 aliis
1246 1985 1644 2034 conversantibus
1691 1984 1884 2031 malitiis

123 2067 451 2121 criminalibus
475 2070 662 2116 notorie
687 2069 914 2116 irretitisss.
985 2068 1048 2115 Et
1072 2068 1192 2117 haec
1217 2068 1384 2129 regula
1417 2067 1720 2128 extingueret
1745 2081 1884 2127 prae-

122 2148 300 2208 latias⁷,
326 2151 408 2198 sic.
429 2151 565 2215 quod
600 2151 877 2198 sacerdotes
913 2150 1190 2213 simpliciter
1224 2148 1446 2198 studeant
1481 2147 1734 2211 quomodo
1769 2162 1882 2209 pro-

123 2231 319 2280 dessent
342 2240 538 2280 sanctae
563 2233 703 2280 matri
727 2232 972 2290 ecclesiae,
1000 2232 1123 2279 sicut
1147 2231 1363 2279 fecerunt
1397 2230 1603 2292 apostoli
1637 2228 1882 2291 tempore⁸

123 2314 357 2362 ecclesiae
379 2310 646 2377 primitivae
665 2330 677 2373 ;
716 2314 933 2362 secundo
954 2322 1197 2360 excuteret
1216 2313 1349 2374 leges
1367 2312 1637 2368 hominum,
1659 2319 1706 2358 et
1727 2311 1882 2373 speci-

122 2395 259 2444 aliter
301 2411 528 2444 censuras
564 2393 857 2444 Caesareas⁹
895 2396 998 2457 jam
1039 2382 1311 2456 regnantes.
1390 2386 1521 2440 Nam
1562 2401 1614 2440 ut
1648 2400 1780 2454 patet
1821 2407 1881 2439 ex

124 2479 265 2527 dictis
308 2478 370 2526 de
419 2477 685 2540 quidditate
732 2477 980 2535 ecclesiae,
1020 2477 1208 2539 judices
1255 2483 1414 2522 errant
1461 2473 1785 2522 communiter
1830 2473 1881 2519 in

67 2547 70 2549 ’
127 2557 265 2605 factis
289 2557 406 2613 istis,
432 2571 489 2603 ac
515 2556 553 2604 si
578 2555 638 2603 de
664 2555 1031 2618 praedestinatis
1065 2569 1122 2602 ac
1149 2553 1352 2602 diabolis
1385 2552 1681 2615 judicarent;
1731 2559 1779 2598 et
1812 2551 1880 2597 sic

117 2636 260 2687 tertio
286 2645 432 2686 staret
465 2638 543 2684 lex
578 2637 839 2699 scripturae
865 2651 952 2698 per
985 2651 1035 2684 se
1069 2635 1310 2683 sufficiens
1336 2643 1384 2682 et
1407 2633 1531 2680 foret
1556 2633 1713 2679 debite
1738 2631 1880 2678 ador-

123 2719 297 2778 nata¹⁰‚
323 2727 370 2766 et
394 2719 529 2781 leges
554 2717 788 2781 profanae
814 2725 1085 2774 extraneae,
1110 2731 1233 2779 quae
1260 2723 1369 2763 sunt
1393 2715 1456 2762 ad
1474 2729 1599 2761 onus
1624 2722 1670 2760 et
1695 2721 1878 2775 pertur-

121 2802 372 2850 bationem
413 2800 661 2858 ecclesiae,
704 2799 860 2847 forent
906 2800 1098 2861 penitus
1139 2798 1414 2859 extirpatae.
1493 2794 1539 2843 O
1584 2794 1666 2841 sill
1708 2794 1759 2840 in
1802 2794 1878 2840 via
1931 2858 1937 2863 κ

121 2883 391 2932 videbimus
426 2882 559 2929 illum
596 2881 803 2939 finem¹²‚
829 2881 942 2943 quia
979 2888 1136 2928 certus
1172 2895 1294 2936 sum,
1330 2877 1463 2940 quod
1498 2877 1547 2923 in
1583 2876 1676 2923 alio
1713 2875 1876 2923 seculo

13 3018 27 3030 .
112 2965 257 3015 'illum
303 2965 487 3012 exitum
537 2977 909 3026 cognoscemus.
998 2961 1368 3009 Matrimonium
1414 2966 1576 3005 autem
1622 2957 1875 3004 hominum

7 3035 28 3047 '⁶
123 3049 304 3102 scimus
329 3062 358 3095 a
380 3045 693 3094 matrimonio
720 3043 898 3092 Christi
921 3052 968 3092 et
992 3044 1226 3092 ecclesiae
1251 3038 1684 3103 exemplandumm.

175 3156 190 3180 ¹
218 3153 417 3208 aliquem]
438 3153 618 3206 aliquod,
639 3153 702 3193 ed.
723 3166 784 3205 pr.
923 3151 938 3174 ²
966 3150 1215 3203 declamare]
1237 3150 1454 3195 declarare,
1477 3149 1520 3187 B.
1541 3147 1697 3199 primae
1716 3159 1874 3186 manus,

121 3210 186 3252 ed.
205 3223 268 3263 pr.
452 3207 468 3230 ³
496 3220 732 3259 synagogae
750 3206 945 3259 Satanae]
967 3206 1017 3246 cf.
1040 3205 1215 3258 Apocal.
1236 3205 1276 3244 ii.
1298 3218 1336 3257 9.
1517 3201 1531 3223 ⁴
1560 3200 1871 3252 conscientiam]

120 3262 414 3306 conscientiam
434 3274 563 3307 suam,
585 3261 684 3301 B.C.
706 3261 769 3301 ed.
789 3274 851 3313 pr.
1017 3261 1032 3283 ⁶
1061 3259 1187 3311 filios]
1209 3258 1313 3311 plus,
1334 3257 1397 3298 ed.
1418 3270 1478 3308 pr.
1669 3254 1685 3292 θ
1712 3255 1872 3294 notorie

118 3317 304 3370 irretitis]
326 3317 391 3357 vel
411 3315 590 3369 peccatis
610 3315 888 3367 spiritualibus
915 3315 1076 3354 notorie
1102 3314 1279 3358 irretitis,
1299 3313 1362 3352 ed.
1383 3324 1467 3363 pr.;
1507 3308 1656 3362 partim
1677 3309 1729 3348 ad
1748 3309 1871 3348 verba

118 3371 271 3415 codicis
291 3371 340 3411 C.
361 3375 556 3411 correcta.
665 3368 680 3391 ⁷
708 3369 944 3421 praelatias]
965 3368 1184 3421 praelatias
1199 3368 1432 3410 Caesareas,
1455 3365 1509 3404 D.
1622 3364 1636 3385 ⁸
1665 3362 1868 3415 tempore]

120 3425 330 3468 om.-A.B.
590 3422 606 3446 ⁹
635 3422 875 3474 Caesareas]
896 3422 1202 3466 ecclesiasticas,
1222 3421 1285 3460 ed.
1334 3434 1364 3459 r.
1592 3418 1621 3441 ¹⁰
1650 3417 1868 3469 adornata]

118 3481 304 3533 adorata,
326 3479 381 3519 D.
565 3476 593 3501 ²¹
624 3477 663 3516 O
685 3477 734 3516 sil
754 3477 799 3521 si,
821 3476 976 3516 A.B.C.
1151 3476 1180 3499 ¹²
1208 3433 1436 3525 εἰ-ίξηεηι]
1457 3486 1538 3513 om.
1561 3471 1621 3519 Β.,
1643 3472 1694 3511 A.
1715 3471 1870 3524 primae

119 3547 278 3576 manus.
443 3533 470 3556 ¹¹¹
501 3523 834 3584 exemplandum]
857 3529 1162 3575 extrahendum,
1184 3530 1285 3569 Α.Β.

2034 394 2142 452 325
