2462 4114
0 418 17 441 ⁶³
61 427 215 464 canan.
661 413 1230 465 TRIALOGUS.
1950 426 2056 486 353

0 430 26 511 ἓ

61 546 199 597 multi
237 548 371 596 enim
411 548 544 611 plus¹
587 549 790 598 credunt
830 550 931 599 istis
976 549 1155 598 frivolis
1202 550 1402 598 fratrum
1449 547 1619 599 literis²
1666 566 1814 614 quam

0 620 17 648 ι’
59 627 264 677 credunt
301 629 448 678 istum
490 630 742 678 articulum
782 630 894 679 fidei
942 631 1002 679 de
1051 633 1399 680 communione
1446 640 1726 681 sanctorum
1767 640 1815 680 et

60 709 215 759 salute
244 710 412 774 populi
445 727 533 774 per
555 711 826 761 Dominum
857 712 1028 775 Jesum
1063 712 1322 761 Christum.
1393 712 1665 772 Quomodo
1697 728 1815 776 ergo

61 804 166 842 non
205 790 289 840 dat
327 791 473 840 haec³
514 792 727 842 haeresis
767 794 1006 841 viantibus
1054 794 1364 841 occasionem
1406 791 1624 857 publice*
1664 794 1814 843 delin-

3 876 7 922 f
57 871 275 935 quendi?
321 871 473 931 ‘Quis
510 874 643 922 enim
683 874 898 922 timeret⁶
945 889 1095 936 opera
1141 875 1429 936 voluptuosa
1470 875 1543 922 vel
1588 875 1816 924 lucrativa

5 939 12 977 ’ί
58 951 258 1012 facere⁶‚
283 954 323 1002 si
346 954 666 1017 postmodum
701 954 917 1003 crederet
950 955 1028 1002 se⁷
1052 963 1250 1018 propter
1282 957 1529 1004 modicam
1554 958 1813 1019 pecuniam

56 1033 248 1083 datam⁸
282 1034 505 1085 fratribus
539 1036 723 1085 absolvi
758 1036 1035 1098 simpliciter
1070 1051 1099 1084 a
1135 1044 1238 1084 toto
1275 1038 1474 1085 crimine
1510 1039 1646 1101 quod
1680 1053 1815 1087 com-

58 1115 220 1165 misit?
295 1115 438 1166 Haec
478 1118 621 1182 igitur
661 1117 872 1166 haeresis
919 1117 1118 1165 fratrum
1167 1119 1453 1180 supponitur
1500 1134 1607 1167 esse
1655 1135 1814 1178 causa,

0 1258 5 1262 ,
54 1210 208 1263 quare
232 1197 352 1248 fides
377 1199 502 1248 inter
525 1199 676 1252 laicos
701 1199 770 1248 sic
794 1199 994 1252 vacillat.

755 1469 912 1518 CAP
950 1469 1138 1517 XXXI

296 1591 610 1655 Prosequitur
634 1593 843 1650 ulterzus,
867 1609 1069 1640 errorem
1095 1594 1145 1639 de
1168 1594 1343 1639 merztzs
1347 1591 1577 1653 fratrum

572 1675 959 1722 communicandis
983 1675 1304 1736 zmpugnando.

123 1798 326 1849 Alz'thia.
398 1797 526 1846 Cum
562 1797 657 1845 sint
695 1796 832 1844 multi
872 1795 1128 1844 Maeandri
1166 1795 1366 1844 fratrum
1402 1796 1452 1843 in
1488 1795 1566 1844 illa
1601 1797 1815 1853 materia,

52 1895 179 1945 rogo
218 1888 272 1933 ut
311 1878 525 1929 radicem
566 1892 737 1927 eorum
779 1878 1012 1936 destruas,
1053 1886 1106 1926 ut
1152 1878 1247 1926 hoc
1291 1878 1475 1926 crimen
1516 1879 1708 1940 penitus
1750 1879 1813 1925 ab

51 1961 258 2029 ecclesia
292 1960 353 2011 sit
387 1958 762 2024 evulsum‚'quia
797 1961 911 2008 satis
943 1960 1085 2008 video
1122 1959 1258 2022 quod
1293 1958 1461 2007 fratres
1499 1958 1811 2021 promittunt⁹

55 2043 295 2109 superflue
318 2057 380 2091 ex
403 2042 494 2091 ista
519 2042 962 2090 communicatione
971 2041 1007 2068 ¹⁰
1027 2043 1100 2090 sui
1123 2042 1278 2089 meriti
1297 2042 1420 2089 ultra
1443 2056 1592 2103 quam
1611 2049 1815 2103 possunt

54 2125 326 2185 concedere
349 2123 426 2172 vel
458 2123 607 2172 etiam
643 2124 734 2172 sibi
767 2125 885 2186 ipsis
921 2124 1154 2186 accipere,
1181 2131 1228 2171 et
1264 2123 1533 2186 specialiter
1559 2123 1618 2171 de
1656 2122 1816 2170 fucata

56 2206 377 2264 conce-sione
412 2217 442 2253 a
478 2205 631 2268 signis
659 2204 856 2252 fratrum
880 2205 953 2252 vel
986 2206 1132 2253 literis
1168 2203 1489 2253 indistincta¹1
1514 2205 1709 2252 veritate
1733 2214 1814 2252 aut

55 2286 348 2346 ninssezatess
380 2287 624 2335 infinitum
659 2287 768 2350 plus
803 2286 960 2334 valida
997 2302 1146 2349 quam
1180 2286 1272 2334 hae
1309 2286 1471 2334 literae
1508 2287 1581 2333 vel
1617 2286 1812 2348 aliquod

54 2366 151 2422 tole
173 2369 383 2438 ignum.
457 2367 632 2416 Nullus
656 2369 787 2415 enim
810 2367 953 2416 frater
976 2368 1137 2430 prae¹⁸
1159 2368 1451 2416 verecundia
1474 2368 1814 2424 mentiretur¹⁴,

55 2449 192 2516 qnod
223 2450 451 2499 concedit
487 2449 675 2497 homini
709 2449 855 2500 talem
890 2450 1075 2498 literam
1110 2464 1212 2496 non
1238 2450 1492 2511 signatam,
1518 2456 1571 2497 et
1600 2449 1681 2497 illo
1719 2451 1814 2513 sig-

9 2548 18 2551 *
54 2530 217 2584 namu
239 2539 410 2580 notato
433 2529 691 2579 manifeste
715 2530 943 2596 pateret¹⁶
967 2530 1102 2593 quod
1127 2529 1294 2578 fratres
1327 2530 1532 2583 innuunt
1557 2546 1608 2578 se
1638 2546 1813 2579 conce-

58 2614 175 2666 dere
199 2613 334 2677 quod
357 2628 460 2662 non
484 2620 702 2675 possunt.

124 2695 397 2747 Phroneszlr.
468 2693 635 2742 Placet
671 2692 788 2740 mihi
830 2693 965 2755 quod
999 2701 1187 2741 tantum
1225 2693 1442 2755 concipis
1479 2692 1539 2741 de
1575 2694 1814 2742 erroribus
1871 2710 2030 2772 Asgmzae,
2044 2712 2108 2772 ‘¹¹1⁶‘

58 2776 465 2847 pseudofratrum,
491 2783 538 2824 et
571 2775 730 2823 adhuc
755 2774 938 2823 videbis
971 2773 1175 2837 amplius
1210 2774 1261 2821 in
1295 2774 1391 2822 suis
1422 2774 1814 2823 excusationibus
1870 2745 2123 2840 ffiffilgffiffisem

56 2858 276 2913 subdolis
323 2867 371 2907 et
416 2856 817 2920 responsionibus
863 2855 1166 2904 fraudulosis.
1259 2855 1441 2904 Dicunt
1488 2857 1619 2903 enim
1659 2857 1814 2918 primo
1870 2846 2111 2941 Ξῖἷὲᾒὲἶῖᾚ

56 2939 318 2999 verbumst,
344 2939 432 2988 sed
466 2938 601 2997 false,
626 2938 762 3000 quod
797 2952 899 2985 non
934 2946 1138 3000 possunt
1174 2936 1437 3000 quidquam
1473 2938 1639 2985 talium
1674 2938 1814 2987 alicui
1868 2922 1939 2975 εἷπε
1953 2951 2047 2981 atque

111 3076 127 3102 ¹
155 3075 266 3117 enim
284 3075 398 3129 plus]
427 3075 537 3116 enim
557 3074 727 3116 credunt
745 3072 963 3126 simplices,
984 3073 1047 3112 ed.
1067 3086 1129 3126 pr.
1262 3073 1278 3097 ²
1305 3073 1475 3113 fratrum
1496 3074 1641 3126 literis]
1664 3074 1814 3116 talibus

56 3129 201 3178 literis,
226 3130 291 3171 ed.
319 3143 384 3207 pr.
614 3128 630 3152 ³
655 3127 776 3180 haee]
807 3141 890 3168 om.
919 3128 972 3166 A.
976 3127 1010 3166 B
1027 3128 1100 3174 C.;
1144 3128 1245 3171 haec
1274 3128 1451 3168 haeresis
1478 3141 1562 3169 non
1590 3129 1815 3180 praeberet,

58 3184 123 3225 ed.
141 3195 207 3237 pr.
368 3182 603 3276 4Ῑ)ιιὶ)1ὶ(;(τ1ἰ]
623 3182 845 3235 publicam,
866 3181 912 3220 B.
929 3182 1085 3234 primae
1097 3195 1255 3229 manus,
1276 3182 1354 3222 ed.
1359 3195 1420 3235 pr.
1590 3183 1606 3206 ⁶
1633 3183 1811 3235 timeret]

58 3237 191 3299 timet,
209 3237 274 3279 ed.
289 3251 351 3291 pr.
596 3235 731 3288 acere]
751 3236 889 3282 fratre,
910 3236 957 3275 B.
978 3236 1180 3277 secundae
1198 3249 1355 3282 manus,
1375 3236 1439 3276 ed.
1462 3249 1523 3288 pr.
1705 3236 1721 3260 ⁷
1749 3237 1812 3289 se]

59 3305 144 3333 om.
164 3291 213 3332 B.
263 3292 391 3332 rimae
411 3303 574 3337 manus,
595 3290 652 3330 D.
671 3291 735 3331 ed.
756 3303 817 3342 pr.
965 3291 981 3313 ⁸
1008 3290 1168 3342 datam]
1189 3291 1353 3337 dictam,
1369 3291 1431 3330 ed.
1451 3303 1514 3343 pr.
1677 3291 1815 3344 ⁹pro·

57 3345 228 3387 mittunt
268 3346 526 3399 permittunt,
549 3345 612 3385 ed.
632 3357 695 3397 pr.
878 3343 910 3367 ¹⁰
937 3344 1327 3397 communicatione]
1348 3345 1647 3389 communione.
1668 3346 1731 3385 ed.
1753 3359 1813 3398 pr.

58 3399 89 3426 ¹¹
116 3399 373 3452 indistincta]
393 3405 436 3440 et
455 3399 662 3443 distincta,
682 3397 738 3437 D.
758 3397 821 3437 ed.
842 3410 903 3450 pr.
1001 3398 1031 3421 ¹²
1058 3398 1286 3450 nimietate]
1303 3399 1570 3444 immunitate.
1591 3399 1638 3438 B.
1658 3400 1815 3451 primae

60 3466 220 3501 manus,
237 3454 293 3494 D.
312 3455 376 3494 ed.
395 3466 458 3507 pr.
627 3452 656 3476 ¹³
683 3451 801 3504 prae]
823 3464 913 3514 pro,
934 3451 1028 3491 B.C.
1032 3452 1088 3492 D.
1254 3452 1283 3477 ¹⁴
1310 3452 1568 3505 mentiretur]
1585 3454 1813 3499 mentietur,

62 3508 111 3548 B.
115 3508 166 3549 C.
176 3508 250 3549 -.ed
270 3521 332 3561 pr.
553 3507 582 3533 ¹⁵
609 3505 792 3559 signato]
814 3504 974 3558 signa'to
995 3506 1213 3557 signanter,
1232 3506 1295 3546 ed.
1316 3519 1377 3559 pr.
1584 3506 1613 3530 ¹⁶
1642 3508 1815 3561 pateret]

62 3567 190 3616 patet,
210 3563 263 3602 A.
282 3562 346 3603 ed.
366 3575 428 3615 pr.
596 3561 624 3588 ¹⁷
652 3558 842 3611 verbum]
863 3572 1015 3605 verum,
1035 3560 1097 3600 ed.
1119 3572 1179 3611 pr
1647 3564 1650 3566 ’

134 3645 434 3681 TRIALooUs.
902 3642 936 3679 A
961 3645 989 3680 a
