2436 4094
140 460 294 492 canto.
750 440 1317 491 TRIALOGUS.

139 574 341 640 quidam
373 583 547 640 quarto
581 585 921 640 comparantes
954 591 1006 625 se
1031 575 1133 624 aliis
1157 575 1276 624 false
1308 582 1480 638 putant
1514 589 1565 623 se
1599 574 1731 638 ipsos
1754 573 1899 624 alios¹

139 657 390 708 excellere.
459 658 523 707 Et
546 667 650 708 tota
671 659 808 707 radix
833 659 1086 722 cujuslibet
1111 657 1290 721 speciei
1314 658 1568 720 superbiae
1601 665 1692 706 stat
1715 658 1766 705 in
1790 657 1898 715 isto,

141 739 279 804 quod
316 739 470 789 homo
507 748 633 789 errat
668 756 771 789 non
808 740 1054 789 credendo
1089 739 1344 797 humiliter,
1379 739 1515 803 quod
1543 739 1779 803 quidquid
1812 739 1899 788 ha-

140 822 298 872 buerit
344 830 418 872 est
464 838 495 871 a
535 822 660 871 Deo.
746 822 868 871 Ideo
911 822 1025 870 dicit
1066 821 1314 884 apostolus
1362 837 1402 869 1.
1447 821 1522 870 ad.
1556 821 1787 874 Corinth.
1828 823 1902 870 iv:

141 902 306 964 ‘Quid
350 903 502 953 habes
542 904 677 968 quod
717 919 820 952 non
862 904 1126 966 accepisti?
1197 902 1248 952 Si
1290 911 1452 951 autem
1500 904 1744 968 accepisti,
1784 905 1902 968 quid

139 985 373 1050 gloriaris,
397 986 538 1050 quasi
561 1001 665 1035 non
697 986 942 1048 acceperis
957 985 997 1034 ?’
1066 985 1131 1034 Et
1153 985 1220 1033 ita
1245 984 1460 1034 defectus
1494 985 1605 1034 fidei
1639 987 1901 1050 scripturae

136 1075 212 1118 est
235 1082 383 1117 causa
406 1069 675 1131 superbiae.
745 1065 979 1129 Superbia
1004 1075 1166 1115 autern
1190 1067 1378 1130 affectus
1403 1068 1622 1116 consistit
1646 1069 1804 1131 primo
1838 1069 1902 1118 ad

45 1151 48 1155 ’
138 1149 280 1209 intra,
311 1157 360 1198 et
393 1150 718 1199 communiter
751 1150 941 1198 mixtim
977 1149 1040 1198 ad
1075 1157 1210 1198 extra
1245 1149 1562 1212 progreditur,
1599 1158 1648 1198 et
1682 1151 1903 1199 consistit

140 1230 326 1295 primo²
347 1230 399 1279 in
421 1230 680 1295 hypocrisi,
706 1247 831 1295 quae
857 1239 930 1280 est
961 1231 1176 1294 pessima
1208 1232 1395 1294 species
1429 1233 1682 1295 superbiae
1715 1241 1764 1282 et
1795 1233 1903 1281 reli-

145 1312 317 1377 giosos
340 1319 536 1362 nostros
561 1328 708 1377 saepe
732 1314 1056 1376 consequitur,
1082 1329 1195 1362 cum
1218 1329 1321 1361 non
1352 1323 1716 1376 praesumerent
1738 1330 1905 1378 super-

143 1393 325 1444 addere
365 1394 650 1444 traditiones
692 1410 840 1458 supra
880 1395 1198 1458 evangelium,
1248 1411 1374 1459 quae
1422 1397 1746 1445 communiter
1793 1406 1905 1446 sunt

142 1476 412 1526 contrariae
436 1477 626 1535 rationi,
653 1477 745 1526 nisi
777 1477 1052 1545 laborarent
1086 1478 1343 1541 hypocrisi.
1415 1478 1537 1529 Ideo
1571 1479 1688 1527 false
1714 1479 1905 1543 fingunt

142 1558 313 1608 fratres
345 1566 394 1608 et
425 1558 517 1618 alii,
542 1558 678 1622 quod
710 1559 892 1607 habent
923 1560 1142 1623 regulam
1174 1561 1423 1623 privatam,
1448 1576 1574 1624 quae
1606 1562 1657 1609 in
1689 1562 1905 1612 bonitate

143 1640 336 1690 excedit
381 1641 599 1704 regulam
645 1640 764 1704 Jesu
810 1640 1003 1690 Christi.
1090 1642 1256 1691 Omne
1301 1643 1433 1691 enim
1478 1652 1735 1705 peccatum
1782 1647 1907 1709 sapit

143 1737 373 1782 errorem,
409 1723 495 1786 qui
530 1723 785 1786 impugnat
821 1723 1100 1785 primariam
1135 1725 1397 1772 veritatem.
1470 1723 1701 1787 Superbia
1743 1736 1906 1776 autem

145 1805 420 1854 consistens
438 1805 490 1852 in
507 1806 863 1867 concupis-centia
887 1806 1122 1852 oculorum
1138 1805 1546 1856 inordinationem
1570 1810 1910 1871 temporalium

142 1901 291 1950 saepe
314 1887 524 1950 respicit,
542 1894 596 1935 ut
618 1886 754 1935 multi
779 1887 973 1949 superbi
994 1887 1054 1935 de
1079 1887 1323 1937 affluentia
1346 1889 1687 1952 temporalium
1705 1890 1912 1941 inaniter

144 1968 424 2033 gloriantur.
491 1967 557 2016 Et
587 1968 802 2031 superbia
831 1969 961 2016 circa
994 1969 1108 2017 bona
1133 1971 1294 2017 carnis·
1324 1972 1518 2033 respicit
1551 1987 1698 2034 saepe
1730 1972 1910 2021 inordi-

146 2037 403 2101 nationem
437 2050 658 2099 volitivae
692 2051 939 2114 potentiae
976 2052 1103 2101 circa
1142 2053 1276 2100 bona
1317 2053 1536 2116 corporis
1572 2054 1823 2112 naturalia,
1859 2062 1912 2102 ut

146 2133 276 2183 circa
298 2131 568 2181 naturalem
591 2131 939 2192 fortitudinem,
966 2134 1095 2183 circa
1126 2136 1345 2198 corporis
1380 2135 1673 2198 elegantiam
1705 2144 1753 2185 et
1786 2137 1913 2186 circa

150 2214 326 2265 similia
358 2215 492 2263 bona
532 2222 732 2264 naturae
768 2230 1048 2278 corporeae.
1128 2215 1411 2279 Originatur
1449 2226 1611 2266 autem
1652 2219 1741 2267 iste
1779 2234 1913 2267 error

146 2296 417 2361 superbiae,
442 2297 565 2346 sieut
589 2304 638 2345 et
661 2297 826 2355 ceteri,
851 2312 914 2345 ex
939 2312 1100 2346 errore
1125 2298 1395 2348 intellectus
1422 2307 1469 2348 et
1494 2299 1621 2359 fidei,
1646 2315 1747 2364 quo
1780 2300 1911 2350 credi

148 2378 310 2439 debet,
334 2378 470 2443 quod
501 2379 671 2428 omnia
699 2379 791 2428 ista
822 2380 956 2427 bona
989 2388 1101 2428 sunt
1125 2395 1154 2428 a
1177 2380 1302 2439 De0‚
1327 2390 1381 2430 ut
1413 2381 1631 2430 dotatus3
1655 2383 1757 2432 istis
1781 2383 1911 2432 ordi-

147 2469 262 2511 nate
284 2461 439 2525 prosit
456 2461 702 2510 ecclesiae.
773 2461 895 2509 Ideo
916 2462 1086 2510 docet4
1104 2463 1369 2526 apostoluS‚
1390 2464 1525 2526 quod
1544 2465 1668 2514 sicut
1691 2466 1913 2513 membra

147 2542 376 2592 humani⁵
430 2542 652 2605 corporis
702 2550 906 2606 prosunt
958 2545 1047 2592 toti
1100 2545 1295 2609 corpqri
1348 2545 1411 2593 ad
1458 2545 1761 2609 implendum
1807 2548 1912 2610 ejus

149 2625 460 2690 operationes
489 2624 630 2673 utiles
658 2632 895 2688 quantum
927 2625 1183 2683 sufficiunt,
1209 2626 1279 2674 sic
1311 2626 1554 2688 quaelibet
1587 2643 1798 2689 persona
1821 2629 1913 2675 mi-

147 2707 327 2758 litantis
351 2706 582 2756 ecclesiae
606 2706 750 2755 debet
774 2707 878 2754 sine
901 2707 1297 2769 praesumptione
1321 2707 1395 2754 vel
1419 2707 1570 2756 nimia
1598 2709 1912 2771 replicatione

150 2798 290 2840 actus
307 2787 475 2838 reflexi
499 2803 645 2852 supra
669 2803 721 2837 se
745 2788 907 2851 ipsum
915 2788 947 2847 ⁶,
966 2796 1204 2851 quantum
1223 2787 1394 2836 sufficit
1411 2788 1486 2836 vel
1511 2788 1659 2837 habet
1682 2805 1744 2838 ex
1769 2790 1936 2839 donisx

152 2871 264 2932 Dei,
299 2870 535 2935 prodesse
573 2870 806 2919 ecclesiae
820 2885 834 2930 ;
888 2878 1006 2918 tunc
1052 2870 1183 2918 enim
1230 2868 1389 2918 debite
1432 2871 1574 2919 servit
1608 2870 1720 2919 Deo
1760 2878 1809 2920 et
1849 2887 1910 2920 ex

152 2953 383 3004 omuibus
406 2953 587 3002 viribus
611 2960 743 3001 amat
766 2952 941 3016 ipsum,
967 2951 1044 3000 cui
1067 2959 1305 3015 repugnat
1328 2951 1462 3014 quod
1486 2952 1641 3000 amet⁷
1664 2954 1913 3016 propriam

69 3039 75 3052 ⁴
153 3035 504 3093 excellentiam,
529 3035 623 3084 nisi
649 3034 710 3083 de
735 3041 920 3098 quanto
955 3033 1168 3082 sonuerit
1201 3034 1251 3081 in
1287 3033 1526 3082 honorem
1550 3033 1644 3082 Dei
1668 3043 1716 3083 et
1739 3035 1912 3084 utilita-

154 3124 258 3167 tem
302 3116 549 3167 ecclesiae.
641 3115 706 3166 Et
751 3124 885 3179 patet
930 3114 1182 3179 quomodo
1231 3115 1456 3178 superbia
1501 3117 1738 3179 extinguit
1782 3118 1915 3166 bona

154 3199 352 3264 gratiae,
375 3199 525 3248 inficit
559 3199 693 3248 bona
728 3207 927 3248 naturae
963 3199 1014 3246 in
1051 3198 1226 3256 anima,
1252 3205 1298 3245 et
1323 3198 1527 3245 omnino
1563 3198 1766 3260 impedit
1800 3214 1914 3262 pro-

153 3280 337 3332 fectum
377 3280 688 3345 spiritualem,
730 3281 781 3329 in
822 3295 922 3344 quo
964 3280 1117 3329 viator
1163 3278 1439 3338 cresceret⁸,
1481 3294 1598 3327 nam
1639 3287 1740 3328 tam
1782 3281 1915 3330 bona

211 3438 227 3463 ¹
254 3450 300 3479 se
317 3437 431 3491 ipsos
448 3437 574 3490 alios]
595 3450 639 3478 se
659 3436 785 3490 ipsos,
806 3435 860 3476 A.
863 3435 936 3483 B.;
966 3435 1084 3482 alios,
1106 3435 1168 3476 ed.
1189 3449 1250 3489 pr.
1374 3435 1471 3476 ²ad
1491 3436 1573 3476 intr
1598 3450 1730 3491 —pro
1728 3437 1914 3515 greditur

155 3497 198 3534 et
216 3492 405 3534 consistit
424 3491 579 3546 primo]
601 3505 683 3532 om.
704 3491 767 3532 ed.
788 3505 849 3544 pr.
960 3491 976 3513 ⁸
1003 3490 1188 3542 dotatus]
1203 3491 1256 3531 de
1274 3490 1392 3537 datis,
1407 3491 1461 3531 D.
1482 3492 1543 3531 ed.
1557 3504 1619 3544 p.r
1770 3492 1914 3545 docet]

157 3547 272 3594 dicit,
290 3547 356 3588 ed.
375 3559 437 3600 pr.
628 3547 644 3570 ⁵
672 3545 860 3598 humani]
881 3545 1072 3590 humana,
1094 3545 1156 3584 ed.
1178 3558 1239 3597 pr.
1450 3546 1466 3568 ⁶
1494 3558 1538 3586 se
1556 3546 1710 3598 ipsum]
1733 3559 1788 3592 se,
1809 3547 1862 3587 A.
1866 3546 1912 3586 B.

158 3601 360 3642 secundae
378 3614 536 3649 manus,
558 3602 606 3642 C.
719 3601 734 3624 ⁷
762 3599 892 3652 amet]
914 3606 1039 3646 amat,
1060 3599 1123 3639 ed.
1146 3612 1206 3651 pr.
1317 3600 1331 3623 ⁸
1360 3600 1576 3653 cresceret]
1598 3601 1754 3641 crescit.
1777 3601 1830 3641 D.

993 3684 1082 3717 M2

2041 437 2141 507 163
