2496 4108
9 392 61 438 ss'
111 441 210 471 ω».
224 442 268 470 12.
696 426 810 474 TR
828 427 921 475 [Α
947 428 994 475 L
1022 429 1064 477 ο
1089 428 1137 478 G
1162 427 1282 477 US.

10 563 41 599 π’
103 553 194 604 fuit
238 557 309 605 eis
351 558 652 620 gratissimus
698 559 894 608 indubie
941 570 1141 623 propter
1187 561 1428 609 servitium
1474 563 1855 624 rependendum.

101 895 295 945 cunque
309 883 524 941 voluerit,
541 884 686 947 elegit
703 886 838 933 nasci
857 885 1055 948 quando
1074 887 1231 948 magis
1250 886 1410 934 floruit
1429 888 1700 935 dominium
1720 903 1858 935 secu-

99 962 212 1020 lare,
237 971 291 1011 ut
313 964 472 1027 patet²
494 965 659 1013 Lucae
685 967 728 1013 ii.
750 981 761 1014 :
799 971 810 991 ‘
827 968 941 1014 exiit
965 968 1178 1015 edictum
1202 984 1231 1016 a
1257 967 1466 1016 Caesare
1491 969 1746 1030 Augusto,'
1767 977 1858 1017 ete.

101 1041 306 1092 Secundo
345 1046 460 1108 quia
502 1045 721 1095 Christus
767 1048 1005 1110 potuisset
1047 1049 1300 1107 dominari,
1345 1050 1384 1097 si
1426 1050 1668 1107 voluisset,
1712 1065 1858 1114 supra

0 1113 29 1188 ζ
99 1125 268 1173 omnia
312 1141 465 1190 regna
511 1128 694 1187 mundi,
737 1129 891 1176 noluit
931 1131 983 1176 in
1024 1129 1228 1177 minimo
1272 1129 1540 1178 diminuere
1588 1131 1860 1178 dominium

0 1189 64 1270 Q
100 1206 330 1265 secmare,
356 1223 470 1256 cum
495 1208 668 1258 Matth.
695 1211 787 1257 viii.
823 1212 1071 1259 scribitur:
1123 1211 1298 1258 ‘Filius
1334 1212 1546 1260 hominis
1578 1227 1681 1260 non
1713 1212 1862 1260 habet

3 1280 30 1345 ἐξ
95 1288 181 1336 ubi
222 1297 369 1351 caput
409 1305 552 1339 suum
592 1291 819 1340 reclinet!
909 1290 1076 1351 Tertio,
1119 1293 1233 1355 quia
1275 1291 1508 1351 Christus,
1545 1302 1597 1341 ut
1645 1294 1860 1342 seculare

98 1369 372 1419 dominium
400 1373 624 1422 redderet
657 1373 897 1436 integrum
930 1374 992 1422 ad
1018 1374 1245 1422 dominos
1274 1375 1527 1432 seculares,
1553 1375 1665 1424 fecit
1698 1390 1857 1423 sacer-

0 1463 24 1527 ,εὴ
98 1450 240 1500 dotes
281 1453 448 1516 templi
485 1455 557 1503 sui
596 1455 656 1503 de
695 1457 794 1503 suis
830 1456 1058 1503 dominiis
1095 1456 1303 1518 spoliari,
1341 1464 1393 1503 ut
1434 1464 1567 1518 patet
1610 1471 1757 1519 supra
1798 1472 1859 1504 ex

8 1534 25 1578 ³5³
97 1531 216 1582 Luc.
253 1536 350 1583 xix.
427 1534 604 1594 Quarto
637 1538 751 1599 quia
790 1536 1010 1585 Christus
1049 1553 1139 1599 pro
1183 1553 1235 1585 se
1277 1545 1325 1585 et
1367 1553 1456 1585 suo
1496 1538 1670 1601 pusillo
1711 1554 1860 1601 grege

97 1615 239 1664 solvit
286 1617 516 1665 tributum
569 1618 781 1676 Caesari,
825 1626 880 1666 ut
919 1626 1050 1681 patet
1092 1618 1266 1666 Matth.
1310 1619 1447 1666 xvii.³
1538 1619 1706 1678 Quinto
1747 1621 1862 1682 quia

98 1695 320 1747 Christus
346 1699 478 1747 dedit
498 1700 736 1763 judicium
762 1715 951 1748 summe
984 1701 1293 1758 autenticum,
1321 1701 1455 1763 quod
1479 1702 1611 1748 bona
1637 1701 1858 1749 Caesaris

7 1772 27 1840 ’ζ
93 1775 260 1827 forent
283 1795 345 1828 ex
374 1795 567 1829 summa
601 1781 924 1830 eleemosina4
950 1783 1039 1829 sibi
1074 1781 1248 1839 danda,
1274 1790 1327 1829 ut
1358 1790 1491 1844 patet
1516 1782 1688 1831 Matth.
1714 1784 1828 1830 xxii.
1849 1799 1859 1831 :

99 1865 111 1887 ‘
125 1861 312 1910 reddite
337 1877 462 1924 quae
488 1871 599 1910 sunt
617 1861 840 1912 Caesaris
860 1861 1088 1920 Caesari,'
1109 1871 1199 1911 etc.
1259 1863 1322 1911 Et
1340 1870 1484 1921 sext0,
1506 1865 1618 1926 quia
1638 1864 1858 1912 Christus

7 1998 10 1999 ⁷
93 1950 319 1992 tenentes
354 1958 593 2006 pauperes
630 1944 941 1992 dominorum
984 1945 1271 1992 secularium
1307 1945 1451 2007 pavit,
1491 1946 1689 2003 sanavit,
1728 1953 1775 1993 et
1810 1947 1860 1992 in

95 2024 374 2073 obedientia
413 2025 637 2074 facienda
682 2024 798 2075 illis⁵
838 2027 1165 2089 multipliciter
1211 2027 1449 2084 instruxit,
1492 2035 1545 2074 ut
1592 2035 1727 2090 patet
1774 2028 1860 2074 ex⁶

78 2105 306 2165 “decursu
346 2108 590 2170 evangelii
623 2117 672 2157 et
714 2109 902 2171 scriptis
944 2108 1164 2172 apostoli,
1208 2107 1460 2171 quomodo
1510 2110 1633 2156 servi
1681 2109 1860 2156 debent

96 2187 308 2237 dominis
345 2190 441 2238 suis
476 2190 690 2250 obedire,
717 2199 764 2239 et
799 2191 935 2254 quod
970 2198 1044 2239 est
1078 2190 1321 2237 infinitum
1352 2190 1461 2252 plus
1495 2205 1643 2253 quam
1677 2191 1857 2254 aliquid

7 2316 13 2323 ,
93 2269 314 2330 istorum,
339 2272 493 2335 quae⁷
515 2273 753 2321 mundani
781 2273 1189 2336 praeponderant,
1217 2271 1438 2320 Christus
1473 2272 1702 2320 dominos
1732 2281 1856 2321 tem-

94 2353 288 2415 porales
325 2353 454 2413 fecit,
490 2343 693 2402 redemit
729 2363 776 2403 et
812 2355 1016 2402 finaliter
1051 2354 1346 2416 praemiavit.
1419 2353 1553 2412 Quid
1586 2370 1705 2417 ergo
1737 2355 1859 2404 ultra

96 2433 264 2482 debuit
286 2434 379 2483 eis³
410 2435 587 2495 facere,
613 2445 660 2484 et
693 2452 797 2484 non
835 2436 980 2484 fecit?
1040 2435 1334 2483 Recolerent
1368 2450 1487 2497 ergo
1511 2450 1603 2497 pro
1628 2437 1857 2484 omnibus

8 2579 11 2582 Α
93 2516 196 2566 istis
237 2517 373 2566 istius
407 2519 540 2566 verbi
582 2519 791 2581 apostoli
833 2519 897 2566 ad
934 2517 1123 2565 Coloss.
1163 2517 1254 2564 iii.:
1311 2518 1460 2579 ‘grati
1502 2517 1685 2566 estote.’
1759 2517 1857 2566 Sed

94 2606 246 2658 notet,
271 2613 412 2662 rogo,
436 2599 606 2658 fidelis,
632 2608 866 2662 quantam
899 2599 1293 2661 ingratitudinem
1327 2599 1604 2646 sensibilem
1637 2599 1855 2648 Domino

94 2680 438 2743 rependerunt.
529 2680 661 2728 Nam
703 2682 798 2729 cito
841 2689 954 2742 post
1001 2680 1340 2727 ascensionem
1389 2680 1507 2742 ejus,
1550 2681 1664 2742 quia
1710 2679 1856 2728 intra⁹

0 2785 7 2823 ὲ
96 2777 282 2810 annum
318 2762 865 2825 quadringentesimum,
909 2761 1012 2824 ejus
1055 2761 1413 2808 ordinationem
1455 2761 1766 2823 praecipuam
1807 2762 1857 2809 in

2 793 45 854 ’.ἑ
99 807 194 857 tus,
223 800 307 863 qui
341 809 413 850 est
436 800 681 851 Dominus
717 805 951 866 temporis
988 813 1035 852 et
1071 806 1154 867 qui
1190 806 1426 867 potuisset
1466 807 1599 854 nasci
1636 807 1859 869 quando·
1916 787 2089 849 {33⁶⁵oe

2001 442 2105 496 309

40 653 45 662 ’·
104 633 208 685 Sex
232 645 394 686 autem
409 640 730 702 gratz‘ludz'nes
762 641 1024 704 aliquando
1057 643 1230 705 collegi
1254 659 1315 690 ex
1341 643 1437 691 fide
1462 645 1710 706 evangelii,
1737 659 1858 707 quas
1917 651 2180 714 ggg‘ggffsffigoe·

11 723 41 759 ⁴⁴?
105 715 351 767 Christus¹
377 720 590 769 dominis
613 723 962 784 temporalibus
982 725 1284 772 ostendebat.
1345 724 1516 771 Primo
1541 725 1674 787 quod
1693 724 1856 772 Chris·
1917 719 2147 780 flssssssssggntieffn-

2091 791 2157 815 ntu-

1918 2373 2040 2400 Domini
2053 2381 2127 2402 vero

1915 2415 1986 2434 cum
1999 2408 2096 2435 eccle·

1915 2441 1991 2468 siam
2006 2441 2160 2473 dotarent.

1915 2483 1994 2508 quae
2008 2483 2057 2503 res
2070 2476 2143 2502 mul-

1914 2513 2015 2535 torum
2028 2510 2174 2536 malorum

1914 2550 2007 2570 causa
2019 2543 2132 2581 extitit,

1914 2576 1944 2602 in
1982 2577 2134 2603 atisslmos
2140 2583 2175 2604 se

1914 2584 2128 2638 exffibuemnt.

4 2884 11 2904 Ἆ-
96 2843 314 2893 dotando
349 2844 606 2893 ecclesiam
638 2851 949 2901 reversarunt‚
986 2850 1032 2890 et
1065 2858 1151 2906 per
1185 2856 1491 2904 consequens
1525 2842 1857 2890 antichristum
1932 2884 1938 2890 a

94 2926 147 2974 in
165 2925 555 2989 deturpationem
563 2924 600 2952 ¹⁰
621 2940 831 2988 sponsae
850 2939 965 2973 suae
984 2924 1305 2986 multipliciter
1323 2931 1648 2986 procrearunt.
1711 2923 1857 2972 Unde

0 2999 12 3069 ,³
95 3015 294 3056 narrant
335 3007 626 3066 Chronicae,
665 3007 801 3070 quod
838 3007 889 3054 in
933 3006 1179 3054 dotatione
1219 3005 1452 3052 ecclesiae
1493 3019 1589 3052 vox
1637 3006 1858 3068 angelica

7 3088 17 3125 s
98 3089 262 3139 audita
287 3097 360 3139 est
393 3091 444 3138 in
468 3095 578 3138 ae're
610 3097 727 3137 tunc
761 3086 1036 3151 temporis¹¹
1064 3088 1133 3136 sic
1159 3087 1388 3135 dicentis:
1439 3086 1611 3135 ‘hodie
1647 3087 1857 3135 effusum

153 3254 169 3279 ¹
200 3254 411 3308 Christus]
433 3254 623 3296 Christus
642 3253 738 3294 fecit
757 3267 819 3300 ac,
841 3253 997 3293 A.B.C.
1020 3252 1083 3292 ed.
1105 3265 1167 3305 pr.
1350 3251 1366 3274 ²
1393 3256 1438 3291 ut
1457 3251 1591 3304 patet]
1614 3265 1710 3292 nam
1730 3257 1856 3305 patet,

98 3308 164 3350 ed.
185 3322 248 3363 pr.
359 3309 376 3333 ³
405 3309 556 3349 Matth.
575 3308 690 3361 xvii.]
713 3307 864 3348 Matth.
887 3307 1008 3353 xviii„
1031 3307 1094 3347 ed.
1115 3320 1175 3358 pr.
1230 3306 1439 3345 Invenitur
1459 3307 1572 3346 locus
1594 3307 1744 3346 Matth.
1764 3307 1858 3346 xvii.

98 3370 154 3416 2⁴4
173 3375 234 3416 sq.
396 3362 709 3441 *neleemosina]
732 3362 977 3425 obedientia,
1000 3363 1044 3401 C.
1066 3362 1398 3437 primae⁷manus.
1586 3361 1601 3384 ⁵
1628 3361 1728 3412 illis]
1751 3361 1856 3407 illos,

99 3418 142 3496 ἐκ
145 3418 329 3524 e113s]Com
351 3471 399 3511 B.
420 3416 1073 3524 εᾶῗὶὲῐῗςωέίρᾗὲεὲνέᾇῗὲὲῗιξίὶ
1094 3470 1164 3514 eis,
1186 3469 1240 3508 D.
1274 3414 1395 3466 quae]
1418 3416 1859 3530 qgazdidnilerssdtlgila

100 3525 220 3573 infra,
243 3527 313 3572 Β.;
344 3526 411 3579 qui
431 3525 547 3571 infra,
570 3526 633 3567 ed.
654 3539 715 3579 pr.
866 3526 894 3547 ¹⁰
923 3524 964 3563 in
984 3522 1332 3575 deturpationem]
1354 3523 1578 3584 utovldetur
1597 3524 1857 3576 paratiorem,

101 3579 149 3621 Β.
171 3580 373 3622 secundae
391 3593 548 3621 manus.
714 3580 742 3604 ¹¹
774 3584 870 3620 tunc
889 3578 1105 3631 temporis]
1130 3577 1221 3617 talis
1241 3583 1447 3629 temporls,
1469 3577 1521 3616 A.

0 3206 13 3404 'Vq-nav&
0 3185 7 3193 ν
0 3158 5 3166 “
