2436 4094
252 366 275 394 Χ

51 416 53 418 ·
141 429 278 467 ω...
741 411 850 460 TR
868 411 960 459 JA
983 411 1029 458 L
1055 411 1098 458 0
1119 410 1166 459 G
1191 409 1307 460 US.

39 562 53 588 2-
140 545 343 608 peccati,
380 545 515 608 quod
550 544 687 594 Deus
722 546 859 594 vertit
901 546 951 593 in
989 547 1192 594 bonum.
1262 544 1410 593 Unde
1446 544 1667 607 quamvis
1703 543 1901 591 Petrum

139 641 346 691 peccare
376 635 424 675 et
455 635 713 689 peccatum
738 626 867 675 Petri
899 627 958 675 sit
990 626 1134 684 idem,
1161 634 1326 674 tamen
1359 633 1558 688 propter
1586 625 1901 673 variationem

139 706 504 771 significationis
543 708 815 765 conceditur,
857 708 991 769 quod
1031 715 1289 769 peccatum
1327 706 1455 754 Petri
1498 706 1656 768 placet
1691 706 1818 765 Deo,
1855 713 1902 753 et

138 794 350 852 negatur,
373 788 508 852 quod
539 789 700 852 placet
731 788 842 836 Deo
879 788 1014 850 quod
1046 788 1217 836 Petrus
1249 797 1422 851 peccet
1453 788 1528 836 vel
1559 788 1755 836 Petrum
1787 804 1902 851 pec-

139 884 265 919 care.
333 869 399 918 Et
432 870 500 917 ita
535 870 830 927 conceditur,
865 869 999 932 quod
1035 870 1157 917 sicut
1189 878 1447 932 peccatum
1481 870 1625 918 debet
1660 871 1819 933 puniri
1855 877 1904 918 et

137 950 301 1000 multis
325 950 567 1014 proficere
591 951 655 999 ad
678 952 785 1014 ejus
805 951 1191 1009 detestationem,
1213 960 1260 999 et
1285 952 1528 1000 consolari
1553 953 1750 1001 beatosl
1769 951 1904 1016 quod

137 1045 201 1080 ex
240 1030 336 1080 Dei
375 1032 529 1094 gratia
568 1048 598 1080 a
637 1032 718 1079 tali
757 1032 951 1080 miseria
992 1040 1104 1080 sunt
1146 1033 1325 1091 salvati,
1362 1034 1428 1081 ita
1465 1034 1610 1082 etiam
1647 1043 1903 1096 peccatum

138 1113 285 1163 debet
318 1128 440 1173 esse,
475 1114 590 1176 quia
624 1129 724 1176 quo
761 1114 825 1162 ad
859 1114 988 1162 istud
1015 1118 1026 1139 ‘
1043 1130 1149 1163 esse
1186 1115 1476 1163 secundum'
1514 1115 1650 1178 quod
1685 1125 1756 1164 est
1791 1131 1903 1179 pro-

139 1195 307 1256 desse3
361 1203 410 1244 et
444 1202 610 1243 tamen
644 1195 806 1257 ipsum
844 1203 1102 1258 peccatum
1142 1210 1245 1243 non
1284 1195 1430 1243 debet
1464 1195 1726 1244 informare
1762 1212 1905 1245 suum

28 1319 30 1321 .
91 1337 95 1340 ὓ
138 1277 413 1340 subJectum
445 1291 545 1340 quo
580 1276 643 1324 ad
666 1293 756 1324 esse
781 1292 922 1325 suum
938 1278 1162 1338 primum,
1188 1278 1303 1339 quia
1326 1286 1440 1325 tunc
1467 1286 1687 1326 creatura
1710 1278 1906 1326 deberet

139 1373 360 1424 peccare.
431 1359 496 1408 Et
528 1373 628 1422 quo
664 1359 729 1407 ad
760 1359 1089 1422 objectionem
1122 1374 1450 1418 communem,
1487 1361 1643 1423 captis
1679 1361 1906 1410 omnibus

139 1439 571 1491 necessitantibus²
586 1443 649 1491 ad
667 1444 879 1505 primum
897 1451 1183 1505 peccatum3
1224 1447 1235 1467 ‘
1248 1443 1285 1490 si
1301 1443 1393 1490 ista
1410 1452 1533 1502 sunt,
1555 1452 1670 1491 tunc
1690 1452 1908 1492 creatura

139 1531 325 1588 peccat,
367 1532 416 1573 et
457 1525 599 1573 istam
641 1525 1046 1586 consequentiam
1087 1524 1224 1572 Deus
1262 1525 1361 1572 vult
1403 1540 1509 1573 esse
1554 1526 1751 1584 bonam,
1794 1541 1905 1573 cum

143 1605 279 1655 aliter
313 1621 416 1654 non
451 1614 620 1669 posset
654 1621 761 1654 esse
798 1607 867 1654 sic
903 1607 1192 1664 necessaria,
1218 1615 1264 1654 et
1297 1606 1433 1654 Deus
1458 1607 1557 1654 vult
1594 1607 1904 1664 antecedens,

141 1702 256 1736 cum
279 1703 384 1736 non
409 1690 535 1751 sapit
557 1695 830 1751 peccatum,
855 1703 974 1750 ergo
999 1688 1099 1736 vult
1124 1703 1446 1749 consequenS‚
1471 1697 1519 1737 et
1544 1689 1612 1736 sic
1636 1689 1736 1736 vult
1771 1689 1907 1750 quod

140 1778 360 1819 creatura
392 1769 618 1834 peccet⁸,’
645 1770 817 1818 dicitur
850 1778 903 1818 ut
939 1771 1084 1832 prius,
1116 1769 1251 1832 quod
1274 1769 1411 1818 Deus
1445 1770 1544 1818 vult
1579 1785 1903 1833 consequens,

140 1851 278 1915 quod
301 1858 374 1900 est
395 1853 607 1915 primum
638 1859 910 1914 peccatum,
937 1852 1052 1913 quia
1074 1851 1172 1899 vult
1204 1852 1364 1914 ipsum
1389 1867 1489 1914 quo
1515 1852 1578 1901 ad
1603 1856 1614 1877 ‘
1632 1867 1739 1900 esse
1765 1867 1907 1900 suum

142 1934 470 1993 secundum⁴‚’
495 1941 544 1982 et
574 1941 740 1982 tamen
773 1948 876 1980 non
901 1933 998 1980 vult
1038 1933 1174 1996 quod
1199 1941 1417 1982 creatura
1440 1940 1628 1997 peccet,
1654 1934 1767 1997 quia
1798 1934 1909 1981 licet

140 2015 326 2079 magis⁶
347 2016 565 2065 videatur
598 2015 864 2079 probabile,
890 2015 1025 2078 quod
1061 2016 1183 2063 sicut
1207 2015 1343 2064 Deus
1380 2017 1619 2078 approbat
1654 2024 1702 2064 et
1737 2031 1907 2064 neces-

141 2098 254 2148 sitat
275 2099 340 2148 ad
362 2106 636 2162 peccatum,
662 2099 732 2147 sic
765 2097 1028 2146 necessitat
1059 2105 1331 2145 creaturam
1364 2098 1666 2160 peccabilem
1698 2098 1760 2146 ad
1792 2113 1907 2161 pec-

141 2179 368 2239 candum,
393 2195 507 2229 cum
531 2180 694 2228 omnis
718 2186 915 2228 causata
944 2178 1236 2227 necessitas⁶
1262 2179 1323 2227 sit
1347 2194 1376 2226 a
1399 2178 1527 2238 Deo,
1552 2186 1601 2227 et
1624 2178 1761 2228 Deus
1794 2179 1908 2227 facit

140 2262 516 2312 misericorditer
552 2277 666 2311 cum
703 2261 961 2319 damnatis,
987 2269 1036 2310 et
1071 2260 1252 2308 habent
1288 2261 1476 2308 bonum
1512 2277 1634 2321 esse,
1669 2261 1738 2310 sic
1774 2261 1908 2324 quod

141 2345 259 2409 ipsis
292 2345 461 2408 positis
492 2344 543 2392 in
578 2343 843 2407 adoptione
879 2357 987 2391 esse
1022 2342 1100 2390 vel
1136 2358 1240 2390 non
1276 2357 1396 2402 esse,
1431 2358 1544 2391 cum
1579 2359 1688 2392 esse
1722 2344 1817 2392 sic⁷
1850 2345 1909 2392 sit

140 2428 344 2486 bonum,
368 2434 417 2476 et
451 2426 520 2475 sic
543 2441 651 2474 esse
690 2440 833 2473 suum
857 2423 1100 2473 naturale⁸
1128 2424 1254 2472 foret
1286 2424 1355 2473 eis
1381 2425 1542 2473 utilius
1575 2433 1622 2473 et
1654 2426 1907 2488 eligibilius

60 2531 63 2534 >
143 2524 294 2573 quam
334 2523 438 2557 non
479 2523 602 2566 esse,
639 2506 776 2555 cum⁹
812 2521 916 2554 non
958 2521 1067 2554 esse
1109 2521 1211 2554 non
1252 2514 1414 2568 potest
1448 2507 1627 2556 habere
1668 2509 1907 2557 rationem

142 2589 462 2654 eligibilitatis.
530 2588 642 2651 Ego
684 2596 848 2636 autem
890 2602 992 2634 non
1034 2587 1194 2635 audeo
1237 2587 1396 2635 adhuc
1439 2591 1730 2637 sententiam
1764 2591 1907 2639 istam

143 2686 375 2729 asserere,
394 2669 469 2718 vel
493 2670 556 2718 ad
579 2668 886 2732 peccandum
910 2667 1163 2715 hominem
1187 2668 1384 2716 incitare
1408 2670 1751 2731 praedicand0‚
1772 2671 1907 2734 quod

143 2753 276 2803 erit¹⁰
298 2751 410 2801 Deo
433 2751 793 2814 beneplacitum
817 2757 866 2797 et
889 2749 1167 2797 ordinatum
1192 2750 1281 2797 sibi
1306 2765 1396 2812 pro
1421 2753 1655 2813 praemio,
1676 2753 1811 2816 quod
1836 2754 1904 2802 sic

142 2843 328 2900 peccet.

199 2943 215 2968 ¹
242 2941 409 2996 beatos]
429 2941 576 2987 bonos,
597 2938 751 2980 A.B.C.
772 2938 836 2978 ed.
857 2951 918 2991 pr.
1052 2936 1079 2960 '²
1107 2938 1467 2992 necessitantibus]
1487 2940 1811 2988 necessitatibus,
1833 2943 1906 2990 C.;

143 2998 405 3043 instantibus,
425 2996 488 3036 ed.
508 3009 570 3049 pr.
775 2993 790 3016 ⁸
818 2992 978 3046 peccet]
996 2998 1152 3044 peceat,
1174 2992 1227 3032 A.
1441 2993 1456 3016 ⁴
1485 2994 1623 3047 suurn]
1645 3008 1729 3035 om.
1750 2996 1906 3038 A.B.C.

142 3052 160 3078 ⁸
186 3051 338 3106 magis]
357 3050 533 3104 magnis,
553 3049 618 3090 ed.
639 3061 700 3102 pr.
839 3047 856 3070 ⁶
884 3053 1051 3087 causata
1071 3046 1314 3099 necessitas]
1337 3060 1460 3088 causa
1479 3049 1740 3096 necessitans‚
1761 3051 1824 3091 ed.
1875 3065 1906 3091 r.

143 3106 161 3132 '¹
186 3106 254 3149 vel
272 3118 359 3147 non
377 3117 477 3152 esse,
497 3117 591 3145 cum
610 3116 699 3145 esse
718 3101 796 3154 sic]
819 3114 900 3141 om.
922 3101 984 3142 ed.
1005 3114 1066 3154 pr.
1269 3101 1284 3124 ⁸
1313 3107 1354 3141 et
1375 3102 1434 3141 sic
1454 3115 1542 3142 esse
1562 3116 1681 3143 suum
1700 3065 1905 3159 naturafe]

147 3174 232 3203 om.
251 3161 315 3202 ed.
334 3173 398 3214 pr.
677 3157 694 3181 ⁹
720 3155 834 3209 cum]
857 3168 950 3196 cum
970 3168 1058 3196 esse
1078 3167 1197 3196 suum
1216 3156 1403 3196 naturale
1423 3157 1476 3197 sit
1495 3158 1664 3205 bonum,
1684 3164 1738 3206 et,
1759 3160 1823 3201 ed,
1844 3171 1906 3214 pr.

145 3216 178 3242 ²⁰
203 3215 286 3270 est]
306 3215 396 3262 erit,
416 3212 572 3254 A.B.C.

789 3430 1258 3487 *fist-...-

2036 424 2136 478 143
