2462 4114
254 295 864 306 *ffl-...md———ff-

359 403 464 456 344

1047 381 1470 445 JOANNIS
1539 382 1887 432 WICLIF
2194 402 2345 432 Lmrv.

602 517 719 564 tales
752 515 1085 573 eleemosinaS,
1111 523 1163 562 ut
1194 522 1326 578 patet
1350 515 1511 564 Lucae
1536 516 1671 575 xiV.¹,
1696 524 1828 579 patet
1862 516 1996 579 quod
2018 515 2173 565 valide
2206 529 2347 563 men-

601 599 781 655 dicans,
822 598 884 645 ab
925 597 1015 644 illis
1055 596 1176 645 haec
1225 598 1526 657 subtrahens,
1569 599 1816 661 injuriatur
1862 597 1978 646 illis²
2024 597 2345 661 pauperibus;

601 679 688 727 sed
723 693 847 742 quae
871 678 1041 741 rapina
1075 677 1361 727 nesandior?
1421 679 1643 728 Similiter
1677 679 1782 728 talis
1817 679 2110 728 mendicatio
2146 685 2219 727 est
2251 677 2348 740 legi

599 768 797 807 naturae
831 760 1071 808 contraria
1085 775 1097 819 3
1147 775 1271 822 quae
1306 776 1425 823 ergo
1462 761 1747 823 blasphema
1782 760 2042 809 necessitas
2077 761 2349 823 imponeret

599 841 728 888 illam
752 840 970 888 Domino
994 839 1113 904 Jesu
1137 841 1343 900 Christo,
1371 843 1639 904 specialiter
1663 857 1775 890 cum
1808 857 1900 890 nec
1923 843 2085 906 ipsum
2116 842 2185 893 sic
2209 854 2349 888 men-¹

600 922 758 970 dicare
784 922 1009 985 oportuit,
1036 937 1127 970 nec
1151 922 1228 970 lex
1254 924 1532 986 evangelica
1559 925 1612 971 in
1635 939 1732 987 qua
1754 932 1825 972 est
1858 924 2018 972 omnis
2040 924 2228 982 veritas,
2251 921 2350 970 hoc

599 1003 855 1066 exprimit?
938 1003 1052 1063 Qua
1098 1019 1217 1066 ergo
1264 1004 1421 1052 fronte
1469 1004 1637 1054 fratres
1682 1006 1734 1053 in
1781 1004 1876 1054 hoc
1923 1004 2259 1068 blasphemant
2298 1004 2350 1051 in

600 1086 870 1133 Dominum
910 1084 1079 1149 Jesum
1123 1085 1400 1135 Christum?
1466 1086 1684 1135 Christus
1725 1087 1856 1134 enim
1897 1094 1946 1135 et
1985 1086 2089 1150 ejus
2126 1084 2353 1149 discipuli

601 1166 890 1216 abstinendo
927 1182 956 1216 a
990 1167 1351 1216 mendicatione
1388 1168 1469 1216 tali
1505 1176 1753 1216 servarunt
1788 1168 2031 1216 decimum
2064 1166 2351 1216 mandatum

601 1248 834 1310 decalogi,
859 1248 1019 1311 legem
1043 1256 1241 1297 naturae
1265 1257 1314 1297 et
1337 1249 1620 1297 mandatum
1644 1250 1815 1298 veteris
1838 1249 2125 1298 testamenti.
2196 1247 2351 1298 Cum³

601 1344 718 1392 ergo
751 1329 971 1378 facillime
1006 1331 1162 1392 potuit
1196 1345 1225 1378 a
1260 1331 1666 1392 praevaricatione
1701 1330 1982 1394 hujusmodi
2017 1331 2270 1390 abstinere,
2302 1335 2353 1378 et

603 1427 715 1460 cum
742 1410 838 1460 hoc
874 1411 1044 1459 melius
1079 1411 1332 1460 instrueret
1366 1427 1481 1460 suos
1506 1411 1793 1476 discipulos*
1826 1413 2013 1472 mereri,
2043 1411 2352 1461 mandando⁶

603 1493 921 1546 eleemosinas
946 1501 993 1541 et
1026 1493 1263 1541 servando
1296 1494 1567 1542 meritorius
1599 1494 1846 1542 dationem
1870 1494 2209 1553 eleemosinae,
2233 1492 2354 1556 quid

603 1583 817 1622 moveret
852 1589 965 1621 eum
1000 1574 1063 1622 ad
1097 1575 1249 1623 taliter
1284 1575 1669 1638 expetendumss?
1727 1575 1791 1624 Et
1824 1576 1945 1625 haec
1968 1576 2090 1625 ratio
2124 1575 2355 1624 movebat

604 1658 799 1705 beatum
829 1655 1092 1704 Clementem
1116 1671 1218 1704 non
1243 1658 1399 1705 sinere
1422 1673 1661 1720 pauperes
1683 1657 1947 1721 baptisatos
1970 1657 2192 1722 publicae
2215 1670 2354 1705 men·

606 1738 810 1786 dicitati⁷
850 1738 1111 1801 subjacere,
1147 1747 1199 1786 ut
1240 1746 1372 1801 patet
1411 1740 1462 1786 in
1499 1740 1596 1787 vita
1637 1754 1735 1788 sua.
1812 1739 1955 1800 Quae
1996 1754 2115 1803 ergo
2156 1738 2358 1803 sequela.

606 1819 777 1867 devota
802 1819 852 1866 in
884 1834 1028 1881 papa,
1052 1827 1105 1867 ut
1138 1820 1321 1867 nedum
1354 1821 1477 1868 sinat
1509 1820 1596 1868 sed
1627 1821 1840 1870 instituat
1870 1822 2123 1870 mendicos
2153 1821 2353 1880 validos,

604 1909 838 1962 tanquam
869 1901 1123 1962 implerent
1146 1900 1429 1969 mandatum
1459 1901 1758 1950 Christianae
1789 1903 1997 1966 regulae,
2027 1901 2356 1951 indifferenter

607 1981 667 2029 de
708 1982 864 2043 magis
904 1983 1198 2044 pauperibus
1238 1982 1548 2031 mendicare?
1617 1983 1718 2031 Ista
1755 1999 1874 2048 ergo
1921 1998 2025 2033 non
2065 1993 2138 2034 est
2178 1983 2356 2034 Christi

606 2063 789 2125 religio,
815 2063 915 2121 sed,
940 2071 992 2111 ut
1017 2064 1235 2121 creditur,
1260 2063 1427 2126 religio
1459 2063 1733 2113 antichristi.
1805 2065 1952 2124 Quid,
1976 2080 2115 2129 rog0,
2139 2073 2358 2114 moveret

609 2144 856 2192 Christum
899 2153 1077 2193 statum
1114 2145 1425 2193 innocentiae
1467 2146 1568 2194 sine
1610 2161 1756 2196 causa
1796 2147 2072 2211 infringere,
2113 2156 2161 2197 et
2206 2147 2359 2197 devo-

609 2227 792 2274 tionem
817 2226 984 2288 populi
1009 2226 1075 2274 sic
1112 2226 1392 2285 diminuere,
1418 2242 1531 2275 cum
1563 2243 1650 2289 per
1674 2243 1726 2276 se
1758 2236 1930 2276 notum
1962 2232 2035 2288 sit,
2061 2228 2196 2292 quod
2217 2244 2360 2292 prae-

610 2308 769 2356 ferens
805 2308 1160 2366 relevationem,
1198 2315 1459 2371 antequam
1495 2296 1641 2357 miser
1675 2310 1988 2358 necessitatur
2027 2310 2093 2358 ad
2130 2309 2359 2359 vocaliter

609 2389 1001 2448 mendicandum,
1038 2404 1099 2437 ex
1141 2389 1378 2452 pronitate
1421 2398 1589 2452 parata
1622 2400 1844 2450 meretur,
1884 2399 1931 2440 et
1965 2390 2176 2441 mendici
2211 2406 2358 2442 occu·

609 2472 741 2533 patio
767 2470 841 2519 in³
866 2471 1078 2533 petendo
1103 2471 1408 2533 extinguitur.

665 2625 678 2648 ¹
699 2625 844 2674 Lucae
863 2623 961 2675 xiv.]
985 2624 1124 2663 Lucae
1141 2622 1260 2669 xxiv„
1281 2622 1328 2662 Β.
1349 2622 1412 2662 ed.
1435 2635 1497 2676 pr.
1783 2622 1800 2646 ⁹
1825 2622 1927 2677 illis]
1946 2622 2028 2665 illis
2046 2624 2188 2673 tribus,
2206 2625 2272 2667 ed.
2291 2639 2354 2679 pr.

609 2679 623 2702 ³
652 2678 765 2730 cum]
787 2691 880 2718 curn
901 2678 1101 2723 Christus,
1121 2678 1174 2717 A.
1194 2678 1237 2716 in
1255 2677 1452 2729 margine,
1474 2677 1529 2717 D.
1551 2677 1594 2717 in
1613 2682 1739 2718 textu.
2069 2678 2086 2703 ⁴
2111 2679 2357 2734 discipulos]

610 2734 882 2778 conviventes,
904 2732 959 2772 D.
979 2732 1135 2784 primae
1153 2744 1311 2777 manus,
1331 2732 1395 2771 ed.
1418 2745 1479 2784 pr.
1753 2731 1770 2756 ⁶
1796 2732 2051 2786 mandando]
2071 2734 2116 2773 in
2133 2734 2283 2782 dando,
2302 2735 2356 2776 A.

610 2787 810 2828 secundae
829 2799 986 2832 manus,
1007 2787 1056 2827 C.
1077 2787 1244 2838 primae,
1265 2786 1327 2826 ed.
1348 2799 1409 2838 pr.
1695 2786 1711 2809 ⁶
1737 2787 2028 2841 expetendum]
2048 2789 2361 2841 expectandum,

611 2843 766 2882 B.C.A.
788 2842 988 2881 secundae
1006 2853 1164 2880 manus.
1377 2839 1393 2863 ⁷
1420 2840 1693 2893 mendicitati]
1714 2841 2017 2889 mendicationi,
2036 2842 2192 2884 A.B.c.
2210 2843 2275 2883 ed.
2293 2857 2357 2896 pr.

609 2898 623 2920 ⁸
653 2896 869 2949 occupatio
889 2896 950 2948 in]
973 2895 1298 2948 occupationem,
1320 2894 1367 2935 B.
1387 2895 1542 2947 primae
1560 2908 1716 2942 manuS,
1737 2896 1800 2936 ed.
1819 2909 1905 2949 pr.;
1935 2897 2166 2951 occupatio,
2179 2897 2340 2939 A.B.C.
