2496 4108
702 447 1283 498 TRJALOGUS.

99 658 319 710 Domino
353 664 669 726 approbante,
695 663 935 712 subducto
972 680 1266 727 quocunque
1303 667 1443 728 signo
1481 668 1693 715 sensibili
1729 668 1853 717 foret

100 741 216 790 satis
230 757 244 802 ;
281 741 393 791 ideo
415 743 495 792 lex
518 745 842 794 conscientiae
868 753 915 792 et
938 760 1206 794 consensus
1231 745 1433 794 Domini
1466 747 1516 793 in
1541 748 1667 795 bene
1692 749 1852 796 viven-
1911 743 1928 760 ὃ

98 822 227 872 tibus
260 822 312 872 in
347 833 599 874 contractu
632 825 913 888 hujusmodi
947 827 1210 874 rectissime
1247 827 1532 890 regularent.
1605 829 1666 876 In
1696 831 1853 878 verbis

100 904 232 952 enim
255 905 676 970 qualitercunque²
700 908 872 969 aptatis
896 908 1193 956 extrinsecus
1224 916 1386 971 potest
1410 925 1516 957 esse
1542 910 1776 974 deceptio,
1802 920 1854 959 ut

101 984 312 1034 dicendo
347 987 408 1035 de
441 988 723 1050 praesenti³,
758 990 929 1051 ‘capio
962 997 1009 1037 te
1045 990 1096 1037 in
1129 989 1353 1038 uxorem’
1388 1000 1546 1052 potest
1580 1008 1686 1041 esse
1721 994 1855 1056 quod

100 1081 242 1116 mens
266 1067 392 1118 dicat
415 1069 697 1132 oppositum
721 1078 922 1133 propter
950 1071 1294 1133 complendam
1319 1072 1652 1134 voluptatem4.
1727 1073 1854 1122 Cum

97 1162 218 1211 ergo
262 1140 464 1198 verbum
509 1152 687 1200 mentis
734 1152 794 1200 sit
839 1153 1304 1215 praeponderantius
1351 1154 1497 1201 verbo
1545 1155 1654 1213 oris,
1698 1164 1747 1204 et
1793 1156 1855 1203 ad

100 1245 268 1280 verum
301 1232 666 1282 matrimonium
689 1235 940 1297 requiritur
976 1250 1257 1293 consensus,
1284 1235 1468 1283 videtur
1497 1237 1631 1298 quod
1667 1252 1770 1284 non
1796 1238 1855 1284 sit

6 1330 23 1353 ·.
99 1313 463 1361 matrimonium
495 1329 583 1377 per
606 1316 752 1365 verba
783 1316 1063 1379 hujusmodi
1090 1318 1150 1364 de
1182 1319 1436 1379 praesenti.
1510 1317 1707 1382 Judices
1736 1333 1854 1380 ergo

98 1394 185 1456 qui
224 1409 286 1443 ex
320 1395 464 1443 nudis
499 1396 656 1445 verbis
692 1397 911 1460 judicant
947 1413 1036 1460 pro
1072 1399 1395 1458 matrimonio,
1431 1402 1651 1464 judicant
1686 1407 1855 1448 contra

97 1475 332 1539 J'udicium
355 1476 476 1540 legis
500 1476 594 1526 Dei
609 1494 622 1538 3
666 1479 752 1527 sed
776 1479 1034 1527 maledicta
1059 1481 1119 1527 sit
1141 1481 1219 1527 lex
1257 1481 1549 1544 hujusmodi,
1576 1497 1673 1544 qua
1704 1481 1854 1544 judex

101 1559 334 1606 coartabit
362 1574 450 1621 per
473 1574 701 1608 censuras
727 1576 838 1608 suas
863 1561 998 1608 fictas
1021 1561 1194 1623 jugum
1218 1578 1551 1624 personarum,
1575 1571 1628 1610 ut
1652 1562 1854 1610 faciant⁵

99 1640 336 1689 contrarie
359 1641 455 1703 legi
479 1641 602 1689 Dei!
665 1641 890 1690 Similiter
914 1642 1098 1690 videtur
1123 1644 1257 1704 quod
1290 1645 1456 1692 omnia
1488 1645 1769 1692 talia‘verba
1793 1643 1853 1691 de

38 1727 39 1730 ’
97 1723 341 1784 praesenti
375 1723 470 1771 sint
506 1722 638 1782 falsa,
682 1732 728 1772 et
770 1724 839 1772 sic
882 1732 1157 1772 contractus
1200 1724 1347 1772 falsus
1390 1741 1537 1788 quem
1580 1725 1716 1773 Deus
1753 1740 1855 1773 non

97 1805 351 1868 approbat,
390 1805 510 1853 sicut
542 1820 634 1853 nec
666 1807 826 1853 verba.
897 1805 1094 1853 Falsum
1127 1807 1325 1868 quidem
1355 1816 1428 1854 est
1452 1808 1586 1869 quod
1618 1823 1747 1854 nunc
1781 1811 1792 1831 ‘
1809 1815 1854 1854 te

98 1886 240 1949 capio
265 1886 315 1934 in
339 1887 709 1954 uxorem,'·quia
735 1890 802 1936 sic
829 1887 987 1935 subito
1007 1888 1368 1935 matrimonium
1394 1889 1515 1937 foret
1540 1890 1853 1952 completum,

96 1974 145 2016 et
185 1982 289 2016 non
328 1967 525 2017 ulterius
566 1969 949 2031 adimplendum,
993 1970 1128 2031 quod
1175 1972 1459 2019 contradicit
1500 1971 1681 2033 legistis
1724 1971 1857 2018 istius

96 2050 361 2098 sententiae
397 2058 445 2098 et
478 2051 588 2098 usui
624 2051 874 2098 communi
909 2051 1158 2099 ecclesiae.
1231 2052 1281 2099 Si
1316 2053 1449 2100 enim
1485 2068 1572 2115 per
1596 2054 1743 2100 verba
1778 2053 1857 2100 illa

94 2130 159 2180 de
182 2131 422 2194 praesenti
446 2131 500 2180 fit
522 2132 899 2190 matrimonium,
938 2133 1003 2179 ita
1040 2132 1175 2194 quod
1210 2132 1298 2181 illis
1323 2134 1409 2180 rite
1446 2134 1781 2196 pronunciatis
1806 2133 1856 2180 fit

96 2212 255 2275 primo
290 2213 670 2272 matrimonium,
695 2221 811 2261 tunc
849 2215 1064 2276 sequitur
1100 2215 1382 2276 oppositum
1419 2216 1469 2262 in
1506 2215 1712 2277 adjecto,
1745 2216 1858 2277 quia

94 2308 209 2342 curn
242 2308 340 2342 vox
376 2293 574 2357 quando
610 2293 785 2342 desinit
821 2309 942 2352 esse,
969 2310 1072 2342 non
1097 2303 1183 2353 est,
1209 2297 1355 2344 verba
1390 2297 1480 2344 ista
1517 2297 1577 2343 de
1614 2298 1855 2358 praesenti

95 2389 200 2423 non
225 2374 406 2424 faciunt
429 2376 817 2424 matrimonium⁶
842 2391 933 2424 nec
960 2384 1069 2424 sunt
1090 2377 1179 2424 sibi
1205 2378 1581 2440 compossibilia,
1603 2378 1854 2440 quomodo

96 2471 215 2519 ergo
252 2457 617 2509 matrimonium
658 2457 710 2504 fit
752 2473 839 2520 per
877 2458 987 2505 illa?
1054 2457 1162 2506 Nec
1204 2459 1404 2506 dubium
1448 2461 1566 2521 quin
1602 2460 1680 2507 illa
1716 2460 1855 2506 verba

76 2553 395 2587 vconsensum
427 2553 529 2586 non
562 2538 760 2596 faciunt,
788 2539 875 2586 sed
908 2539 1023 2586 illud
1057 2539 1191 2601 quod
1223 2549 1387 2588 movet
1419 2542 1626 2587 animum
1652 2541 1714 2588 ad
1739 2557 1855 2588 con—

95 2635 310 2678 sensum,
348 2635 439 2668 nec
476 2619 768 2668 sufficienter
802 2628 1050 2678 testantur,
1074 2628 1128 2668 ut
1163 2636 1223 2668 ex
1260 2621 1348 2668 illis
1385 2622 1696 2669 solummodo
1729 2623 1855 2684 judi-

95 2710 244 2761 cetur,
277 2702 368 2750 nisi
392 2702 514 2750 forte
539 2703 603 2751 illi
630 2703 781 2765 judici
815 2702 1108 2759 antichristO,
1135 2703 1217 2764 qui
1248 2717 1350 2749 non
1381 2703 1516 2750 timet
1542 2703 1659 2750 false
1686 2711 1856 2750 contra

94 2783 259 2833 Deum
280 2785 497 2848 judicare
512 2801 525 2843 ;
562 2784 817 2847 quomodo
844 2799 963 2846 ergo
990 2792 1145 2831 servat
1169 2784 1275 2832 talis
1297 2783 1446 2847 judex
1472 2784 1687 2845 regulam
1714 2785 1855 2831 istam

94 2866 400 2926 catholicam,
427 2871 604 2914 ‘nemo
640 2866 784 2914 debet
809 2873 977 2913 contra
999 2865 1295 2913 voluntatem
1319 2865 1520 2914 Domini
1553 2865 1854 2928 repugnare,’

95 2949 219 2998 sicut
241 2948 294 2997 fit
316 2949 640 2997 communiter
662 2948 714 2995 in
739 2947 834 2995 hoc
859 2962 1007 2996 caeco
1029 2946 1244 3009 judicio?

101 3015 121 3037 ⁸
165 3029 389 3078 Similiter
421 3030 545 3078 haec
581 3028 951 3078 convertuntur⁷
995 3036 1046 3077 ut
1085 3028 1162 3075 hic
1201 3028 1537 3090 supponimus,
1576 3030 1649 3073 ‘te
1685 3027 1855 3088 accipio

16 3099 27 3137 J
95 3111 147 3159 in
170 3112 395 3160 uxorem’
421 3119 469 3160 et
493 3115 568 3160 ‘te
593 3111 820 3173 accipiam
847 3110 896 3157 in
923 3125 1125 3158 uxorem
1142 3109 1169 3169 ;'
1215 3125 1327 3157 cum
1352 3124 1470 3171 ergo
1498 3108 1767 3156 secundum
1795 3109 1853 3155 sit

94 3187 270 3241 certius
304 3201 352 3242 et
387 3193 550 3241 minus
586 3192 903 3254 imbrigabile,
929 3191 1115 3239 videtur
1150 3192 1286 3253 quod
1311 3192 1470 3253 ipsum
1508 3191 1566 3238 sit
1602 3189 1853 3251 eligibilius

94 3274 160 3323 ad
189 3274 417 3323 homines
450 3274 865 3322 matrimonialiter
898 3273 1243 3336 copulandum.
1317 3273 1366 3320 Si
1402 3273 1533 3319 enim
1559 3272 1773 3333 ‘accipio
1806 3279 1852 3318 te

151 3424 164 3448 ¹
195 3422 438 3476 conjugum]
461 3422 653 3474 conjugii,
674 3422 737 3462 ed.
758 3435 819 3474 pr.
996 3421 1012 3444 ²
1041 3419 1393 3473 qualitercunque]
1415 3425 1785 3471 quantumcunque,
1807 3420 1852 3459 B.

14 3499 20 3528 ς
95 3477 112 3501 ⁸
139 3478 192 3519 de
210 3477 435 3531 praesenti]
458 3490 541 3516 om.
563 3477 610 3516 B.
630 3477 788 3529 primae
807 3488 965 3521 manus,
986 3476 1050 3515 ed.
1072 3488 1133 3527 pr.
1372 3475 1384 3495 ⁴
1414 3473 1691 3526 voluptatem]
1712 3473 1855 3526 volup-

96 3536 226 3573 tatem
241 3532 458 3576 carnalem‚
474 3531 630 3571 A.B.C.
650 3531 714 3570 ed.
736 3543 796 3582 pr.
925 3530 940 3553 ⁵
968 3529 1137 3580 saciant]
1160 3528 1294 3573 faciat,
1316 3527 1370 3566 D.
1482 3527 1497 3550 ⁶
1526 3528 1852 3580 matrimonium]

97 3599 181 3626 om.
195 3586 251 3628 D.
414 3585 429 3608 ⁷
459 3585 768 3636 convertuntur]
791 3584 992 3629 disserunt,
1015 3584 1118 3624 A.C.
1140 3582 1339 3622 secundae
1358 3594 1511 3622 manus.

939 3668 1022 3701 Y2

0 563 31 669 ὲ
55 567 75 575 “
99 579 300 642 quidem
339 581 458 629 mihi
492 581 691 641 videtur,
727 581 862 644 quod
903 583 1152 631 assistente
1195 599 1437 633 consensu
1474 587 1766 649 conjugum¹
1804 596 1851 636 et
1910 607 1964 660 ger
2018 607 2037 626 ¹1
2080 608 2099 627 ¹¹

1911 675 2019 694 seusus
2031 667 2093 694 ani-
