2436 4094
141 423 274 460 cama
733 399 1302 451 TRIALOGUS.

139 536 379 601 intelligit,
404 536 474 586 sic
498 536 630 585 enirn
653 536 789 585 Deus
812 534 958 584 habet
980 535 1157 599 ydeam
1189 534 1391 599 peccati,
1417 549 1529 582 cum
1561 533 1724 597 ipsum
1755 533 1894 582 intel-

49 607 55 663 s
143 618 262 684 ligit,
283 618 468 683 judicat
490 626 540 667 et
561 619 801 669 discernit.

209 699 484 749 Phronesiv.
542 699 707 749 'Istam
731 701 941 766 logicam
959 707 1158 765 propter
1176 714 1237 748 ex
1261 714 1320 747 ea
1343 698 1597 762 sequentia
1620 697 1766 746 debet
1790 697 1895 761 qui-

142 781 259 832 libet
281 782 436 832 fidelis
460 782 721 845 despicere.
797 783 909 832 Scio
934 791 1101 832 tamen
1125 781 1261 845 quod
1282 779 1500 829 Fratres¹
1524 781 1683 843 ipsam
1706 780 1896 843 magni-

144 864 304 923 ficant,
329 863 655 914 concedentes
679 865 816 928 quod
846 865 1029 914 habent
1060 864 1275 912 infinitos
1307 863 1433 911 filios
1465 862 1707 911 naturales
1732 869 1780 911 et
1803 861 1896 910 alia

59 954 70 974 “
143 947 360 996 maxima
381 953 603 995 monstra
625 947 810 1006 mundi,
834 946 962 995 ἰιῐιο2
985 946 1226 994 infinitum
1257 945 1509 994 meliorem
1540 943 1720 1002 Deum,
1747 958 1895 1006 quam

141 1042 236 1078 nos
266 1027 519 1087 habemuS‚
543 1035 592 1076 et
624 1028 692 1076 sic
725 1027 786 1076 de
820 1029 1055 1077 similibus
1085 1027 1412 1091 blasphemiis,
1438 1026 1490 1073 in
1521 1041 1645 1089 quas
1677 1025 1897 1074 incidunt

142 1117 344 1174 propter
371 1124 586 1159 errorem
621 1110 976 1174 amplitudinis³
1006 1109 1287 1158 intellectus.
1363 1108 1428 1156 Et
1452 1109 1522 1156 sic
1551 1107 1754 1156 credunt
1777 1107 1896 1155 false

139 1191 278 1255 ipsos
322 1191 585 1254 intelligere
631 1192 874 1240 infinitum
918 1192 1172 1240 meliorem
1217 1190 1394 1248 Deum,
1443 1204 1592 1253 quam
1641 1197 1715 1238 est
1760 1188 1897 1237 Deus

45 1263 47 1266 ¹
140 1280 323 1333 noster,
347 1273 460 1323 licet
482 1272 620 1322 Deus
643 1288 747 1322 non
770 1281 935 1336 posset
959 1275 1120 1336 ipsum
1146 1287 1462 1335 cognoscere.
1532 1271 1596 1319 Et
1621 1272 1690 1319 sic
1713 1270 1899 1319 videtur

95 1372 99 1390 ³
140 1355 282 1420 quod*
299 1354 438 1404 Deus
461 1354 580 1403 nihil
609 1363 772 1418 potest
794 1355 1073 1418 intelligere,
1099 1355 1192 1404 nisi
1225 1354 1361 1417 quod
1394 1353 1454 1402 de
1487 1353 1618 1403 facto
1650 1352 1893 1415 intelligit·
1879 1386 1893 1410 ,

139 1437 255 1501 quia
289 1437 330 1486 si
363 1436 461 1485 hoc
495 1444 659 1501 potest
692 1437 970 1501 intelligere,
1007 1438 1110 1500 ipse
1148 1427 1402 1499 cognoscit
1436 1435 1572 1498 quod
1605 1434 1702 1483 hoc
1736 1442 1899 1498 potest
1953 1436 2011 1464 μ’

143 1518 429 1582 intelligere,
454 1533 568 1567 cum
591 1514 695 1566 illa4
719 1520 778 1567 sit
801 1519 1001 1579 veritas3
1040 1526 1088 1567 et
1112 1519 1210 1567 sive
1233 1517 1372 1565 Deus
1397 1518 1496 1565 sive
1528 1516 1681 1564 homo
1708 1531 1897 1578 cogno-

142 1609 247 1650 scat
287 1600 423 1664 quod
463 1601 561 1649 hoc
600 1608 763 1664 potest
797 1600 1077 1663 intelligere,
1113 1608 1229 1648 tunc
1264 1599 1484 1662 intelligit
1518 1598 1628 1646 hoc.
1700 1597 1822 1645 Ideo
1859 1598 1899 1647 si

141 1681 283 1732 Deus
307 1682 575 1747 quidquam
598 1681 787 1746 potest⁶
810 1682 1089 1745 intelligere,
1113 1689 1230 1730 tunc
1261 1681 1377 1728 illud
1408 1680 1641 1742 intelligit,
1674 1680 1789 1743 quia
1819 1681 1898 1727 ut⁰

143 1765 330 1815 dictum
364 1771 451 1824 est,
486 1763 624 1813 Deus
659 1763 776 1811 nihil
810 1771 972 1828 potest
1007 1763 1219 1826 incipere
1255 1763 1331 1811 vel
1372 1763 1592 1811 desinere
1628 1761 1895 1823 intelligere

140 1847 240 1898 sive
281 1856 596 1911 cognoscere,
632 1851 681 1894 et
714 1844 851 1894 Deus
892 1845 1011 1893 nihil
1045 1844 1278 1907 intelligit,
1315 1844 1407 1893 nisi
1443 1843 1580 1907 quod
1615 1851 1688 1891 est
1724 1843 1895 1891 saltem

139 1927 410 1981 'secundum
449 1942 558 1977 esse
597 1927 904 1991 intelligibile.
989 1926 1054 1976 Et
1089 1927 1170 1976 ut⁷
1214 1926 1528 1990 probabiliter
1574 1932 1738 1988 potest
1785 1925 1894 1985 dici,

136 2009 304 2062 Deus*
321 2004 441 2060 nihil
455 2009 688 2073 intelligit,
709 2009 801 2058 nisi
825 2009 961 2072 quod
984 2009 1156 2069 existit,
1181 2010 1300 2058 dum
1323 2016 1486 2072 potest
1509 2007 1727 2067 existere,
1753 2014 1802 2056 et
1826 2007 1895 2055 sic

140 2100 290 2144 omne
321 2091 458 2157 quod
488 2099 651 2156 potest
681 2092 901 2151 existere,
934 2091 1106 2140 existit.
1178 2091 1258 2140 Sic
1291 2092 1424 2140 enim
1458 2091 1729 2154 proposit0‚
1762 2089 1896 2153 quod

142 2172 272 2226 ‘filius
295 2183 407 2224 tuus
429 2181 517 2234 est,
539 2173 859 2238 respondetur
893 2173 1219 2237 supponendo
1256 2173 1392 2237 quod
1428 2188 1543 2232 non,
1569 2173 1685 2236 quia
1720 2173 1760 2221 si
1794 2187 1896 2220 non

141 2258 248 2327 terit,
272 2271 378 2310 non
400 2263 488 2316 est,
511 2263 561 2305 et
584 2271 612 2304 e
635 2263 833 2316 contra3
884 2263 932 2304 et
963 2256 1032 2304 sic
1066 2255 1243 2304 multa⁹
1279 2264 1392 2305 sunt
1423 2256 1577 2319 signa,
1611 2270 1737 2318 quae
1770 2269 1897 2302 erra-

135 2339 300 2390 ‘bundi
337 2354 462 2388 vane
503 2337 776 2401 intelligunt
817 2345 1041 2401 putantes
1083 2353 1136 2386 se
1179 2338 1446 2401 intelligere
1492 2353 1580 2386 sua
1626 2337 1898 2400 significata

135 2421 382 2487 primaria,
424 2419 543 2469 dum
585 2419 738 2468 modo
778 2433 882 2467 non
923 2421 983 2468 sit
1022 2420 1101 2468 ita.
1190 2419 1288 2468 Sed
1323 2421 1464 2487 juxta
1504 2419 1632 2468 dicta
1675 2419 1894 2482 superius

57 2522 59 2525 ¹
145 2503 420 2566 intelligunt
474 2503 544 2551 sic
597 2501 966 2550 commiscendo
1023 2502 1269 2564 signatum
1321 2502 1516 2550 termini
1572 2517 1686 2549 cum
1739 2501 1892 2548 modo

144 2582 456 2648 intelligendi,
479 2590 533 2631 ut
555 2582 704 2630 n0n¹⁰
728 2582 943 2641 docetur,
978 2583 1066 2631 sed
1099 2584 1387 2646 supponitur
1418 2598 1526 2633 esse
1559 2583 1749 2641 falsum,
1782 2582 1895 2644 quia

136 2666 276 2716 Deus
299 2665 518 2729 intelligit
535 2664 687 2712 filium
703 2678 883 2712 meum.
953 2663 1017 2711 Et
1040 2664 1136 2713 hoc
1154 2665 1341 2713 videtur
1359 2665 1725 2722 consonantius‚
1745 2678 1893 2725 quam

146 2747 432 2806 concedere,
457 2745 591 2810 quod
615 2745 813 2809 quilibet
837 2744 1047 2794 Frater¹¹
1078 2746 1288 2794 infinitas
1311 2761 1491 2794 uxores
1514 2745 1660 2793 habet
1684 2753 1731 2793 et
1754 2744 1892 2803 filios,

137 2831 254 2890 im0,
290 2828 427 2894 quod
459 2842 610 2877 omne
645 2826 929 2876 scandalum
965 2828 1057 2876 sibi
1090 2828 1389 2891 impossibile
1430 2828 1522 2876 sibi
1562 2827 1701 2885 inest,
1739 2834 1787 2874 et
1825 2827 1893 2874 sic

141 2911 280 2963 Deus
302 2925 406 2959 non
436 2908 657 2972 intelligit
691 2908 842 2956 filium
873 2916 1024 2967 tuum,
1050 2918 1270 2958 montem
1300 2924 1514 2968 aureum,
1540 2916 1587 2956 et
1618 2908 1892 2970 inintelligi-

58 3020 63 3042 ι
137 2994 248 3054 bile,
266 2993 378 3043 licet
398 2991 631 3055 intelligat
653 2991 745 3039 ista
769 2991 909 3053 signa
922 3007 935 3051 ;
973 2999 1021 3040 et
1045 2992 1113 3041 sic
1138 3007 1240 3040 non
1265 2999 1376 3040 sunt
1398 2990 1552 3054 ydeae
1577 2990 1758 3049 talium,
1780 3005 1892 3038 curn

140 3090 245 3126 non
266 3074 515 3125 existentis
538 3088 641 3122 non
664 3073 723 3123 sit
749 3073 888 3135 ydea.
960 3073 1038 3122 De
1060 3080 1243 3136 peccato
1275 3074 1496 3122 concedo
1506 3072 1556 3131 ¹²,
1590 3072 1726 3135 quod
1756 3071 1894 3121 Deus

141 3158 306 3222 ipsum
328 3155 548 3219 intelligit
570 3162 618 3203 et
636 3155 904 3218 cognoscit,
925 3169 1028 3203 non
1051 3163 1216 3204 tamen
1240 3155 1387 3204 habet
1410 3162 1666 3219 peccatum
1688 3153 1893 3218 ydeam;

151 3238 240 3290 sed
261 3238 414 3288 homo
438 3235 789 3300 cognoscendo
826 3244 1095 3286 creaturam
1129 3238 1429 3301 peccabilem
1465 3246 1512 3286 et
1547 3235 1682 3300 quod
1706 3244 1891 3299 peccat,

194 3359 327 3403 ιιιιιίῙ.
344 3359 637 3402 mendicantes.
875 3358 891 3382 ²
918 3358 1023 3411 imo]
1044 3358 1151 3406 ideo,
1172 3359 1236 3400 ed.
1256 3372 1318 3412 pr.
1542 3358 1558 3382 ³
1584 3357 1869 3411 amplitudinis

141 3414 435 3470 ampliationis
455 3415 508 3458 A.
511 3414 558 3455 B.
561 3414 635 3461 C.;
669 3412 895 3468 amplioris,
915 3414 980 3454 ed.
999 3426 1060 3466 pr.
1223 3412 1358 3466 ¹i11a]
1378 3412 1492 3461 illud,
1511 3414 1567 3454 A.
1791 3358 1893 3509 test}

132 3472 244 3518 vult,
263 3469 329 3511 ed
347 3482 410 3527 pr.
573 3468 682 3521 ⁶ut]
703 3481 786 3509 om.
806 3468 870 3511 ed,
1060 3467 1170 3520 ⁷ut]
1192 3481 1274 3508 om.
1294 3468 1358 3509 ed.
1378 3481 1440 3521 pr.
1578 3468 1594 3492 ⁸
1622 3467 1738 3509 Deus
1780 3481 1862 3521 quo

129 3526 274 3570 ‘Deus‚
286 3524 341 3565 A.
450 3523 467 3550 ⁹
493 3522 644 3576 multa]
666 3522 837 3569 infinita,
906 3481 996 3576 .rpr.
1106 3522 1138 3547 ¹⁰
1164 3527 1210 3562 ut
1228 3522 1332 3575 non]
1353 3534 1438 3563 non
1456 3526 1516 3568 ut,
1529 3523 1582 3563 A.
1587 3523 1634 3563 Β.
1745 3521 1774 3546 ¹²
1804 3522 1890 3564 scil.

142 3579 392 3623 mendicans.
507 3577 539 3602 ²²
565 3577 769 3630 concedo]
786 3577 950 3630 quidem
970 3576 1219 3626 conceditur,
1240 3578 1291 3619 A.
1296 3577 1342 3618 Β
1345 3577 1419 3625 C,
1451 3578 1700 3627 conceditur,
1717 3577 1781 3618 ed.
1801 3590 1862 3631 pr.

974 3647 1003 3680 F
1033 3649 1056 3680 2

1955 1361 2041 1389 Deus
2053 1360 2128 1388 nihil

1954 1402 1996 1429 po
1977 1395 2082 1423 otesti
2083 1399 2117 1422 nt
2119 1394 2168 1423 eill
2159 1402 2181 1422 ι-

2041 1429 2099 1456 nisi
2112 1437 2174 1469 quo
2155 1428 2197 1456 od

1953 1466 2025 1491 actu
2038 1463 2164 1498 intellig*
2167 1467 2190 1491 t.

1951 3079 2073 3108 Peccati
2086 3087 2149 3109 non

1951 3118 1999 3143 est
2013 3114 2094 3143 idea.
