2436 4094
133 413 283 442 cum.
364 390 365 393 '
730 398 1295 450 TRJALOGUS.
2031 419 2127 472 113

130 543 243 579 cum
265 531 468 592 angelus
497 532 558 579 sit
591 533 866 596 ubicunque
900 535 1114 593 afficitur,
1141 536 1264 583 sicut
1288 535 1631 583 Lz'ncolnz'ensz's
1665 537 1779 584 dicit
1802 535 1879 584 De
1914 555 1918 603 g

129 613 322 672 anima;
375 621 424 661 et
459 614 661 676 angelus
698 615 899 664 afficitur
935 617 1205 679 cuicunque
1242 618 1366 680 parti
1402 618 1598 676 mundi;
1655 618 1884 680 sequitur,

130 694 290 757 quod¹
325 694 528 757 angelus
570 696 630 743 sit
670 697 733 744 ad
775 698 1039 760 quemlibet
1075 707 1309 761 punctum
1353 700 1537 747 mundi.
1608 699 1673 747 Et
1714 700 1887 748 iterum

130 773 315 824 videtur
337 776 584 839 possibile,
609 778 743 840 quod
776 779 976 841 angelus
1010 781 1070 828 sit
1103 780 1245 828 simul
1277 797 1363 843 per
1388 782 1575 829 diversa
1606 782 1729 840 loca,
1756 790 1809 830 ut
1839 782 1887 828 in

130 857 271 906 coelo
295 866 345 906 et
366 858 418 906 in
441 866 579 918 terra,
605 868 652 908 et
675 875 776 908 non
801 861 851 913 in
875 862 1039 910 medio
1065 863 1348 926 intercepto.
1420 865 1482 911 Et
1507 865 1681 912 iterum
1703 865 1890 913 videtur

131 939 255 988 sicut
300 941 662 1003 praetermisisti
709 950 963 991 tractatum
1011 944 1072 992 de
1119 946 1271 992 modo
1320 946 1514 993 essendi
1558 945 1667 1004 Dei,
1709 947 1890 994 scilicet

130 1021 444 1070 essentialiter
477 1024 801 1086 potentialiter
836 1033 883 1072 et
918 1026 1176 1073 virtualiter
1209 1027 1405 1088 ubique,
1443 1028 1512 1075 sic
1546 1029 1889 1090 praetermittis

128 1103 333 1152 modum
356 1103 550 1152 essendi
573 1105 733 1167 angeli
758 1106 808 1152 in
834 1106 960 1155 loco‚

196 1181 467 1234 Phrone-5225.
538 1185 727 1245 Fateor,
749 1188 884 1250 quod
908 1188 1058 1236 multa
1082 1197 1265 1251 puncta
1290 1191 1403 1238 satis
1427 1191 1704 1238 nec'essaria
1729 1190 1889 1239 dimisi

129 1268 180 1315 in
202 1274 406 1316 tractatu
430 1267 492 1316 de
515 1267 641 1326 Deo,
666 1283 769 1316 non
795 1269 953 1317 solum
985 1278 1182 1332 propter
1214 1271 1540 1333 ignorantiam
1573 1280 1654 1320 aut
1686 1272 1889 1320 oblivio-

131 1362 260 1407 nem,
286 1348 374 1397 sed
397 1351 511 1412 quia
537 1349 724 1398 videtur
755 1350 872 1398 mihi
907 1352 1174 1414 expediens
1205 1353 1346 1400 matri
1371 1360 1582 1410 nostrae,
1609 1354 1745 1416 quod
1771 1354 1892 1401 sint²

129 1431 267 1479 multi
301 1439 530 1480 tractatus
566 1431 626 1479 de
662 1431 775 1480 Deo
810 1433 884 1480 et³
920 1448 1006 1480 sua
1048 1426 1244 1491 fabrica,
1283 1435 1332 1480 in
1367 1435 1598 1482 brevitate
1635 1443 1682 1482 et
1718 1435 1889 1483 ordine

130 1513 310 1571 variati,
329 1513 395 1561 ita
417 1514 554 1576 quod
576 1514 626 1562 in
649 1514 729 1561 illa
747 1515 946 1562 materia
970 1522 1138 1577 posset
1161 1516 1425 1563 multorum
1450 1517 1663 1564 studium
1688 1517 1889 1566 dilatari.

131 1594 334 1644 Certum
375 1596 573 1658 quidem
621 1605 707 1653 est,
752 1597 886 1658 quod
926 1597 1201 1644 necessario
1242 1597 1378 1645 Deus
1426 1606 1680 1646 conservet
1727 1599 1890 1647 locum
1946 1615 2206 1676 ingusanmpodo.

131 1677 398 1740 quemlibet
429 1685 478 1725 et
509 1677 773 1740 quamlibet
805 1686 1086 1736 creaturam,
1114 1686 1160 1726 et
1192 1694 1295 1726 non
1329 1688 1583 1728 conservat
1606 1696 1693 1743 per
1717 1689 1890 1743 poten·
1947 1669 2018 1745 4¹3¹}
2059 1691 2092 1710 ⁶⁵

130 1759 248 1807 tiam
285 1759 348 1806 ab
377 1773 438 1806 eo
471 1758 800 1807 distinctam⁴z
849 1775 940 1807 nec
977 1767 1138 1822 potest
1172 1761 1383 1808 vicissim
1419 1762 1592 1810 adesse
1636 1769 1684 1810 et
1719 1762 1889 1811 deesse
1947 1759 2020 1812 „133
2039 1758 2130 1824 3523}
2142 1788 2174 1812 et

130 1853 246 1889 suae
287 1839 511 1911 fabricae.
583 1839 721 1888 Ideo·
747 1842 1022 1894 necessario
1071 1849 1144 1889 est
1184 1842 1378 1904 ubique.
1450 1842 1688 1901 Quamvis
1728 1852 1890 1891 autem
1918 1869 1920 1879 ν
1947 1826 1981 1846 cr
2122 1827 2192 1846 ω’

130 1922 343 1971 mundus
378 1930 426 1970 et
461 1929 656 1985 tempus
692 1930 740 1970 et
775 1923 1062 1970 universalia
1097 1923 1244 1970 etiam
1278 1925 1373 1971 sint
1397 1926 1591 1987 ubique,
1618 1926 1809 1973 tamen‘⁵
1829 1926 1891 1977 ad
1917 1883 1921 2007 l

129 2004 334 2053 modum
370 2005 564 2053 essendi
594 2003 689 2052 Dei
726 2005 904 2066 ubique
938 2019 1040 2052 non
1078 2013 1284 2067 possunt
1321 2007 1571 2068 attingere,
1606 2022 1719 2055 curn
1754 2007 1891 2056 Deus

129 2086 406 2135 necessario
424 2086 694 2134 secundum
712 2094 863 2134 totam
883 2101 1023 2134 suam
1041 2088 1304 2135 essentiam
1322 2089 1586 2152 perpetu0⁰
1601 2098 1675 2137 est
1692 2090 1889 2152 ubique,

131 2169 346 2217 mundus
381 2176 544 2228 autern
580 2169 801 2231 quamvis
839 2170 900 2217 sit
935 2170 1205 2217 secundum
1242 2178 1404 2232 partes
1441 2170 1659 2233 dispares
1693 2172 1889 2234 ubique,

127 2252 233 2300 non
255 2258 422 2299 tamen
445 2264 641 2314 semper
664 2259 737 2299 est
760 2251 939 2314 ubique
966 2251 1234 2299 secundum
1268 2253 1532 2315 quamlibet
1557 2253 1631 2302 sui
1660 2261 1849 2316 partem
1858 2254 1889 2301 ⁷.

130 2328 354 2397 Tempus
389 2333 534 2382 etiam
576 2334 797 2398 quamvis
839 2333 1110 2382 secundum
1153 2349 1204 2382 se
1247 2341 1405 2382 totum
1447 2335 1507 2382 sit
1548 2336 1742 2398 ubique,
1787 2351 1889 2384 non

129 2422 295 2464 tamen
336 2426 528 2478 semper
567 2423 640 2463 est
678 2415 856 2478 ubique
899 2415 1167 2463 secundum
1208 2416 1472 2478 quamlibet
1514 2417 1619 2480 ejus
1661 2417 1887 2480 partem⁸.

55 2520 57 2522 ·
129 2496 432 2546 Universalia
463 2497 624 2554 etiam,
658 2512 784 2560 quae
815 2496 996 2545 habent
1028 2512 1117 2545 sua
1150 2498 1410 2560 singularia
1439 2499 1633 2561 ubique,
1667 2500 1888 2561 quamvis

129 2579 277 2628 etiam
311 2586 424 2628 sunt
457 2577 653 2642 ubique,
690 2593 794 2626 non
828 2586 994 2626 tamen
1032 2594 1226 2640 semper
1263 2579 1534 2627 secundum
1574 2595 1686 2629 suas
1725 2588 1887 2643 partes

129 2742 256 2792 tem⁹
280 2750 330 2791 et
353 2743 618 2806 proprium,
643 2756 742 2804 quo
767 2741 1083 2789 essentialiter
1108 2749 1180 2788 est
1203 2741 1397 2803 ubique.
1469 2741 1531 2788 Et
1556 2757 1668 2789 cum
1701 2742 1751 2789 in
1774 2741 1885 2791 Deo

129 2826 191 2874 sit
221 2825 368 2873 virtus
401 2832 546 2888 atque
578 2824 811 2887 potentia,
837 2838 961 2886 quae
993 2822 1180 2870 realiter
1212 2830 1285 2870 est
1317 2822 1478 2870 divina
1508 2823 1731 2881 essentia,
1755 2832 1886 2886 patet
1919 2832 1925 2837 “

130 2907 268 2972 quod
295 2905 433 2956 Deus
467 2906 725 2955 virtualiter
758 2914 806 2953 et
836 2904 1158 2968 potentialiter
1189 2912 1264 2952 est
1295 2905 1488 2966 ubique.
1560 2904 1884 2967 Intelligendo

0 2997 16 3014 ³
59 3022 63 3038 2
128 2997 296 3039 tamen
326 2989 435 3037 illos
466 2988 644 3037 modos
669 2987 936 3049 analogice,
962 2994 1096 3049 patet
1118 2986 1253 3048 quod
1278 2987 1326 3033 in
1351 2986 1580 3034 creaturis
1610 2986 1884 3034 notabiliter

131 3071 504 3133 distinguuntur,
530 3085 644 3118 cum
676 3070 823 3118 virtus
854 3069 997 3116 unius
1030 3076 1290 3126 creaturae,
1315 3076 1415 3115 tam
1449 3067 1702 3130 spiritualis
1736 3083 1883 3130 quam

128 3153 410 3217 corporaliS‚
431 3167 484 3201 se
507 3151 723 3201 extendit
742 3151 849 3199 ad¹⁰
872 3151 981 3199 loca
1005 3159 1053 3198 et
1077 3164 1295 3211 corpora,
1318 3149 1378 3198 ad
1397 3164 1522 3211 quae
1547 3150 1651 3211 ejus
1675 3150 1885 3197 essentia

185 3273 200 3298 ¹
227 3273 423 3327 sequitur.
438 3273 569 3327 quod]
586 3273 751 3327 quando
764 3286 874 3325 ergo,
891 3273 954 3313 ed.
972 3286 1032 3326 pr.
1047 3287 1057 3319 ;
1089 3272 1252 3325 quando
1267 3271 1448 3324 angelus,
1469 3271 1522 3311 D.
1614 3271 1629 3293 ²
1657 3271 1767 3324 quod
1781 3271 1861 3312 sint

135 3340 230 3370 cum
242 3327 404 3374 fuerint,
422 3328 579 3369 A.B.C.'
596 3328 799 3369 secundae
817 3340 974 3368 manus.
1106 3327 1121 3350 ⁸
1149 3325 1209 3378 et]
1230 3326 1294 3371 de,
1315 3326 1377 3365 ed.
1397 3338 1458 3378 pr.
1587 3325 1599 3346 ⁴
1626 3325 1862 3366 distinctam

129 3381 364 3429 distantem,
377 3383 424 3423 B.
437 3382 639 3424 secundae
649 3395 807 3422 manus.
890 3381 907 3405 ³
933 3381 1091 3434 tamen]
1105 3394 1188 3421 om.
1202 3380 1356 3420 A.B.C.
1372 3379 1435 3420 ed.
1449 3392 1510 3432 pr.
1620 3380 1636 3404 ⁶
1659 3385 1861 3474 {erpetuo

129 3448 215 3478 om.
235 3435 340 3476 AB.
478 3435 494 3460 ⁷
523 3435 917 3495 semper—partem]
940 3449 1021 3476 om.
1043 3434 1197 3476 A.B.C.
1219 3434 1282 3474 ed.
1303 3446 1364 3487 pr.
1383 3448 1392 3480 ;
1425 3447 1470 3474 se
1489 3438 1637 3480 totum,
1698 3464 1707 3472 .
1729 3445 1885 3487 prunae

130 3498 290 3536 manus.
310 3490 373 3532 ed.
395 3502 481 3543 pr.;
511 3503 597 3531 non
616 3497 755 3531 tamen
775 3490 998 3530 secundum
1018 3495 1165 3535 totum,
1188 3489 1240 3527 A.
1417 3488 1432 3510 ⁸
1459 3488 1565 3527 Tem
1594 3488 1880 3541 us—partem]

131 3557 214 3585 om.
238 3543 293 3584 D.
402 3545 418 3566 ⁹
447 3542 733 3597 excellentem]
756 3544 1031 3589 excellentiae,
1053 3542 1206 3582 A.B.C.
1321 3541 1350 3565 ¹⁰
1378 3541 1450 3594 ad]
1472 3548 1513 3582 et
1533 3554 1558 3583 a
1590 3572 1599 3588 ‚
1620 3542 1669 3583 C.
1689 3540 1754 3582 ed.
1774 3555 1835 3595 pr.

202 3627 501 3663 TRIALOGUS.
1018 3627 1033 3659 1

129 2661 345 2724 singulas
367 2660 674 2724 subjectivas.
745 2660 866 2708 Ideo
899 2660 1035 2708 Deus
1068 2660 1213 2708 habet
1236 2676 1388 2708 unum
1418 2662 1621 2708 modum
1647 2677 1864 2709 exceen

1908 3586 1913 3615 ¹
2218 3498 2229 3584 l
