2436 4094
35 464 37 466 ,
111 434 242 463 ctum.
704 412 1270 463 TRIALOGUS.

2011 425 2112 478 129

26 597 30 599 ,
111 549 233 597 ratio
269 549 434 610 exigit,
471 548 744 610 regulantes
760 565 772 607 ;
822 557 869 596 et
903 557 1014 596 sunt
1049 549 1168 596 istae
1203 549 1427 611 quinque'
1451 547 1699 610 sapientia,
1725 547 1864 596 intel·
1927 565 2064 593 virtutes

111 630 278 689 lectuS,
299 630 511 688 scientia,
532 645 609 678 ars
629 639 676 678 et
694 630 963 692 prudentia.
1035 628 1277 692 Sapientia
1302 638 1375 678 est
1394 629 1454 677 de
1474 644 1620 677 causa
1639 629 1868 677 altissima

113 720 160 760 et
183 713 282 760 suis
305 712 627 774 passionibuS,
653 712 713 760 de
739 713 914 774 quibus
932 712 1090 774 primo
1108 711 1231 759 libro
1252 711 1434 759 dictum
1452 719 1538 759 est.
1611 710 1870 758 Intellectus

115 793 215 842 est¹
239 793 409 842 notitia
433 794 700 851 veritatum,
739 808 862 856 quae
901 801 1012 841 sunt
1037 793 1272 855 principia
1308 793 1643 852 scientiarum;
1699 801 1751 840 ut
1786 808 1873 856 per

115 875 413 924 intellectum
439 890 706 938 cognOSCO,
727 875 861 938 quod
885 874 1001 922 nihil
1021 874 1163 923 simul
1187 882 1259 922 est
1277 882 1324 921 et
1348 889 1450 922 non
1476 883 1561 931 est,
1583 874 1718 936 quod
1741 874 1874 922 esse²

116 965 274 1006 totum
299 965 371 1006 est
394 957 552 1020 majus
577 972 664 1005 sua
688 965 837 1019 parte,
858 965 906 1004 et
930 957 994 1004 ita
1013 957 1073 1005 de
1100 955 1331 1004 similibus
1341 955 1369 1003 ³.
1442 953 1646 1003 Scz‘entz‘a
1669 971 1784 1003 vero
1803 963 1875 1003 est

116 1041 282 1088 tertius
295 1039 485 1088 habitus
501 1039 827 1097 intellectivus,
840 1039 900 1086 de
908 1038 1155 1101 principiis
1172 1039 1270 1086 suis
1285 1037 1660 1085 demonstrative
1670 1037 1874 1085 demon-

118 1129 308 1179 stratuS‚
342 1120 618 1184 cujusmodi
643 1128 752 1168 sunt
786 1120 1127 1169 conclusiones
1159 1121 1209 1167 in
1242 1119 1629 1167 demonstrativis
1662 1120 1873 1167 scientiis

117 1203 189 1252 et⁴
208 1202 312 1252 aliis
330 1203 611 1252 declaratae.
670 1202 776 1250 Ars
795 1212 958 1251 autem
976 1211 1048 1250 est
1062 1201 1253 1250 habitus
1269 1201 1550 1249 factibilium
1567 1200 1642 1248 vel
1659 1202 1709 1248 in
1730 1202 1874 1249 artifi-

119 1284 258 1334 cialia
281 1285 536 1334 directivus
545 1284 576 1343 ⁶,
597 1299 699 1332 non
719 1292 879 1332 autem
899 1285 1060 1347 praxis
1078 1284 1245 1332 talium
1265 1283 1557 1340 factibilium,
1580 1282 1668 1330 sed
1686 1282 1874 1331 habitus

94 1366 440 1430 *speculativus
476 1365 709 1415 ordinans
745 1367 999 1429 quomodo
1032 1366 1144 1414 talia
1175 1366 1403 1414 factibilia
1435 1367 1615 1416 debent
1647 1367 1873 1415 ordinari.

119 1448 389 1517 Prudentia
406 1463 520 1497 vero
546 1457 618 1497 est
642 1448 834 1496 habitus
859 1449 1106 1510 agibilium
1131 1447 1398 1507 directivus,
1419 1457 1466 1496 et
1490 1451 1696 1512 pertinet
1720 1450 1875 1511 speci-

121 1531 256 1579 aliter
287 1530 350 1579 ad
382 1531 576 1579 virtutes
609 1530 832 1587 moraleS‚
868 1545 980 1578 cum
1015 1530 1256 1592 quaelibet
1290 1546 1458 1579 earum
1495 1531 1666 1579 dicitur
1699 1531 1876 1579 habere

52 1621 55 1625 '
119 1627 260 1662 suam
277 1612 601 1676 prudentiam.
672 1611 794 1660 Sunt
818 1620 979 1660 autem
1003 1612 1122 1660 istae
1141 1612 1334 1660 virtutes
1353 1613 1562 1661 morales
1587 1614 1637 1661 in
1662 1613 1878 1676 appetitu

121 1694 349 1744 sensitivo
384 1694 657 1742 secundum
691 1693 998 1742 Aristotelem.
1076 1693 1139 1741 Et
1175 1695 1287 1757 quia
1322 1694 1429 1742 illae
1465 1696 1661 1743 virtutes
1697 1695 1879 1743 faciunt

125 1775 379 1825 hominem
419 1775 597 1838 eligere
641 1775 789 1823 finem
831 1775 1194 1823 rationabilem⁰
1241 1783 1288 1823 et
1330 1776 1393 1824 ad
1440 1791 1565 1839 opus
1606 1777 1730 1825 illius
1771 1777 1881 1824 finis

122 1857 465 1926 delectabiliter
483 1857 714 1915 inclinari,
734 1856 846 1905 ideo
866 1865 1100 1905 vocantur
1117 1858 1179 1905 ab
1203 1857 1451 1905 Aristotele
1473 1858 1664 1906 habitus
1683 1858 1880 1908 electivi.

121 1940 186 1990 Et
219 1940 418 2004 insuper
450 1939 566 2002 quia
599 1953 773 1988 omnes
807 1938 927 1987 tales
962 1938 1153 1987 habitus
1189 1940 1461 1988 consistunt
1489 1941 1539 1987 in
1572 1948 1685 1989 actu
1716 1942 1881 1989 medio

123 2022 247 2071 inter
282 2022 382 2070 duo
417 2028 635 2070 extrema
669 2021 852 2079 vitiosa,
879 2020 990 2068 ideo
1027 2029 1168 2069 vocat
1190 2021 1460 2070 Aristoteles
1495 2022 1628 2071 illum
1663 2022 1882 2071 habitum

122 2104 374 2154 electivum
397 2103 448 2152 in
471 2102 636 2151 medio
661 2103 962 2151 existentem.
1033 2102 1199 2152 Virtus
1222 2105 1354 2152 enim
1379 2120 1491 2152 cum
1517 2105 1687 2153 dicitur
1711 2105 1774 2154 ad
1799 2106 1882 2154 ali-

123 2185 244 2250 quid
278 2193 351 2234 est
384 2185 436 2233 in
471 2192 581 2234 actu
615 2193 668 2234 ut
703 2184 861 2233 fructu
892 2184 1089 2243 virtutiS‚
1116 2194 1164 2234 et
1199 2194 1335 2235 actus
1370 2187 1610 2236 virtuosus
1647 2187 1819 2236 dicitur
1854 2204 1881 2236 e

125 2267 371 2317 contrario
413 2266 548 2316 esse⁷
587 2267 639 2314 in
674 2267 859 2325 virtute,
895 2275 948 2314 ut
987 2268 1038 2314 in
1077 2282 1166 2316 suo
1206 2269 1442 2317 efficiente
1483 2269 1583 2318 vel⁸
1621 2270 1684 2318 ad
1721 2271 1882 2333 ipsum

125 2349 369 2398 moraliter
402 2348 664 2398 inclinante
672 2348 704 2397 ⁹.
777 2348 1050 2398 Caveamus
1085 2357 1250 2398 tamen
1286 2365 1493 2414 semper,
1527 2367 1589 2400 ne
1626 2352 1882 2401 credamus

125 2433 351 2480 virtutem
388 2438 470 2480 aut
501 2431 669 2479 vitium
693 2430 768 2478 vel
805 2439 939 2479 actus
974 2432 1297 2494 procedentes
1334 2434 1396 2481 ab
1431 2433 1520 2481 illis
1556 2449 1664 2482 esse
1689 2449 1766 2482 res
1802 2435 1882 2482 ali-

12 2518 14 2523 ’
59 2531 62 2533 ·
127 2527 266 2577 quas,
290 2527 417 2576 quae
449 2520 654 2577 possunt
686 2528 774 2575 per
798 2528 850 2560 se
876 2528 983 2560 esse
998 2529 1012 2572 3
1062 2513 1149 2561 sed
1181 2514 1375 2562 virtutes
1408 2523 1455 2562 et
1477 2516 1590 2563 vitia
1615 2524 1727 2564 sunt
1759 2517 1884 2564 acci-

127 2595 292 2644 dentia
326 2593 388 2642 de
423 2609 602 2657 genere
637 2593 890 2656 qualitatiS,
916 2602 963 2641 et
999 2602 1135 2642 actus
1171 2603 1283 2642 sunt
1311 2597 1583 2645 accidentia
1613 2597 1673 2644 de
1705 2613 1885 2660 genere

127 2676 348 2726 actionis,
419 2675 550 2724 Dicit
582 2683 745 2724 autem
754 2675 790 2702 ¹⁰
820 2675 1103 2734 Artis-tomes,
1133 2676 1268 2738 quod
1300 2685 1492 2739 oportet
1527 2693 1634 2726 esse
1670 2679 1885 2727 medium

128 2774 228 2823 quo
264 2759 328 2807 ad
363 2773 471 2817 nOS,
507 2758 604 2807 hoc
639 2766 712 2806 est
746 2772 846 2820 quo
882 2757 945 2805 ad
977 2772 1089 2804 eum
1123 2758 1206 2820 qui
1237 2758 1389 2806 taliter
1425 2759 1697 2808 habituatur
1710 2776 1723 2819 ;
1772 2762 1886 2823 quia

129 2841 330 2890 diversis
353 2840 633 2889 hominibus
665 2848 736 2888 est
759 2839 975 2887 medium
1010 2839 1261 2902 dispariter
1294 2840 1640 2902 adaptandum,
1665 2851 1718 2890 ut
1740 2842 1888 2891 Aris·
1925 2829 1931 2835 x

127 2923 274 2972 toteles
313 2922 638 2986 exemplificat
679 2922 740 2970 de
777 2921 977 2969 Milone.
1048 2921 1161 2983 Ipse
1204 2928 1364 2969 autem
1375 2920 1410 2948 ¹¹
1446 2922 1593 2970 voluit
1628 2925 1886 2973 comedere

68 3042 71 3047 -
128 3005 310 3054 bovem
344 3005 397 3052 in
433 3003 524 3062 die,
551 3011 599 3052 et
634 3004 685 3051 in
720 3003 882 3051 multis
918 3003 1196 3050 hominibus
1231 3003 1486 3052 excederet
1520 3005 1636 3053 illud
1671 3006 1886 3054 medium

129 3086 410 3136 virtuosum.
482 3085 603 3135 Ideo
635 3093 830 3149 oportet
862 3085 995 3148 loqui
1030 3084 1091 3133 de
1125 3084 1289 3133 medio
1322 3099 1421 3147 quo
1451 3085 1514 3134 ad
1545 3088 1887 3150 proportiones

185 3249 200 3276 ¹
228 3249 312 3303 est]
331 3254 470 3291 antem
489 3254 564 3297 est,
585 3249 744 3291 A.B.c.
763 3250 828 3291 ed.
849 3264 910 3304 pr.
1093 3250 1110 3274 ²
1137 3263 1225 3291 esse
1245 3250 1399 3303 totum]
1421 3263 1544 3291 omne
1562 3256 1710 3298 totum,
1731 3252 1886 3294 A.B.C.

130 3303 197 3346 ed.
217 3316 280 3357 pr.
528 3304 545 3328 ³
563 3303 785 3357 similibus]
807 3304 964 3351 ceteris,
985 3305 1141 3346 A.B.C.
1162 3305 1225 3345 ed.
1245 3318 1307 3358 pr.
1553 3304 1569 3327 ⁴
1596 3305 1658 3358 et]
1679 3318 1761 3346 om.
1782 3307 1887 3348 A.B.

129 3357 147 3383 ⁸
172 3358 217 3399 in
259 3356 486 3399 artificialia
530 3358 769 3412 directivus]
815 3360 940 3399 etiam
984 3358 1256 3400 artificialium
1299 3357 1530 3405 directivus,
1570 3359 1678 3401 C.D.
1723 3361 1788 3403 ed.
1826 3375 1888 3415 pr.

129 3411 147 3437 ⁸
180 3411 488 3466 rationabilem]
509 3412 764 3459 rationalem,
785 3414 849 3454 ed.
870 3427 931 3466 pr.
1074 3413 1090 3436 ⁷
1118 3426 1142 3454 e
1161 3413 1366 3454 contrario
1386 3412 1492 3465 esse]
1514 3413 1603 3466 ipse
1621 3414 1664 3453 in
1683 3417 1889 3457 contrario

130 3466 175 3508 in
193 3466 355 3513 virtute,
370 3466 435 3508 ed.
448 3480 509 3520 pr.
748 3468 764 3492 ⁸
791 3467 876 3520 vel]
897 3473 955 3513 ut,
976 3467 1132 3509 A.B.C.
1380 3468 1395 3490 ⁹
1423 3467 1663 3521 inclinante]
1684 3470 1890 3517 inclinate,

131 3519 197 3562 ed.
216 3533 277 3574 pr.
489 3521 519 3547 ¹⁰
545 3520 645 3562 dicit
664 3521 822 3575 autem]
844 3530 888 3563 ut
908 3522 1019 3569 dicit,
1040 3522 1104 3562 ed.
1125 3534 1185 3574 pr.
1398 3522 1424 3546 ²¹
1453 3528 1591 3563 autem
1611 3522 1761 3578 voluit]
1783 3525 1890 3566 enim

130 3573 317 3622 voluerit,
337 3574 401 3616 ed.
421 3588 483 3628 pr.

202 3657 498 3693 TRIALOGUS.
1044 3660 1079 3692 K

1928 600 2159 629 intellectuales.

1936 1630 2072 1658 Virtutes
2084 1637 2147 1657 mo-

1935 1665 2015 1692 rales
2025 1663 2195 1692 secundum

1939 1698 2148 1727 Aristotelem.
