2496 4108
381 415 484 470 272

1059 404 1487 468 JOANNIS
1558 405 1911 456 WICLIF
2214 426 2373 457 unm.

621 538 963 594 incarnatione,
997 545 1111 584 tunc
1147 546 1348 600 utraque
1384 553 1550 586 earum
1586 547 1658 587 est
1693 540 1992 588 naturaliter¹
2025 541 2154 589 idem
2184 556 2367 605 suppo-

620 620 792 678 situm;
847 618 933 666 sed
976 633 1116 666 secus
1159 626 1231 666 est
1271 619 1323 665 in
1364 620 1563 667 materia
1605 620 1665 667 de
1702 630 2006 670 sacramento
2043 623 2217 682 altaris,
2253 623 2367 686 quia

619 700 727 746 licet
751 700 892 760 panis
918 698 1058 746 fuerit
1083 699 1261 747 fractus
1287 701 1336 747 in
1361 707 1456 748 tres
1481 701 1554 748 vel
1587 701 1638 748 in
1670 702 1903 763 quotlibet
1927 711 2102 765 partes,
2128 704 2369 766 quaelibet

618 795 784 827 earum
825 780 954 827 non²
994 789 1067 828 est
1108 781 1294 828 realiter
1336 782 1422 828 sed
1462 782 1848 832 habitudinaliter
1887 784 2018 832 idem
2055 785 2274 847 corpus³‚
2309 794 2363 834 ut

616 860 850 908 intuendo
891 861 1077 910 diversa
1120 862 1329 924 specula,
1368 863 1541 910 eadem
1577 862 1725 911 facies
1767 873 1840 913 est
1875 862 2277 914 intentionaliter*
2312 868 2363 915 in

615 944 829 1005 quolibet
876 945 1156 992 eorundem.
1226 944 1371 992 Unde
1421 961 1523 993 non
1569 955 1761 1009 oportet
1807 963 1911 995 rem
1957 947 2136 997 factam
2182 964 2211 997 a
2252 949 2363 998 Deo

615 1024 884 1072 secundum
908 1025 1053 1072 talem
1077 1025 1458 1072 habituationem
1483 1041 1623 1074 suurn
1642 1027 1900 1089 figuratum
1925 1029 2179 1092 requirere,
2199 1030 2362 1092 ipsum

614 1105 872 1167 figuratum
897 1106 1079 1153 moveri
1105 1107 1167 1153 ad
1190 1107 1348 1168 ipsam
1372 1107 1598 1166 localiter,
1623 1109 1697 1156 vel
1721 1125 1782 1156 ex
1807 1110 1921 1158 hinc
1945 1111 2131 1164 realiter
2159 1111 2361 1160 alterari.

613 1185 682 1234 Ut
705 1202 808 1234 non
833 1195 905 1234 est
936 1187 1301 1249 intelligendum
1334 1203 1509 1250 corpus
1535 1188 1713 1237 Christi
1747 1190 2042 1240 descendere
2066 1192 2130 1240 ad
2152 1192 2364 1240 hostiam

612 1269 662 1315 in
685 1283 972 1330 quacunque
997 1269 1201 1316 ecclesia
1226 1278 1576 1328 consecratam,
1604 1272 1689 1319 sed
1721 1281 1886 1320 manet
1919 1289 2111 1322 sursum
2135 1276 2186 1322 in
2210 1273 2362 1323 coelis

613 1350 780 1407 stabile
805 1357 851 1396 et
875 1349 1146 1408 immotum,
1172 1349 1284 1397 ideo
1308 1350 1453 1398 habet
1486 1367 1592 1400 esse
1626 1353 1868 1415 spirituale
1901 1355 1950 1402 in
1982 1355 2144 1403 hostia
2178 1363 2226 1403 et
2257 1370 2359 1404 non

610 1446 717 1479 esse
742 1431 1154 1479 dimensionatum
1181 1439 1228 1479 et
1253 1439 1413 1479 cetera
1446 1433 1712 1481 accidentia
1744 1450 1869 1497 quae
1903 1436 1954 1482 in
1979 1437 2132 1484 coelo.
2204 1435 2352 1485 Unde

611 1512 795 1559 videtur
819 1513 949 1571 mihi,
976 1512 1110 1574 quod
1135 1528 1314 1575 eorpus
1339 1512 1518 1561 Christi
1543 1523 1590 1562 et
1624 1516 1692 1563 sic
1718 1514 1936 1564 Christus
1970 1517 2278 1566 humanitus⁶
2302 1518 2363 1566 sit

611 1594 911 1655 spiritualiter
935 1595 998 1642 ad
1027 1595 1290 1657 quemlibet
1322 1604 1558 1656 punctum
1583 1596 1765 1654 mundi,
1795 1612 1907 1644 cum
1933 1597 2154 1647 Christus
2187 1599 2361 1647 huma-

611 1676 739 1723 nitus
779 1677 839 1723 sit
880 1692 964 1724 rex
1006 1677 1176 1725 mundi
1186 1677 1216 1734 ⁶,
1254 1660 1646 1736 sedssecundum
1684 1677 2003 1741 Augus-tinum
2044 1688 2092 1729 et
2133 1680 2361 1729 doctores

610 1765 798 1805 ceteros
816 1774 900 1805 rex
921 1766 992 1806 est
1013 1759 1317 1820 spiritualiter
1341 1743 1665 1821 potentialiter
1690 1768 1738 1808 et
1756 1761 2013 1809 virtualiter
2037 1762 2101 1810 ad
2123 1770 2360 1824 punctum

610 1840 873 1901 quemlibet
920 1841 1057 1901 regni
1103 1841 1190 1887 sui.
1263 1839 1456 1903 Corpus
1502 1857 1621 1904 ergo
1670 1842 1847 1890 Christi
1897 1851 1970 1891 est
2015 1843 2362 1911 adsspunetum

521 1940 529 1985 'a
611 1921 871 1983 quemlibet
910 1921 1053 1983 hujus
1099 1921 1283 1979 mundi,
1327 1937 1439 1969 cum
1478 1923 1647 1970 virtute
1690 1923 1813 1970 illius
1855 1925 2072 1986 corporis
2119 1925 2363 1987 quaelibet

610 2017 722 2064 pars
747 2002 915 2049 mundi
948 2002 1192 2065 perficitur
1223 1996 1348 2050 ultra
1381 2018 1528 2065 quam
1560 2019 1644 2051 rex
1676 2012 1892 2052 terrenus
1924 2013 2086 2067 partes
2117 2006 2256 2068 regni
2287 2005 2362 2054 sui

531 2088 537 2110 ²
611 2091 771 2146 potest
794 2083 1036 2146 perficere.
1068 2083 1450 2157 JVerumtamen
1471 2085 1768 2132 credendum
1787 2094 1872 2144 est,
1898 2086 2032 2149 quod
2055 2087 2201 2149 longe
2227 2087 2362 2135 aliter

610 2172 683 2212 est
718 2180 895 2227 corpus
921 2164 1098 2212 Christi
1135 2165 1185 2212 in
1219 2164 1379 2213 hostia
1415 2174 1710 2224 consecrata,
1737 2182 1850 2214 curn
1886 2168 1945 2214 sit
1968 2167 2358 2217 habitudinaliter

612 2247 717 2308 ipsa
752 2246 921 2304 hostia,
958 2254 1004 2293 et
1040 2246 1309 2294 secundum
1345 2247 1582 2294 rationem
1620 2248 1873 2309 spiritualis
1908 2256 1956 2296 et
1987 2249 2197 2296 virtualis
2232 2250 2361 2297 exis-

611 2328 786 2374 tentiae
823 2335 895 2375 est
931 2327 1064 2374 aliter
1101 2327 1163 2374 ad
1200 2327 1462 2389 quemlibet
1497 2336 1733 2390 punctum
1770 2329 1887 2391 ejus.
1958 2328 2022 2377 Et
2051 2338 2198 2392 patet,
2223 2330 2358 2392 quod

611 2408 878 2456 secundum
905 2409 1140 2456 rationem
1167 2408 1408 2470 duplicem
1444 2416 1516 2456 est
1545 2424 1721 2471 corpus
1746 2409 1923 2458 Christi
1947 2411 1998 2458 in
2030 2410 2141 2459 loco
2172 2410 2358 2460 hostiae

611 2498 935 2538 consecratae.

1343 2778 1503 2828 CAP.
1541 2779 1629 2827 IX.

812 2920 1052 2985 Arguliae
1075 2923 1293 2984 quaedam
1318 2924 1369 2970 de
1391 2933 1571 2985 corpore
1593 2923 1794 2972 Domini
1811 2925 1861 2971 in
1884 2925 2165 2972 eucharaessrlia

1151 3005 1438 3066 excogitatae
1460 3006 1824 3067 redarguuntur.

677 3145 900 3194 PseusliS.
971 3146 1174 3209 Propter
1222 3148 1453 3206 stultitias,
1497 3164 1618 3211 quas
1665 3149 1848 3207 ebulliS,
1891 3165 1979 3213 per
2021 3157 2213 3213 tempus
2254 3165 2355 3198 non

556 3219 558 3222 ¹
611 3228 857 3275 modicum
894 3229 1160 3276 dormitavi.
1231 3227 1329 3275 Sed
1362 3230 1513 3278 modo
1547 3238 1739 3293 oportet
1770 3246 1850 3279 me
1881 3231 2074 3293 vigilare
2106 3231 2355 3294 paululum

665 3370 675 3392 ¹
706 3370 961 3423 naturaliter]
984 3370 1257 3418 numeraliter,
1273 3372 1336 3413 ed.
1355 3384 1416 3424 pr.
1530 3372 1546 3395 ²
1573 3371 1677 3425 non]
1699 3385 1782 3412 om.
1803 3371 1908 3412 B.D.
2017 3372 2033 3396 ⁸
2059 3372 2169 3413 idem
2184 3372 2352 3426 corpus]

609 3437 757 3475 corpus
777 3425 961 3470 Domini,
982 3425 1084 3464 A.B.
1105 3425 1262 3478 primae
1280 3439 1436 3471 manus,
1457 3426 1521 3466 ed.
1541 3440 1602 3479 pr.
1757 3427 1772 3449 4
1799 3427 2140 3479 intentionaliter]
2161 3427 2352 3467 intensio-

611 3483 718 3523 nata,
739 3479 817 3524 A.;
848 3478 1169 3520 intentionaliter
1187 3480 1257 3520 i.e.
1275 3480 1497 3520 secundum
1518 3480 1838 3527 similitudinem,
1858 3481 1922 3522 ed.
1942 3494 2004 3533 pr.
2167 3480 2183 3505 ⁵
2210 3481 2351 3521 huma-

609 3527 737 3583 nitus]
758 3532 1001 3579 humanitas,
1024 3533 1070 3572 B.
1236 3535 1252 3558 ⁶
1280 3547 1372 3574 eum
1395 3534 1795 3588 Christus—mundi]
1813 3548 1896 3575 om.
1915 3535 1979 3575 ed.
2000 3548 2060 3588 pr.

2055 3652 2057 3654 .
2098 3617 2280 3651 WIOLIF
