2496 4108
1037 420 1462 484 JOANNIS
1531 423 1881 472 WICLIF
2186 444 2346 472 mant.

561 562 563 569 ¹
597 554 868 617 figurativa1
917 554 1111 611 locutio,
1155 570 1266 601 cum
1308 554 1464 602 Marci
1504 556 1596 604 xiV.
1641 556 1770 604 dicat
1813 555 2061 604 Christus:
2113 561 2125 582 ‘
2144 557 2347 606 hic1est

596 636 791 696 sanguis
816 650 953 682 meus
979 634 1107 683 Novi
1133 636 1448 694 Testamenti,
1477 637 1560 699 qui
1584 652 1673 699 pro
1708 637 1870 685 multis
1904 635 2208 688 effundetur.’
2242 644 2245 646 ’
2279 636 2350 686 Et

593 717 723 764 idem
747 723 877 777 patet
901 731 961 763 ex
987 716 1140 774 dictis,
1170 732 1282 764 cum
1307 732 1446 765 mens
1472 718 1721 766 catholiei2
1744 734 1851 766 non.
1871 719 2012 781 capit,
2037 720 2174 781 quod
2196 719 2338 783 panis

534 796 539 800 ’
593 798 649 844 sit
685 811 862 858 corpus
887 796 1078 854 Christi,
1117 797 1209 845 nisi
1244 798 1557 860 intelligendo
1594 799 1857 860 figurative,
1884 814 1996 847 cum
2031 799 2340 848 identificatio

593 892 694 924 non
736 878 795 925 sit
836 878 1092 939 possibilis.
1182 879 1302 926 Ideo
1346 881 1528 942 absque
1573 881 1706 927 omni
1751 881 2064 942 ambiguitate
2105 880 2229 930 haec
2270 888 2343 929 est

591 960 864 1021 figurativa:
903 963 913 982 ‘
931 958 1026 1007 hoc
1051 967 1124 1007 est
1156 975 1333 1022 corpus
1361 960 1554 1018 meum,’
1581 969 1632 1008 ut
1666 970 1777 1008 sunt
1809 962 2080 1009 locutiones
2112 961 2173 1010 de
2198 967 2342 1011 evanss

589 1041 716 1102 gelio
748 1039 987 1103 Johannis
1003 1057 1016 1100 3
1067 1045 1077 1065 ‘
1095 1042 1186 1088 nisi
1219 1042 1624 1090 manducaveritis
1658 1058 1855 1090 carnem
1880 1043 1962 1090 filii
1986 1042 2212 1100 hominis,
2238 1050 2342 1090 non

589 1122 824 1169 habebitis
849 1123 995 1169 vitam
1020 1123 1070 1169 in
1094 1124 1232 1170 vobis
1242 1123 1286 1181 3,’
1315 1139 1427 1171 cum
1460 1124 1620 1171 multis
1647 1124 1879 1171 similibus
1905 1138 2029 1186 quae
2054 1124 2119 1171 ad
2142 1138 2341 1172 sensum

589 1203 734 1250 alium
760 1203 878 1250 dixit
903 1203 1136 1251 Christus.
1206 1204 1558 1252 Verumtamen
1584 1205 1771 1267 aliquae
1799 1213 1911 1253 sunt
1934 1205 2205 1252 locutiones
2228 1204 2342 1253 fidei

589 1286 847 1347 scripturae
873 1300 993 1346 quas
1017 1292 1211 1347 oportet
1236 1285 1380 1348 plane
1407 1287 1510 1333 sine
1543 1286 1698 1348 figura
1731 1287 1964 1348 accipere,
1990 1294 2043 1334 ut
2067 1287 2118 1334 in
2141 1286 2343 1335 materia

589 1367 648 1414 de
685 1367 1014 1414 incarnatione
1053 1367 1256 1414 concedi
1292 1366 1450 1424 debet,
1489 1367 1623 1429 quod
1658 1366 1801 1430 Jesus
1837 1375 2003 1414 noster
2038 1367 2100 1415 sit
2120 1367 2258 1415 Deus
2293 1374 2343 1415 et

587 1447 751 1505 homo,
778 1455 830 1494 ut
855 1456 984 1510 patet
1020 1463 1080 1495 ex
1118 1448 1363 1510 scripturis
1401 1448 1585 1496 collatis
1622 1449 1684 1496 ad
1709 1449 1930 1506 invicem,
1956 1456 2008 1496 ut
2044 1447 2284 1511 Johannis
2309 1448 2339 1496 i.

586 1538 633 1577 et
673 1530 852 1591 Ephes.
890 1531 917 1576 i.
956 1538 1000 1577 et
1044 1529 1254 1577 Hebrae.
1300 1529 1366 1576 ii}
1452 1528 1597 1576 Unde
1642 1537 1887 1591 reputatur
1928 1529 2061 1592 quod
2105 1529 2338 1577 calliditas

588 1611 764 1658 diaboli
803 1612 884 1658 diu
920 1611 1097 1659 studuit
1138 1611 1264 1659 circa
1299 1612 1439 1660 istam
1475 1610 1728 1668 fallaciam,
1752 1619 1803 1658 ut
1839 1611 2095 1659 ecclesiam
2123 1611 2175 1658 in
2209 1610 2344 1659 hane>

587 1692 824 1739 haeresim
867 1693 1155 1749 introducat,
1195 1693 1332 1754 cujus
1377 1708 1524 1740 causa
1565 1700 1637 1740 est
1679 1691 1838 1754 quod5
1873 1692 2072 1754 praelati
2108 1692 2343 1741 ecclesiae*

589 1788 691 1820 non
739 1774 1006 1820 secundum
1055 1773 1411 1821 ordinationem
1462 1773 1638 1821 Christi
1685 1773 2056 1835 praeferuntur⁶,
2105 1789 2198 1824 nec
2245 1774 2340 1822 sint
2420 1772 2422 1774 ’
2480 1776 2482 1778 ’

589 1863 786 1917 propter
809 1854 968 1916 legem
994 1854 1255 1902 antichristi
1279 1855 1329 1901 in
1353 1855 1459 1916 lege
1484 1854 1687 1902 Domini
1722 1855 1936 1912 studiosi,
1963 1870 2020 1902 ac
2045 1855 2084 1903 si
2115 1854 2338 1907 diabolus

590 1936 944 1984 machinaretur
967 1938 1108 1984 istam
1135 1939 1449 1999 sententiam;
1495 1941 1505 1961 ‘
1523 1938 1561 1984 si
1580 1952 1783 1998 possum
1808 1952 1895 1998 per
1918 1952 2083 1985 meum
2106 1937 2338 1985 vicarium

591 2018 919 2064 antichristum
947 2017 1008 2064 ad
1032 2025 1219 2064 tantum
1245 2018 1473 2065 seducere
1499 2017 1664 2066 fideles
1689 2017 1936 2075 ecclesiae,
1961 2026 2014 2066 ut
2038 2027 2218 2080 negent
2241 2018 2341 2066 hoc

591 2106 946 2146 sacramentum
988 2114 1093 2146 esse
1142 2114 1335 2161 panem,
1379 2099 1465 2146 sed
1507 2099 1705 2146 credant
1746 2099 1907 2160 ipsum
1956 2114 2062 2146 esse
2111 2099 2339 2150 accidens

590 2180 800 2226 maxime
835 2179 1206 2237 abhominabile,
1233 2195 1319 2241 per
1353 2180 1482 2228 idem
1516 2180 1743 2227 inducam
1775 2179 1853 2227 ut⁷
1877 2180 2074 2228 credant
2098 2181 2339 2242 posterius

590 2261 821 2323 quidquid
862 2260 1112 2319 voluero⁸,·'
1155 2276 1266 2308 cum
1303 2261 1422 2308 fides
1462 2262 1721 2323 scripturae
1757 2269 1804 2309 et
1840 2276 2010 2310 sensus
2043 2261 2334 2310 manifestus

589 2341 801 2389 hominis
837 2342 951 2389 illud
988 2342 1177 2389 docent.
1251 2342 1357 2391 Nec
1393 2342 1601 2390 videtur⁹
1639 2343 1757 2404 quin
1795 2358 1883 2405 per
1923 2342 2087 2391 locum
2128 2359 2157 2391 a
2198 2343 2338 2391 simili

591 2423 885 2485 simplicibus
934 2423 1154 2470 fidelibus
1202 2432 1368 2485 posset
1417 2424 1524 2481 dici,
1563 2425 1698 2485 quod
1739 2424 2184 2486 quomodocunque
2227 2425 2339 2476 vivit

590 2504 828 2565 praelatus
876 2504 1148 2551 luxuriosus
1190 2504 1435 2552 homicida
1483 2505 1777 2552 simoniacus
1822 2505 1896 2552 vel
1943 2505 2076 2552 aliter
2121 2501 2369 2564 vitiosus,

590 2600 840 2646 nunquam
881 2585 996 2633 illud
1038 2601 1066 2632 a
1109 2586 1325 2648 subjecto
1367 2586 1550 2648 populo
1591 2586 1734 2633 debet
1771 2586 1915 2634 credi.
1986 2585 2336 2636 Verumtamen

589 2666 704 2713 illud
730 2682 758 2713 a
783 2667 1009 2729 subjectis
1036 2667 1218 2714 clericis
1251 2675 1443 2729 oportet
1475 2675 1671 2729 propter
1704 2668 1890 2715 lucrum
1919 2668 2084 2730 judicii
2108 2669 2335 2727 amoveri,

590 2748 676 2795 sed
712 2748 772 2795 de
808 2763 936 2810 papa
970 2756 1161 2811 oportet
1196 2748 1323 2796 istud
1360 2763 1636 2811 supponere
1672 2756 1903 2811 tanquam
1927 2749 2087 2806 fidem,
2113 2749 2336 2798 scilicet¹⁰

590 2829 723 2891 quod
747 2844 849 2876 non
874 2837 1010 2888 errat,
1038 2837 1086 2876 et
1112 2830 1378 2891 specialiter
1401 2830 1451 2876 in
1475 2829 1570 2877 fide
1603 2830 1848 2888 ecclesiae,
1875 2830 2098 2878 scilicet¹⁰
2129 2846 2241 2882 cum
2275 2832 2334 2879 sit

589 2917 724 2972 pater
747 2897 1065 2968 beatissimus,
1093 2911 1226 2973 quod
1258 2925 1360 2958 non
1392 2918 1575 2972 peccat,
1610 2910 1776 2958 sicut11
1807 2911 1993 2959 videtur
2022 2911 2138 2959 illud
2169 2912 2334 2974 expla-

589 2999 757 3039 natum
795 2993 1012 3053 superius
1061 2991 1233 3039 Matth.
1272 2991 1414 3048 xxiv„
1453 2995 1593 3039 ‘cum
1636 2992 1844 3039 videritis
1886 2992 2332 3041 abhominationem

589 3072 899 3120 desolationis
933 3073 1099 3120 sedere
1135 3074 1185 3119 in
1217 3073 1326 3120 1060
1365 3071 1563 3129 sancto‚'
1597 3073 1646 3119 in
1681 3072 1919 3121 haeresim
1955 3073 2016 3121 de
2051 3074 2140 3122 ista
2175 3074 2334 3123 hostia

589 3156 872 3202 redundare.
933 3154 1066 3213 Quid
1090 3169 1273 3217 quaeso
1298 3155 1455 3216 major
1480 3153 1813 3202 abhominatio
1833 3154 2160 3214 desolationis,
2180 3170 2330 3218 quam

642 3283 656 3306 ¹
685 3282 919 3335 figurativa]
941 3282 1127 3335 figurata,
1147 3283 1209 3323 ed.
1230 3295 1291 3335 pr.
1413 3282 1428 3304 ²
1457 3282 1669 3334 catholici]
1691 3282 1906 3330 catholica,
1926 3283 2080 3324 A.B.C.
2203 3284 2218 3306 ³
2245 3297 2330 3324 non

587 3336 890 3376 habebitis—in
909 3337 1047 3389 vobis]
1070 3350 1152 3376 om.
1173 3337 1226 3376 A.
1247 3337 1311 3376 ed.
1332 3349 1393 3388 pr.
1409 3351 1419 3382 ;
1449 3336 1499 3376 cf.
1520 3336 1614 3389 Joh.
1635 3337 1689 3376 vi.
1712 3347 1776 3387 53.
2067 3336 2084 3360 ¹
2113 3337 2244 3378 Hebr.
2264 3338 2330 3390 ii.]

590 3391 718 3430 Hebr.
739 3391 779 3436 1.,
802 3391 853 3430 ed
884 3404 945 3443 pr.
1056 3392 1070 3414 ⁵
1097 3391 1226 3443 quod]
1248 3396 1294 3431 ut
1309 3391 1431 3443 quod,
1446 3391 1517 3435 C.;
1546 3397 1603 3436 ut,
1624 3390 1670 3429 Β.
1687 3391 1887 3431 secundae
1901 3403 2058 3431 manuS.
2167 3391 2184 3415 ⁶
2210 3405 2326 3444 prae-

587 3443 787 3496 feruntur]
809 3445 1098 3496 praeferantur,
1122 3445 1168 3483 B.
1277 3444 1293 3467 ⁷
1320 3445 1385 3496 ut]
1408 3445 1531 3496 quod,
1552 3445 1598 3484 B.
1620 3445 1683 3484 ed.
1704 3458 1764 3498 pr„
1887 3445 1902 3468 ⁸
1929 3445 2118 3497 voluero]
2139 3445 2249 3493 volo,
2271 3446 2326 3486 D.

586 3497 601 3519 ⁹
630 3499 807 3550 videtur]
830 3512 981 3543 verum,
1003 3499 1048 3537 B.
1070 3499 1226 3551 primae
1246 3512 1402 3543 manus,
1423 3499 1485 3538 ed.
1506 3512 1568 3551 pr.
1820 3499 1853 3522 ²⁰
1881 3499 2054 3551 scilieet]
2076 3500 2160 3546 sed,
2180 3500 2244 3540 ed.
2265 3513 2326 3552 pr.

586 3551 614 3573 ¹¹
646 3552 768 3603 sicut]
791 3558 830 3591 et
854 3553 926 3596 sic,
948 3553 1010 3592 ed.
1033 3566 1094 3605 pr.
2205 3579 2211 3582 -
