2436 4094
165 440 294 475 eamq.
751 417 1317 469 TRIALOGUS.

165 552 217 602 in
248 553 360 603 Deo
391 559 504 602 sunt
534 566 774 616 personae
783 548 815 612 ¹,
843 554 957 617 quia
988 568 1172 602 nornen
1204 567 1444 617 personae
1477 553 1726 600 inventum
1759 557 1833 599 est
1863 565 1924 598 ex
1986 565 2034 592 De
2048 564 2177 591 notione

1984 605 2186 639 personafuln

166 634 402 685 concordi
432 642 480 683 et
507 634 769 697 magistrali
803 636 1040 684 sententia
1048 635 1079 694 2,
1105 636 1166 684 ad
1199 635 1571 699 significandum
1594 634 1724 682 illam
1749 632 1920 680 ineffa-
1984 631 2224 694 Qssiss‘gg‘gnaefie

166 717 312 766 bilem
341 716 629 764 trinitatem:
680 716 987 779 quaesierunt
1011 718 1142 765 enim
1167 717 1407 775 haeretici,
1435 731 1560 780 quae
1583 724 1681 764 tres
1712 729 1789 762 res
1815 721 1928 762 sunt

166 799 318 858 Deus,
354 798 470 860 quia
504 806 851 860 conceperunt,
878 799 1015 861 quod
1051 808 1162 847 sunt
1196 807 1292 848 tres
1324 799 1619 847 substantiae
1643 796 1719 844 vel
1742 811 1818 844 res
1855 810 1928 843 se-

167 880 406 946 parabiles
429 880 480 927 in
503 887 675 928 natura
688 895 701 939 3
739 888 787 927 et
813 889 926 928 tunc
951 896 1013 928 ex
1043 880 1263 929 unicordi
1289 881 1494 929 consilio
1520 879 1701 927 invenit
1725 877 1930 925 ecclesia

168 977 353 1011 nomen
389 975 644 1024 personae,
683 961 973 1020 concedens,
1012 962 1146 1025 quod
1185 971 1432 1011 suntctres
1468 976 1707 1024 personae
1748 968 1796 1008 et
1833 973 1932 1007 una

170 1044 448 1095 substantia.
521 1041 699 1092 Graeci
725 1052 887 1092 autern
912 1045 1312 1106 aequivocantes³
1335 1043 1626 1101 concedunt,
1653 1042 1789 1106 quod
1823 1048 1934 1090 sunt

114 1141 117 1143 ’
166 1134 269 1182 tres
303 1111 636 1189 ‘hypostases'
675 1125 772 1173 sive
807 1127 1115 1185 substantiae,
1142 1135 1188 1174 et
1222 1128 1289 1176 sic
1323 1123 1532 1174 nomen4
1555 1125 1830 1188 hypostasis
1862 1131 1935 1171 est

171 1207 495 1271 aequivocum
541 1206 672 1270 apud
717 1207 838 1256 illos.
930 1207 1028 1256 Sed
1069 1210 1191 1257 absit
1233 1224 1294 1257 ex
1334 1209 1436 1257 istis
1482 1207 1674 1256 fidelem
1717 1206 1929 1263 credere,

173 1289 309 1352 quod
331 1296 503 1338 natura
539 1289 701 1338 divina
734 1290 794 1337 sit
824 1291 947 1337 trine
980 1290 1348 1349 dimensionata,
1379 1289 1610 1348 visibilis⁵‚
1641 1289 1716 1337 vel
1748 1287 1935 1336 habens

173 1369 452 1436 'passionem
500 1370 738 1434 aliquam⁶
783 1371 1132 1434 imperfectam.
1228 1372 1438 1435 Oportet
1483 1373 1616 1419 enim
1664 1385 1839 1434 capere
1886 1368 1937 1415 in

174 1453 367 1512 minori,
399 1452 536 1516 quod
568 1452 793 1502 effectus⁷
825 1454 997 1517 aliquis
1031 1469 1135 1502 non
1170 1462 1336 1517 posset
1372 1469 1478 1502 esse
1515 1452 1807 1516 hujUsmodi‚
1845 1449 1939 1498 nisi

176 1533 314 1585 Deus
358 1534 636 1583 naturaliter
682 1534 806 1584 foret
850 1535 974 1584 talis.
1061 1535 1158 1583 Sed
1205 1535 1323 1599 quid
1362 1535 1739 1598 impossibilius?
1811 1532 1939 1581 Cum

172 1617 312 1682 juxta
343 1616 473 1666 dicta
501 1616 622 1666 tales
654 1617 973 1680 proprietates
1005 1626 1204 1680 propter
1235 1617 1656 1680 imperfectionem
1688 1631 1791 1664 non
1824 1630 1939 1678 pos-

177 1707 292 1750 sunt
308 1698 421 1748 Deo
439 1699 613 1748 inesse.
646 1733 658 1738 -
677 1699 800 1748 Ideo
818 1699 940 1748 foret
958 1700 1103 1748 nimis
1123 1699 1330 1747 simealis
1349 1698 1625 1756 similitudo,
1647 1696 1938 1746 concludere

178 1781 484 1847 syllogistice,
509 1781 593 1830 ubi
618 1781 925 1844 syllogismus
956 1788 1130 1845 peccat
1161 1782 1212 1828 in
1245 1781 1445 1828 materia
1469 1780 1530 1827 de
1553 1779 1730 1827 minori
1755 1779 1938 1840 impos-

179 1863 319 1925 sibili,
353 1862 644 1912 concludere
675 1878 763 1926 per
794 1862 959 1912 locum
991 1878 1020 1912 a
1053 1862 1207 1911 simili.
1277 1860 1342 1909 Et
1373 1861 1457 1909 ubi
1494 1860 1802 1923 syllogismus
1838 1874 1942 1907 non

179 1954 354 2011 peccat
390 1945 442 1994 in
482 1945 683 1994 materia
723 1960 815 1993 nec
851 1945 902 1992 in
938 1945 1111 2003 forma,
1154 1943 1241 1992 sed
1275 1944 1360 1992 ubi
1402 1943 1636 1992 conclusa
1671 1942 1942 2005 proprietas

181 2027 459 2079 naturaliter
481 2027 593 2076 Deo
617 2028 755 2086 inest,
783 2027 964 2076 scilicet
988 2026 1123 2090 quod
1147 2026 1318 2074 melius
1343 2033 1416 2073 est
1441 2024 1621 2088 aliquid
1646 2039 1753 2072 esse
1778 2023 1942 2087 hujus-

181 2111 334 2172 modi,
357 2126 506 2175 quam
530 2119 603 2159 est
626 2111 806 2174 aliquid
829 2125 932 2158 non
956 2126 1062 2159 esse
1086 2108 1381 2173 hujusmodi,
1406 2116 1458 2156 ut
1483 2107 1683 2156 docetur
1709 2107 1942 2170 superius,

183 2202 237 2243 ut
274 2194 313 2243 si
346 2193 554 2242 infidelis
591 2193 750 2256 capiat
786 2207 965 2256 corpus
1001 2207 1107 2240 esse
1142 2192 1265 2240 trine
1301 2191 1725 2247 dimensionatum‚
1764 2189 1948 2237 scilicet-

183 2275 390 2340 longum
423 2275 574 2324 latum
599 2283 646 2324 et
670 2274 982 2338 profundum,
1009 2282 1056 2322 et
1088 2289 1192 2322 non
1225 2281 1393 2337 posset
1426 2288 1533 2321 esse
1566 2271 1723 2320 taliter
1756 2272 1944 2320 dimen-

186 2359 444 2417 sionatum‚
468 2357 560 2407 nisi
585 2357 738 2407 deitas
761 2356 926 2406 fuerit⁸
951 2356 1105 2405 taliter
1137 2355 1508 2413 dimensionata,
1534 2368 1653 2418 ergo
1687 2352 1839 2402 deitas
1872 2362 1944 2401 est

185 2440 336 2503 longa
367 2439 463 2489 lata
495 2447 543 2488 et
565 2438 823 2503 profunda.
898 2438 996 2487 Sed
1021 2446 1223 2497 constat,
1244 2438 1380 2501 quod
1398 2436 1552 2485 fidelis
1578 2437 1692 2485 satis
1710 2435 1942 2499 pensare⁹

187 2521 364 2586 poterit
401 2520 463 2570 de
499 2522 789 2584 probatione
829 2521 1056 2569 haeretici
1094 2521 1145 2567 in
1183 2520 1374 2577 minori,
1414 2519 1633 2582 quamvis
1674 2517 1944 2580 Apostolus

189 2603 317 2653 dicat
341 2603 402 2652 de
426 2601 552 2662 De0,
579 2602 714 2666 quod
737 2603 827 2652 sibi
851 2603 1016 2663 insunt
1041 2602 1243 2650 latitudo
1267 2600 1524 2663 longitudo
1557 2599 1862 2662 profunditas
1896 2606 1944 2646 et

190 2684 516 2744 sublimitas10,
541 2693 709 2733 tamen
733 2684 847 2732 satis
873 2684 1136 2746 aequivoce
1162 2683 1384 2744 intelligit
1408 2681 1468 2728 de
1493 2681 1594 2729 istis
1627 2689 1868 2743 quattuor,
1890 2688 1943 2729 ut

189 2776 322 2832 patet
346 2767 706 2830 exponentibus
738 2781 933 2814 sensum
967 2780 1120 2814 suum.
1190 2763 1279 2813 Est
1311 2771 1472 2812 autem
1494 2777 1679 2810 nomen
1702 2777 1942 2825 personae

191 2849 487 2912 descriptum
510 2848 641 2911 apud
659 2848 848 2906 multos,
869 2847 952 2910 qui
970 2846 1247 2896 concedunt
1270 2845 1550 2908 aequivoce,
1569 2844 1680 2892 licet
1704 2843 1941 2906 quodam-

191 2932 344 2981 modo
379 2930 631 2994 analogice
654 2929 790 2979 Deus
827 2931 886 2978 sit
921 2943 1133 2994 persona
1168 2943 1280 2976 cum
1315 2925 1537 2990 personis
1573 2925 1860 2988 angelorum
1896 2933 1943 2974 et

191 3013 461 3063 hominum.
529 3012 676 3061 Unde
702 3013 882 3070 dicunt,
901 3011 1035 3075 quod
1059 3025 1269 3074 persona
1287 3018 1359 3058 est
1381 3007 1627 3056 rationalis
1650 3015 1847 3056 naturae
1871 3007 1944 3055 in-

194 3095 612 3145 communicabilis
647 3094 911 3152 existentia,
949 3093 1084 3157 quod
1119 3107 1222 3140 non
1257 3099 1418 3154 potest
1454 3090 1616 3138 deitati
1652 3096 1945 3151 competere,

196 3193 308 3232 cum
345 3177 498 3226 deitas
533 3177 921 3226 communicatur
957 3175 1232 3223 necessario
1269 3174 1419 3221 tribus
1453 3170 1640 3219 rebus¹1
1656 3187 1668 3229 ;
1714 3171 1947 3233 competit

252 3312 265 3336 ¹
295 3312 513 3367 personae]
535 3318 616 3352 tres
636 3301 847 3365 personae,
868 3310 1023 3351 A.B.C.
1043 3310 1105 3350 ed.
1127 3323 1187 3362 pr.
1273 3308 1288 3331 ²
1316 3307 1539 3360 magistrali
1561 3307 1779 3360 sententia]
1802 3320 1948 3361 magna

195 3369 390 3413 sententia,
411 3367 484 3413 B.;
505 3379 652 3419 magna
673 3368 866 3419 angustia,
888 3366 950 3405 ed.
972 3378 1031 3417 pr.
1053 3377 1145 3404 cum
1166 3364 1218 3403 A.
1240 3363 1439 3403 secundae
1458 3375 1615 3407 manus,
1638 3362 1692 3400 D.
1767 3362 1782 3385 ⁸
1810 3361 1948 3415 aequi-

196 3421 411 3474 vocantes]
441 3421 759 3473 aequivocando,
789 3420 852 3460 ed.
882 3433 942 3472 pr.
972 3432 1065 3460 eum
1095 3418 1201 3459 C.D.
1367 3416 1381 3439 ⁴
1409 3416 1579 3468 nomen]
1609 3423 1766 3462 natura,
1795 3417 1858 3456 ed.
1887 3430 1948 3469 pr.

195 3475 211 3500 ⁶
239 3475 428 3528 visibilis]
449 3475 623 3522 risibilis,
644 3475 707 3515 ed.
728 3488 788 3527 pr.
864 3474 879 3497 ⁶
907 3473 1103 3526 aliquam]
1125 3473 1316 3518 animam,
1333 3471 1394 3511 ed.
1416 3484 1476 3524 pr.
1486 3483 1583 3511 cum
1605 3471 1649 3510 B.
1719 3470 1734 3494 ⁷
1762 3470 1947 3524 effectus]

199 3530 380 3575 affectus,
399 3530 462 3570 ed.
484 3543 544 3582 pr.
711 3531 726 3553 ⁸
753 3528 892 3580 fuerit]
914 3528 1031 3573 foret,
1054 3528 1105 3567 A.
1275 3525 1292 3549 ⁹
1320 3525 1508 3578 pensare]
1530 3538 1713 3578 pausare,
1735 3526 1782 3566 C.
1804 3525 1866 3566 ed.
1889 3539 1949 3578 pr.

199 3583 233 3609 ¹⁰
261 3585 365 3638 Eph.
386 3584 443 3624 iii.
472 3584 649 3624 1¹⁴.-ed.
671 3597 730 3637 pr.
750 3597 829 3623 om.
840 3584 1095 3635 profunditas.
1193 3581 1217 3603 ¹¹
1250 3580 1378 3620 tribus
1398 3580 1537 3632 rebus]
1560 3580 1601 3619 in
1616 3579 1744 3620 tribus
1757 3580 1889 3626 rebus,
1903 3580 1949 3620 B.
