2462 4114
371 420 478 472 334

1043 400 1467 466 JOANNIS
1537 402 1888 451 WICLIF
2202 421 2357 451 Lmrv.

607 553 707 584 non
740 536 1008 599 specificat¹
1043 537 1370 584 infirmitatem
1399 535 1607 592 finalem,
1634 534 1722 582 sed
1755 535 2140 583 consolationem
2172 533 2354 583 facien-

607 619 718 664 dam
755 633 783 665 a
816 619 1114 680 presbytero,
1152 617 1269 664 dum
1306 618 1476 679 aliquis
1511 617 1803 674 infirmatur;
1860 624 1907 663 et
1942 616 2056 678 quia
2097 631 2186 678 per
2225 615 2353 664 viam

606 708 800 746 naturae
842 699 1004 746 oleum
1045 699 1333 747 habundans
1375 699 1425 745 in
1466 698 1555 745 illis
1602 698 1817 761 partibus
1857 697 1981 745 valet
2029 697 2092 745 ad
2138 697 2356 759 corporis

606 781 874 828 sanitatem.
945 780 1066 828 Ideo
1114 781 1259 827 talem
1306 780 1526 827 meminit
1572 779 1868 836 unctionem,
1910 794 2014 826 non
2059 778 2194 841 quod
2238 777 2355 826 illud

606 861 766 909 oleum
792 869 903 923 agat
922 862 972 909 in
997 863 1223 919 animam,
1246 862 1331 909 sed
1356 862 1469 923 quia
1493 861 1644 909 oratio
1669 860 1823 908 effusa
1846 876 1875 907 a
1899 860 2150 908 sacerdote
2176 859 2352 908 devoto

605 942 809 990 mediat2
841 944 1151 1006 quandoque,
1185 951 1237 990 ut
1260 943 1396 991 Deus
1428 942 1678 990 infirmati3
1711 943 1899 990 animae
1933 942 2232 1004 suffragetur.
2303 941 2354 989 Si

604 1025 734 1071 enim
758 1026 847 1072 ista
871 1026 1137 1087 corporalis
1162 1026 1326 1073 unctio
1352 1025 1474 1073 foret
1498 1032 1869 1082 sacramentum,
1889 1031 1943 1071 ut
1966 1023 2117 1072 modo
2142 1023 2352 1086 fingitur,

606 1105 782 1153 Christi
820 1114 867 1153 et
902 1107 1031 1169 ejus4
1066 1107 1272 1169 apostoli
1313 1108 1417 1169 ejus
1457 1106 1897 1168 promulgationem
1935 1113 1983 1153 et
2016 1105 2356 1153 executionem

604 1187 814 1234 debitam
839 1203 940 1235 non
959 1195 1185 1237 tacerent.
1246 1188 1481 1236 Concedo
1507 1195 1672 1235 tamen
1696 1187 1794 1245 tibi,
1815 1186 1950 1248 quod
1975 1187 2066 1234 ista
2089 1185 2354 1248 corporalis

603 1269 766 1315 unctio
791 1277 864 1316 est
897 1269 1135 1331 aliquibus
1168 1270 1368 1317 caeteris
1401 1270 1597 1331 paribus
1631 1276 2003 1325 sacramentum,
2030 1267 2141 1316 sed¹⁵
2164 1275 2356 1330 oportet

602 1360 729 1409 tunc,
756 1353 892 1414 quod
921 1354 1186 1415 presbyteri
1218 1349 1518 1401 mereantur6
1543 1352 1641 1399 suis
1674 1351 1857 1421 devotis
1891 1351 2191 1398 orationibus
2222 1348 2354 1397 infir-

606 1436 760 1482 matis.
823 1434 952 1483 Cave
971 1444 1136 1483 tamen
1154 1451 1217 1483 ne
1242 1435 1384 1483 nimis
1409 1434 1596 1489 leviter⁷
1614 1435 1759 1482 verba
1780 1433 1989 1496 apostoli
2015 1434 2084 1481 sic
2103 1432 2359 1495 intelligas·

607 1516 751 1564 Potes
791 1516 947 1564 enim⁸
990 1517 1053 1563 ad
1094 1525 1282 1564 tantum
1325 1531 1479 1564 errare
1520 1524 1573 1563 ut
1615 1516 1798 1572 credas,
1842 1515 1975 1577 quod
2014 1530 2074 1563 eo
2112 1516 2220 1578 ipso
2258 1529 2358 1577 quo

606 1598 834 1645 sacerdos
876 1599 1078 1645 oraverit
1119 1614 1208 1660 pro
1251 1599 1459 1656 infirmo,
1505 1598 1543 1646 si
1586 1597 1783 1659 aliquod
1824 1605 2085 1659 peccatum
2125 1597 2359 1655 habuerit,

605 1679 879 1736 remittetur,
901 1695 1012 1727 cum
1037 1688 1200 1727 tamen
1224 1680 1358 1727 multi
1383 1679 1684 1726 infirmantur
1709 1679 1898 1741 saepius
1923 1686 1970 1726 et
1995 1693 2141 1741 saepe
2165 1692 2360 1740 ungun-

604 1768 692 1817 tur,
730 1761 810 1822 qui
853 1761 916 1808 ad
955 1761 1318 1809 damnationem
1355 1769 1640 1823 perpetuam
1682 1767 1792 1807 sunt
1832 1760 2069 1822 praesciti.
2139 1758 2249 1808 Nec
2285 1766 2363 1808 est

606 1841 902 1888 credendum
944 1842 1077 1903 quod
1115 1843 1165 1888 in
1207 1850 1444 1904 quantum
1485 1843 1733 1904 presbyter
1772 1841 1840 1889 sic
1878 1841 2005 1899 facit,
2048 1841 2205 1889 oratio
2244 1855 2361 1889 suae

608 1921 718 1968 fidei
760 1922 960 1969 salvabit
999 1923 1259 1980 infirmum,
1300 1939 1412 1970 cum
1454 1931 1568 1970 tunc
1610 1922 1734 1970 foret
1775 1922 1899 1970 fides
1941 1922 2186 1980 ecclesiae,
2225 1921 2360 1985 quod

607 2002 882 2063 quicunque
923 2003 972 2049 in
1016 2004 1241 2051 extremis
1283 2005 1411 2051 istud
1452 2003 1712 2066 receperit⁹
1756 2011 2124 2061 sacramentum,
2162 2018 2224 2051 ex
2265 2003 2361 2051 fide

609 2083 785 2131 Christi
810 2085 1078 2143 salvabitur,
1099 2093 1146 2132 et
1169 2094 1283 2132 tunc
1307 2086 1429 2133 foret
1447 2101 1636 2133 summe
1661 2084 2031 2132 necessarium²⁰
2048 2085 2172 2132 inter
2194 2085 2363 2133 omnia

610 2173 925 2222 sacramenta,
947 2181 1058 2213 curn
1084 2166 1322 2228 recipiens
1343 2167 1433 2214 alia
1458 2175 1619 2229 potest
1646 2166 1879 2214 decedere
1889 2165 1923 2192 ¹¹
1948 2166 2151 2214 finaliter
2173 2166 2362 2229 impoe-

610 2244 767 2290 nitens
793 2252 840 2291 et
865 2244 1184 2304 damnandus,
1212 2254 1258 2294 et
1284 2248 1350 2294 sie
1376 2255 1532 2309 potest
1557 2247 1752 2294 indubie
1786 2247 1913 2294 istud
1943 2247 2179 2309 recipiens
2203 2261 2361 2295 sacra-

610 2333 841 2372 mentum.
913 2325 1033 2373 Ideo
1061 2328 1205 2375 debet
1230 2330 1533 2391 subintelligi,
1560 2330 1694 2391 quod
1719 2328 1758 2376 si
1789 2328 2028 2387 sacerdos,
2054 2343 2200 2391 quem
2224 2326 2361 2376 Deus

611 2407 674 2454 ad
707 2407 1017 2455 salvationem
1051 2410 1227 2456 infirmi
1260 2411 1327 2458 sic
1358 2411 1611 2468 ordinavit,
1638 2410 1947 2458 conformiter
1970 2411 2032 2458 ad
2064 2411 2204 2458 istam
2232 2411 2361 2458 ordi-

612 2488 861 2535 nationem
894 2488 988 2535 Dei
1021 2492 1237 2549 oraverit,
1271 2500 1386 2539 tunc
1421 2492 1675 2540 salvabitur
1706 2492 1858 2539 taliter
1889 2492 2171 2540 infirmatus.
2242 2491 2360 2539 Non

612 2568 741 2614 enim
766 2576 838 2615 est
873 2568 1006 2627 fides,
1034 2570 1118 2617 sed
1154 2571 1204 2618 in
1239 2587 1355 2619 casu
1391 2587 1514 2634 spes,
1541 2571 1673 2634 quod
1708 2573 1796 2619 iste
1822 2572 2047 2620 sacerdos
2076 2572 2357 2630 salvabitur3

612 2649 862 2709 quomodo
896 2665 1013 2712 ergo
1046 2651 1169 2699 foret
1201 2652 1320 2700 fides
1354 2655 1647 2716 presbytero,
1674 2653 1807 2715 quod
1838 2654 1926 2701 iste
1955 2653 2172 2701 infirmus
2205 2653 2358 2700 salva-

610 2730 748 2787 bitur,
775 2738 822 2777 et
847 2733 1116 2793 specialiter
1139 2749 1253 2781 cum
1278 2735 1552 2783 sacerdotes
1576 2736 1852 2797 regulariter
1882 2743 2044 2782 carent
2066 2734 2356 2782 revelatione

611 2810 670 2858 de
718 2812 978 2860 salvatione
1027 2815 1215 2864 infirmi.
1286 2816 1348 2864 Et
1396 2817 1462 2864 sic
1508 2818 1559 2863 in
1602 2825 1904 2864 sacramento
1949 2816 2266 2879 baptismatis,
2308 2817 2359 2863 in

610 2902 912 2941 sacramento
948 2896 1325 2945 confirmationis
1362 2905 1409 2945 et
1441 2899 1624 2945 cunctis
1660 2898 1762 2945 aliis
1799 2897 2100 2945 antichristus
2135 2898 2252 2945 ritus
2287 2898 2360 2945 in-

610 2974 880 3023 fundabiles
922 2977 1179 3035 adinvenit,
1224 2987 1270 3025 et
1311 2979 1374 3025 ad
1410 2993 1535 3026 onus
1574 2979 1805 3026 ecclesiae
1847 2987 1982 3026 extra
2023 2978 2170 3025 fidem
2211 2979 2362 3041 scrip-

609 3065 741 3103 turae
781 3072 924 3118 supra
959 3057 1125 3105 fideles
1161 3059 1380 3106 subditos
1417 3059 1687 3117 cumulavit,
1727 3067 2030 3106 sacramenta
2071 3067 2233 3106 autem
2267 3059 2359 3107 alia

663 3205 677 3228 1
707 3203 933 3256 specificat]
955 3206 1201 3256 specivocat,
1221 3207 1284 3245 ed.
1305 3220 1366 3258 pr.
1643 3206 1660 3229 ²
1688 3207 1857 3260 mediat]
1878 3207 2070 3254 medicat,
2090 3208 2195 3248 A.C.
2213 3207 2276 3247 ed.
2297 3221 2359 3261 pr.

650 3258 861 3311 infirmati]
882 3258 1124 3305 infirmitati,
1147 3260 1193 3299 B.
1214 3261 1370 3312 primae
1389 3274 1547 3307 manus,
1568 3261 1632 3300 ed.
1654 3274 1716 3313 pr.
1934 3261 1950 3284 ⁴
1975 3261 2079 3314 ejus]
2102 3262 2237 3307 ceteri,
2259 3261 2358 3302 B.C.

611 3313 673 3351 ed.
694 3326 755 3363 pr.
973 3313 989 3335 ⁵
1018 3314 1109 3366 sed]
1131 3320 1183 3360 et,
1204 3315 1360 3355 A.B.C.
1593 3315 1609 3337 ⁶
1637 3315 1887 3368 mereantur]
1908 3322 2168 3361 mererentur,
2189 3315 2251 3355 ed.
2271 3329 2332 3368 pr.
2350 3330 2359 3361 ;

610 3372 826 3412 merentur,
847 3367 1002 3407 A.B.C.
1167 3368 1182 3391 ⁷
1209 3368 1370 3420 leviter]
1391 3368 1490 3408 levis
1506 3368 1659 3414 leviter,
1680 3370 1743 3409 ed.
1762 3383 1826 3421 pr.
2017 3370 2033 3392 ⁸
2061 3369 2188 3421 enim]
2210 3375 2360 3416 tamen,

611 3420 672 3458 ed.
694 3434 754 3471 pr.
938 3422 952 3444 ⁹
983 3422 1198 3474 receperit]
1221 3423 1385 3475 recepit,
1407 3423 1478 3468 B.;
1510 3424 1717 3475 reciperet,
1741 3424 1794 3462 D.
1815 3423 1877 3463 ed.
1900 3437 1961 3476 pr.
2145 3424 2176 3446 ¹⁰
2203 3436 2361 3463 summe

611 3474 898 3526 necessarium]
930 3476 1315 3522 necessarissimum,
1335 3477 1437 3516 AB.
1464 3479 1618 3528 primae
1646 3491 1803 3523 manus,
1824 3478 1904 3524 D.;
1945 3477 2358 3522 necessitatissimum‚

582 3557 584 3587 [
612 3527 673 3564 ed.
695 3540 753 3578 pr.
893 3529 921 3552 ¹¹
952 3530 1165 3582 decedere]
1188 3531 1385 3577 decidere,
1407 3531 1560 3570 A.B.C.
1582 3531 1644 3571 ed.
1668 3545 1728 3583 pr.

607 3257 622 3279 3
