2436 4094
708 331 1476 383 PROLEGOME'NA.
1988 344 2048 384 21

71 500 79 516 .-
131 471 315 531 μυῖαι.
408 462 655 522 Viennam
709 465 817 514 illos
871 482 933 515 ex
980 466 1122 516 variis
1169 465 1437 516 Bohemiae
1485 464 1717 523 claustriS,
1767 464 2058 529 imperatore

8 587 9 590 κ
46 583 49 598 ;
129 552 362 625 Josepho
371 553 424 602 H
449 553 631 612 solutiS,
657 553 827 603 allatos
851 569 958 604 esse
982 555 1082 604 veri
1107 554 1261 604 simile
1285 562 1372 604 est.

133 677 140 701 2
198 639 424 703 Quatuor
458 641 523 690 illi
553 641 676 701 libri,
713 643 796 705 qui
831 643 1121 706 Trialogum
1156 643 1400 702 exhibent,
1437 657 1529 691 nec
1567 656 1672 691 non
1714 642 1793 691 alii
1835 643 2058 707 ejusdem

79 752 81 754 ·
129 730 340 796 generis,
360 731 424 779 ab
446 728 759 794 Imperatoris
778 729 1002 780 Austriae
1026 732 1256 781 ministris
1279 731 1499 795 publiciS,
1519 731 1781 794 interprete
1808 730 2054 780 Saxoniae

2 851 3 854 =
73 830 82 865 ξ
127 819 294 883 regiae
323 818 544 867 ministro
576 818 720 866 rebus
752 819 1084 869 ecclesiasticis
1117 828 1261 884 atque
1294 819 1593 869 scholasticis
1628 818 1922 884 praepositO,
1955 820 2059 870 viro

10 925 16 934 ¹
128 906 398 959 clarissimo
423 907 476 954 de
497 905 809 966 Falkenstez'n,
836 922 1028 956 summa
1051 923 1164 957 cum
1187 908 1469 957 liberalitate
1494 908 1557 957 ad
1589 916 1782 972 tempus
1815 907 2059 958 sufficiens

66 1011 68 1015 ’
127 995 274 1054 nobis
297 995 517 1045 concessi
536 1002 661 1054 sunt,
682 1010 831 1059 quam
854 996 921 1043 ob
946 1011 1144 1044 causam
1169 997 1411 1055 omnibus,
1438 997 1521 1060 qui
1544 997 1635 1045 hac
1661 997 1711 1044 in
1734 1012 1785 1044 re
1810 996 2055 1045 literarum

59 1083 71 1157 J
129 1098 188 1147 ‚ac
213 1086 442 1143 scientiae
467 1101 666 1136 causam
690 1085 988 1150 adjuverunt,
1006 1087 1186 1149 gratias
1210 1087 1400 1151 publice
1420 1095 1565 1151 atque
1590 1089 1803 1150 ingenue
1828 1088 2032 1150 agimus
2096 1142 2105 1150 f

61 1233 64 1236 ,
170 1173 332 1227 ‘Libri
360 1175 439 1235 illi,
465 1190 590 1240 quos
623 1175 754 1239 siglis
777 1174 838 1233 A.
866 1174 920 1223 B.
950 1174 1004 1224 C.
1031 1175 1081 1223 D
1105 1184 1347 1235 notamus,
1372 1178 1437 1226 ita
1473 1192 1524 1225 se
1550 1177 1757 1225 habent:
1795 1175 1972 1225 Codex
1994 1177 2055 1225 A.

63 1259 65 1263 ⁴
128 1263 247 1315 olim
281 1279 488 1313 numero
526 1267 640 1326 873,
666 1271 841 1327 postea
879 1266 975 1326 384
1013 1264 1096 1325 (cf.
1122 1264 1286 1313 Mrcn.
1313 1265 1493 1324 Daras,
1533 1264 1719 1314 Codices
1753 1266 2065 1328 manuscripti

57 1388 62 1423 2
125 1353 369 1418 theologici
401 1353 689 1402 bibliothecae
716 1354 963 1415 palatinae
1010 1353 1360 1402 Vz'ndobonensz's
1393 1353 1579 1412 Latini,
1615 1352 1726 1401 Vol.
1768 1353 1838 1401 ΙΙ.
1884 1370 1905 1401 1
1918 1356 2058 1416 794),

124 1456 260 1498 nunc
295 1455 500 1490 numero
540 1443 668 1503 1387
708 1449 920 1500 notatuS,
957 1441 1122 1490 seculo
1166 1441 1277 1490 XV.
1307 1443 1520 1501 ineunte,
1546 1443 1673 1490 circa
1708 1457 1895 1491 annum
1925 1457 2055 1501 1400

55 1535 57 1539 ⁴
78 1517 85 1523 ’
125 1530 348 1594 scriptus,
371 1537 426 1579 ut
447 1529 649 1589 videtur,
675 1531 727 1578 in
750 1529 1002 1589 Bohemia,
1028 1530 1448 1589 membranaceuS‚
1470 1530 1519 1578 in
1543 1531 1841 1579 membranis
1867 1531 2059 1594 specio-

47 1671 61 1683 „
123 1619 331 1671 :issimis
365 1627 511 1684 atque
553 1619 733 1679 densiS,
772 1619 892 1667 folio
931 1619 1165 1678 maximo,
1204 1635 1293 1683 per
1331 1620 1471 1669 binas
1513 1619 1782 1678 columnas,
1818 1619 2056 1667 linearum

46 1726 47 1731 ’
126 1722 171 1763 c.
197 1709 279 1771 63,
305 1707 585 1758 charactere
609 1715 729 1768 atr0,
756 1723 922 1757 crasso
946 1708 1141 1784 egregie
1166 1715 1390 1756 exaratus
1414 1715 1501 1756 est.
1572 1708 1634 1756 In
1658 1707 1823 1757 charta
1845 1709 2059 1772 primum

31 1815 39 1864 j
121 1796 384 1854 voluminis
415 1797 587 1846 solium
618 1796 940 1861 praecedente
971 1796 1228 1845 recentiori
1260 1812 1411 1844 manu
1444 1796 1678 1859 scriptum
1701 1804 1802 1844 est:
1842 1800 1853 1821 ‘
1869 1795 2060 1844 Doctor

2 1898 6 1902 ’
31 1944 36 1953 1
123 1884 368 1946 Martinus
403 1883 572 1935 Luter'
607 1882 736 1951 (sic),
773 1900 899 1949 quae
939 1886 1086 1934 verba
1124 1900 1244 1933 num
1284 1886 1502 1944 innuant,
1528 1884 1759 1933 volumen
1793 1884 2057 1948 aliquando

123 1956 327 2035 Lutheri
360 1975 412 2024 in
453 1975 679 2024 manibus
720 1973 882 2034 fuisse,
925 1973 1056 2023 haud
1092 1974 1255 2037 liquet.
1329 1973 1478 2022 Liber
1518 1973 1746 2022 foliorum
1786 1985 1882 2035 215
1919 1973 2059 2037 plura

65 2043 74 2054 Ι
125 2061 304 2124 Wiclifi
340 2077 493 2127 opera
532 2078 694 2127 neque
732 2063 943 2111 auctoris
985 2063 1186 2111 nomine
1228 2077 1449 2126 unquam
1490 2076 1724 2125 expresso
1761 2077 1921 2125 neque
1958 2076 2058 2110 una

2 2179 3 2182 κ
37 2135 41 2203 f
123 2165 278 2211 manu
333 2153 578 2216 exscripta
620 2153 848 2201 continet.
922 2151 1093 2200 Medio
1139 2151 1192 2199 in
1237 2151 1482 2199 volumine
1531 2158 1664 2200 extat
1708 2158 1938 2199 tractatus
1993 2149 2054 2199 de

40 2264 42 2268 v
121 2239 379 2291 dotatione
420 2239 671 2299 ecclesiae,
708 2241 806 2289 sive
845 2239 1252 2303 Supplementum
1295 2238 1543 2302 Trialogi;
1595 2246 1902 2302 postremum
1939 2252 2054 2287 vero

13 2386 19 2391 ,
118 2327 291 2387 ,locum
314 2329 576 2393 Trialogus
600 2329 704 2393 ipse
729 2329 928 2377 obtinet.

194 2417 398 2467 Librum
433 2418 564 2466 hunc
598 2426 647 2466 et
681 2418 910 2466 materiae
946 2432 1108 2476 causa,
1133 2417 1184 2464 in
1219 2431 1318 2480 qua
1353 2417 1558 2480 scriptus
1594 2422 1679 2475 est,
1715 2423 1765 2464 et
1799 2422 2053 2464 accuratae

26 2554 29 2555 ⁷
91 2575 93 2577 ι
124 2505 449 2571 pulchraeque
490 2506 763 2569 scriptionis
806 2521 925 2569 ergo
966 2505 1098 2553 haud
1121 2505 1284 2569 exigui
1325 2520 1414 2553 sua
1454 2513 1609 2554 aetate
1644 2504 1785 2568 pretii
1819 2504 1973 2552 fuisse·
2003 2511 2053 2552 et

124 2593 330 2650 fortasse
350 2594 490 2658 jussu
507 2594 593 2642 viri
618 2594 820 2658 alicujus
845 2594 1034 2658 opibuS,
1059 2593 1263 2652 honore,
1284 2593 1516 2656 dignitate
1541 2591 1776 2655 praeclari
1799 2599 2051 2640 exaratum

124 2700 249 2746 esse,
273 2685 372 2734 veri
395 2683 548 2733 simile
573 2690 660 2732 est.

198 2773 462 2837 Trialogus
484 2771 598 2821 inde
631 2786 661 2820 a
683 2770 800 2819 folio
831 2773 924 2832 163
949 2785 1104 2834 usque
1137 2768 1200 2818 ad
1230 2769 1453 2838 ultimum
1474 2767 1731 2816 voluminis
1754 2768 1923 2817 folium
1951 2780 2047 2830 215

122 2861 271 2913 literis
293 2860 574 2932 majusculis
599 2868 745 2924 atque
771 2859 1010 2923 angulatis
1046 2857 1357 2922 aequabiliter
1380 2865 1430 2906 et
1454 2857 1706 2919 diligenter
1737 2857 1802 2905 ita
1840 2856 2047 2920 scriptus

11 2996 20 3011 ⁷,
125 2958 213 3012 est,
249 2958 304 3016 ut
341 2950 528 3015 primae
564 2947 862 3012 singularum
900 2947 1246 2996 sententiarum
1280 2946 1444 2994 literae
1478 2946 1633 2993 rubris
1664 2952 1746 2993 aut
1782 2944 1926 2996 lineis
1961 2953 2045 2994 aut

15 3020 21 3025 ’μ
106 3040 320 3106 punctis
354 3038 710 3102 insignirentur.
783 3035 884 3085 Ubi
917 3035 1112 3094 Alithia,
1147 3035 1376 3093 Pseustis,
1410 3034 1675 3082 Phronesis
1711 3033 2046 3097 colloquentes

8 3112 25 3189 ‚Iv
47 3164 61 3184 ,2
123 3128 219 3181 sibi
257 3127 540 3192 succedunt,
583 3126 842 3175 nominum
881 3125 1084 3174 istorum
1131 3125 1296 3172 literae
1343 3122 1545 3172 initiales
1593 3122 1756 3171 colore
1803 3124 1950 3171 rubro
1997 3129 2046 3171 et

30 3225 34 3228 “
124 3215 346 3268 caeruleo
387 3215 655 3264 alternatim
695 3215 852 3278 pictae
895 3222 1017 3263 sunt.
1093 3212 1317 3272 Quatuor
1356 3212 1589 3260 librorum
1629 3211 1792 3260 literae
1841 3210 2044 3260 initiales

123 3304 299 3370 majori
320 3318 549 3353 mensura
573 3302 839 3353 delineatae
864 3311 1006 3366 atque
1031 3303 1171 3351 variis
1195 3301 1438 3350 coloribus
1461 3308 1661 3349 venuste
1693 3307 1891 3349 ornatae
1916 3307 2042 3359 sunt,

124 3393 347 3443 omnium
369 3391 582 3441 maxime
599 3390 735 3440 litera
757 3392 948 3440 initialis
972 3391 1079 3439 libri
1111 3390 1267 3453 primi.
1340 3387 1540 3452 Singula
1573 3388 1805 3438 librorum
1833 3387 2044 3454 capitula

11 3486 39 3531 '--.
123 3496 214 3555 ¹per
245 3490 403 3533 totum
437 3495 564 3546 opus
598 3480 725 3529 bene
761 3481 1118 3544 distinguuntur
1153 3486 1297 3542 atque
1333 3478 1548 3527 numeris
1589 3477 1762 3528 additis
1797 3486 2039 3537 notantur,

127 3586 219 3642 nec
254 3585 412 3636 pauca
451 3571 612 3635 capita
653 3577 1051 3635 argumentorum
1090 3566 1328 3617 indicibus
1363 3566 1594 3618 instructa
1635 3575 1760 3619 sunt.
1834 3566 2040 3622 Glossae
