2496 4108
126 430 259 466 may.
716 413 1283 466 TRIALOGUS.

126 547 310 606 asserit,
330 547 465 610 quod
489 554 675 610 septem
694 548 857 611 spicae
882 556 928 597 et
948 557 1137 612 septem
1154 551 1304 600 boves
1323 552 1539 600 crassae¹
1559 561 1669 601 sunt
1688 561 1875 616 septem

125 628 243 676 anni
264 627 541 688 fertilitatis3
577 637 625 677 et
646 637 700 678 ut
722 628 1020 693 Augustinus
1044 640 1192 691 notat,
1219 633 1453 695 scriptura
1477 649 1579 682 non
1604 635 1719 683 dicit
1742 635 1877 698 quod

123 710 319 773 signant
335 709 444 758 illos
462 725 634 769 annOS‚
655 710 741 759 sed
759 711 892 774 quod
909 717 1021 759 sunt
1034 714 1125 775 ipsi
1144 715 1272 761 anni.
1331 714 1395 762 Et
1413 715 1560 763 talem
1579 716 1877 765 locutionem

124 791 320 854 spissim
365 792 417 839 in
463 792 697 855 scriptura
743 794 924 855 poteris
970 795 1192 856 reperire.
1278 795 1386 844 Nec
1434 798 1635 845 dubium
1682 798 1732 845 in
1778 798 1879 847 istis

123 871 448 921 locutionibus
471 881 545 921 est
566 874 863 936 praedicatio
888 875 1157 923 secundum
1182 876 1515 925 habitudinem
1539 886 1587 925 et
1611 893 1712 926 non
1736 894 1877 942 prae-

124 951 302 1002 dicatio
326 954 597 1003 secundum
631 957 891 1004 essentiam
916 956 990 1004 vel
1023 956 1252 1005 formaliS.
1321 958 1384 1005 Et
1408 973 1582 1007 omnes
1606 960 1877 1010 locutiones
1948 991 1950 993 >

122 1035 242 1084 tales
276 1043 462 1094 notant,
488 1034 623 1098 quod
656 1051 733 1084 res
770 1037 971 1100 subjecti
1007 1037 1254 1086 ordinatur
1279 1054 1308 1087 a
1332 1039 1442 1087 Deo
1477 1056 1581 1088 rem
1617 1041 1878 1103 praedicati

124 1116 396 1166 secundum
429 1117 762 1166 habitudinem
796 1119 1018 1182 figurare.
1091 1119 1171 1168 Sic
1208 1128 1372 1168 autem
1410 1121 1504 1169 dici
1546 1130 1708 1185 potest
1743 1122 1879 1185 quod

122 1199 265 1262 panis
287 1199 365 1247 ille
389 1199 774 1248 sacramentalis²
804 1209 877 1248 est
909 1201 972 1249 ad
1007 1201 1139 1249 illum
1172 1203 1376 1250 modum
1410 1204 1677 1266 specialiter
1701 1218 1878 1266 corpus

122 1279 338 1340 Domini,
362 1296 476 1329 cum
499 1280 720 1330 Christus
756 1289 856 1330 tam
888 1283 1157 1332 autenticus
1187 1283 1302 1331 illud
1335 1284 1465 1333 dixit.
1537 1284 1736 1333 Paratus
1769 1299 1878 1333 sum

121 1370 302 1421 tamen,
327 1363 368 1411 si
392 1377 454 1411 ex
488 1362 584 1411 fide
614 1363 718 1411 vel³
740 1365 925 1412 ratione
961 1365 1133 1413 doctus
1167 1364 1320 1423 fuer0,
1346 1380 1546 1413 sensum
1580 1366 1879 1414 subtiliorem

123 1443 335 1503 credere,
359 1444 448 1493 sed
484 1445 546 1493 de
581 1445 677 1493 hoc
699 1443 885 1497 .sensu4
917 1462 1023 1495 sum
1062 1454 1234 1505 certus,
1259 1462 1351 1494 nec
1389 1447 1616 1495 haeretici
1651 1448 1878 1495 contrarii

121 1524 303 1574 habent
336 1525 416 1574 hic
451 1527 703 1575 materiam
735 1528 1003 1587 resistendi,
1030 1544 1143 1576 cum
1180 1529 1452 1576 secundum
1487 1530 1648 1577 videre
1683 1529 1877 1576 illorum

122 1606 219 1656 hoc
254 1608 483 1657 accidens
518 1609 623 1657 sine
657 1610 890 1673 subject0‚
917 1609 1051 1674 quod
1085 1618 1156 1658 est
1192 1618 1564 1668 sacramentum,
1590 1619 1663 1658 est
1699 1625 1877 1673 corpus

123 1688 315 1748 Christi,
340 1689 436 1738 hoc
460 1698 548 1749 est,
571 1691 733 1754 ipsum
765 1706 943 1754 corpus
981 1692 1387 1740 sacramentaliter
1412 1693 1568 1754 signat
1591 1692 1666 1740 vel
1690 1693 1878 1755 figurat.

123 1770 252 1820 Cum
277 1786 395 1835 ergo
418 1772 578 1836 maJ‘or
600 1773 661 1821 sit
689 1772 923 1821 habitudo
958 1773 1100 1836 panis
1132 1774 1196 1821 ad
1228 1787 1405 1836 corpus
1439 1773 1630 1831 Christi,
1655 1782 1709 1822 ut
1733 1774 1878 1822 docet

121 1852 433 1916 Augustinus,
458 1868 606 1916 quam
631 1853 911 1916 hujusmodi
944 1854 1223 1912 accidentis,
1249 1869 1397 1916 quare
1431 1869 1535 1902 non
1558 1863 1719 1917 potest
1744 1855 1877 1902 colo-

119 1934 294 1985 ratius*⁵
329 1934 438 1994 dici,
480 1935 617 1999 quod
657 1935 735 1983 ille
773 1937 914 1999 panis
955 1943 1028 1983 est
1068 1936 1309 1983 secundum
1347 1935 1659 1983 habitudinem
1701 1951 1878 1998 corpus

123 2015 335 2066 Christi?
394 2015 526 2064 Nam
543 2024 597 2065 ut
620 2016 764 2065 docet
780 2017 1117 2080 Augustz‘nus⁶‚
1138 2017 1433 2065 frumentum
1452 2032 1513 2064 ex
1532 2017 1694 2066 multis
1713 2018 1878 2079 granis

123 2098 382 2148 collectum
405 2099 615 2158 molitur,
634 2099 854 2148 secundo
879 2100 1133 2148 irroratum
1157 2114 1285 2162 aqua
1308 2100 1358 2146 in
1383 2099 1602 2162 pulvere⁷
1622 2099 1877 2162 pinsaturss,

121 2187 179 2228 et·
192 2180 332 2229 tertio
357 2180 420 2230 ad
444 2181 663 2244 corporis
687 2195 827 2229 esum
849 2197 940 2245 pro
965 2181 1287 2230 fundamento
1312 2182 1512 2245 capitur.
1571 2182 1877 2245 Correspon-

123 2260 295 2310 denter
323 2262 466 2325 panis
500 2263 862 2311 sacramentalis
887 2278 917 2311 a
941 2263 1163 2312 fidelibus
1197 2264 1403 2326 sparsim
1438 2265 1678 2327 recipitur,
1703 2279 1876 2313 conse-

122 2350 328 2406 quenter
367 2344 596 2393 irroratus
643 2344 739 2394 fide
785 2346 1062 2408 evangelica
1108 2347 1159 2394 in
1205 2347 1354 2394 corde
1400 2347 1632 2409 pinsatur‚
1675 2355 1722 2395 et
1762 2348 1875 2409 igne

121 2424 332 2474 caritatis
366 2425 617 2475 induratus
650 2427 950 2490 spiritualiter
982 2428 1315 2476 manducatur.
1388 2428 1511 2476 Ideo
1545 2428 1659 2476 dicit
1680 2428 1877 2490 Augus-

122 2508 255 2555 tinus
278 2521 425 2571 super
446 2507 755 2571 Johannem;
805 2513 816 2534 ‘
835 2510 978 2558 crede
1002 2510 1098 2558 fide
1129 2510 1323 2558 caritate
1353 2509 1573 2567 formata,
1599 2518 1645 2558 et
1670 2511 1875 2559 mandu-

122 2589 247 2638 casti
264 2587 294 2648 ;'
344 2590 481 2652 quod
505 2589 566 2638 de
599 2605 687 2638 esu
719 2591 949 2653 spirituali
981 2599 1175 2653 oportet
1207 2590 1444 2653 intelligi⁹.
1516 2590 1624 2639 Nec
1648 2592 1875 2639 audiendi

125 2677 239 2719 sunt
274 2669 517 2725 haeretici,
553 2672 636 2734 qui
672 2687 869 2720 sensum
905 2672 1050 2720 istum
1085 2673 1299 2719 nituntur
1339 2672 1619 2734 extinguere
1658 2687 1745 2735 per
1779 2672 1874 2720 hoc

124 2751 313 2811 falsum,
338 2753 474 2816 quod
497 2754 800 2816 evangelium
825 2769 916 2801 nec
941 2762 1050 2801 ante
1075 2769 1166 2801 nec
1193 2761 1302 2816 post
1325 2753 1472 2801 habet
1499 2754 1645 2801 talem
1670 2754 1874 2802 modum

125 2834 358 2897 loquendi
399 2835 719 2899 figurativum.
803 2835 936 2883 Nam
978 2835 1141 2883 Lucae
1183 2836 1295 2884 xxii.
1340 2836 1499 2884 statim
1542 2836 1873 2898 subjungitur:
1934 2883 1939 2889 .

59 2932 75 2944 “
129 2916 253 2964 ‘hoc
289 2915 431 2965 facite
465 2918 516 2964 in
558 2932 721 2966 meam
757 2907 1307 2975 commemorationem‚'
1343 2932 1400 2965 ac
1438 2918 1476 2965 si
1512 2917 1761 2976 diceretur,
1797 2917 1874 2965 hic

122 2998 263 3060 panis
306 2998 666 3047 sacramentalis
707 2999 757 3046 in
799 2998 1048 3047 efficacem
1089 3000 1185 3046 mei
1226 2999 1512 3046 memoriam
1560 2998 1704 3046 debet
1751 2999 1873 3062 capi.

127 3078 353 3128 Similiter
382 3095 403 3127 1
436 3078 652 3129 Corinth.
678 3081 739 3127 xi.
766 3080 880 3129 dicit
904 3080 1095 3139 Paulus,
1123 3081 1230 3129 ‘hic
1263 3081 1385 3129 calix
1418 3089 1491 3128 est
1522 3095 1704 3128 novum
1732 3089 1875 3129 testa-

124 3168 348 3210 mentum
382 3161 434 3210 in
457 3177 570 3211 meo
599 3162 850 3225 sanguine'
877 3162 1027 3221 ete.¹⁰,
1051 3163 1134 3211 ubi
1169 3178 1271 3211 non
1309 3163 1523 3221 dubium,
1550 3162 1667 3224 quin
1703 3162 1794 3210 ista
1817 3163 1875 3211 sit

178 3276 193 3301 ¹
221 3277 401 3330 crassae]
423 3278 560 3324 crassi,
583 3278 646 3318 ed.
667 3291 728 3330 pr.
919 3277 935 3300 ²
963 3277 1288 3330 sacramentalis]
1311 3290 1394 3317 om.
1416 3277 1470 3317 D.
1704 3276 1789 3329 vel]
1810 3277 1874 3317 vel

121 3343 184 3376 ex,
205 3331 252 3371 B.
268 3331 426 3384 primae
444 3345 602 3378 manus,
622 3332 686 3372 ed.
706 3345 768 3385 pr.
933 3331 948 3354 ¹
976 3331 1116 3383 sensu]
1138 3345 1350 3377 consensu,
1371 3332 1423 3370 A.
1588 3331 1602 3354 ⁵
1631 3331 1871 3385 coloratius]

123 3385 343 3431 coloratus,
363 3386 428 3426 ed.
447 3399 512 3438 pr.
703 3387 719 3409 ὃ
747 3385 1023 3438 Augustinus]
1047 3387 1302 3438 Augustinus
1322 3399 1442 3437 super
1461 3385 1707 3438 Johannem,
1727 3385 1790 3425 ed.
1811 3399 1872 3439 pr.

121 3438 352 3516 ''pulvere]
393 3440 545 3503 pelure.
581 3441 644 3486 C.‚
680 3440 726 3480 B.
761 3440 918 3493 primae
951 3454 1119 3486 manus;
1164 3440 1316 3492 poline,
1347 3440 1400 3478 A.
1434 3440 1590 3492 primae
1623 3453 1781 3485 manus,
1817 3441 1872 3481 D.

123 3493 405 3547 ‘pinsatud'
395 3508 421 3534 1.
433 3508 469 3535 e.
491 3495 726 3535 conteritur.
921 3495 935 3518 ⁹
964 3495 1156 3547 intelligi]
1182 3494 1420 3546 intelligere,
1441 3494 1494 3533 A.
1498 3494 1544 3534 B.
1548 3494 1596 3535 C.
1754 3494 1784 3518 ¹⁰
1811 3501 1872 3536 est

126 3548 181 3588 N.
198 3548 527 3601 T.-sanguine]
550 3562 631 3589 om.
654 3549 757 3589 A..B
778 3549 841 3590 ed.
863 3563 924 3602 pr.

2013 421 2113 487 267
