2496 4108
401 427 504 481 322
1082 417 1507 479 JOANNIS
1565 419 1918 469 WICLIF
2232 441 2389 500 μεῖν.
2464 427 2465 430 ’

636 549 926 612 hujusmodi.
997 549 1057 596 In
1097 565 1218 612 pace
1259 559 1420 599 autem
1461 554 1647 600 vocavit
1685 568 1777 601 nos
1815 554 1965 602 Deus.
2036 553 2183 603 Unde
2224 554 2383 610 enim¹

638 636 730 682 scis
749 633 930 690 mulier,
953 633 991 680 si
1016 634 1168 681 virum
1195 631 1380 682 salvum
1404 634 1550 683 facies
1575 637 1648 684 vel
1673 652 1699 684 e
1725 636 1975 685 contra²?'
2020 639 2158 701 quasi
2193 638 2388 695 diceret,

639 721 649 740 ‘
667 731 777 763 cum
802 714 937 761 Deus
973 715 1209 762 ordinavit
1245 717 1606 763 matrimonium
1637 718 1700 765 ad
1736 718 1883 765 fidem
1909 733 2156 766 servorum
2189 732 2389 767 suorum

637 798 724 844 sibi
749 797 949 844 fideliter
972 797 1324 855 reservandam,
1352 813 1453 845 non
1477 799 1575 846 vult
1600 799 1733 860 qu0d
1757 800 2122 848 matrimonium
2150 800 2305 848 taliter
2328 801 2388 848 sit

636 885 888 935 servatum,
916 878 1050 939 quod
1074 878 1216 926 faciat
1240 880 1290 925 in
1315 879 1474 940 aliqua
1500 881 2047 942 personasoppositum5
2084 880 2171 929 sed
2194 889 2390 944 oportet

634 961 684 1006 in
724 959 898 1006 talibus
940 975 1053 1006 cum
1093 960 1376 1021 prudentia3
1415 961 1680 1022 providere,
1723 977 1785 1009 ne
1828 963 2032 1010 carnalis
2078 963 2272 1010 affectio
2311 963 2390 1011 vel

633 1049 886 1103 peccatum
921 1041 1217 1102 praecedens
1252 1042 1529 1104 indisponat
1563 1043 1718 1090 taliter
1757 1045 2086 1106 conjugatum,
2113 1043 2248 1106 quod
2283 1059 2388 1092 non

633 1121 774 1168 faciat
799 1122 932 1183 quod
955 1123 1110 1184 magis
1134 1124 1492 1185 beneplacitum
1517 1124 1640 1172 foret
1664 1124 1789 1173 Deo.
1860 1124 1992 1173 Nam
2025 1125 2266 1173 ordinatio
2290 1125 2384 1173 Dei

633 1211 704 1250 est
729 1204 870 1250 nobis
907 1204 1202 1262 abscondita,
1229 1205 1341 1252 ideo
1377 1213 1569 1267 oportet
1605 1206 1740 1267 quod
1776 1207 1927 1254 simus
1963 1207 2044 1254 filii
2068 1206 2176 1264 Dei,
2202 1214 2250 1254 et
2283 1207 2390 1270 ejus

637 1284 812 1346 Spiritu
846 1285 994 1332 simus
1029 1280 1189 1332 ducti.5
1259 1286 1322 1333 Et
1345 1287 1435 1334 ista
1465 1287 1612 1334 credo
1638 1302 1698 1334 ex
1732 1288 1985 1350 evangelio
2020 1287 2235 1336 sufficere
2269 1287 2390 1337 fide·

605 1389 607 1417 ς
633 1367 758 1413 libus
783 1381 880 1428 quo
907 1366 969 1413 ad
993 1366 1152 1428 legem
1177 1368 1471 1415 matrimonii
1497 1368 1821 1430 regulandum
1832 1370 1864 1415 4.

1334 1706 1692 1781 CAP.xxn.

987 1862 1164 1920 Quibus
1188 1863 1337 1910 verbis
1362 1865 1702 1911 matrimonium
1727 1864 2043 1912 contrahatur.

320 1997 502 2030 Pr0120¹¹st¹1r
700 1992 903 2039 Alz‘tlzz’a.
977 1993 1153 2051 Placet,
1181 1991 1336 2051 frater,
1364 1994 1423 2041 de
1448 1995 1539 2041 ista
1564 1995 1801 2042 sententia
1839 2010 1900 2042 ex
1934 1996 2165 2058 scriptura
2197 2003 2384 2044 tantum

317 2031 465 2063 quaestio,
483 2032 546 2064 qui-

317 2063 564 2132 ggssivsessffcvffn.
634 2074 873 2120 autentica
913 2083 1134 2121 reserata.
1220 2074 1316 2122 Sed
1360 2075 1449 2131 dic,
1493 2090 1689 2136 quaeso,
1734 2091 1846 2122 cum
1893 2077 2068 2138 quibus
2110 2078 2266 2126 verbis
2307 2078 2385 2126 vel

316 2132 566 2192 issffiffi-ma‘ri‘
633 2155 780 2216 signis
806 2155 946 2202 debet
970 2157 1331 2203 matrimonium
1367 2157 1594 2203 celebrari
1610 2173 1622 2215 ;
1674 2157 1845 2204 dicitur
1876 2157 2007 2204 enim
2042 2151 2379 2218 communiter,

632 2235 765 2297 quod
791 2251 901 2283 cum
926 2238 1083 2284 verbis
1110 2238 1168 2284 de
1194 2239 1431 2299 praesenti
1441 2238 1470 2294 ⁵,
1499 2246 1545 2285 et
1571 2253 1671 2284 non
1697 2253 1808 2285 cum
1834 2239 1988 2286 verbis
2027 2239 2087 2286 de
2125 2241 2381 2302 praeterito

631 2317 705 2363 vel
747 2317 920 2375 futuro,
959 2318 1058 2364 imo
1101 2334 1328 2379 expressa
1366 2319 1682 2366 affirmatione
1723 2320 1783 2367 de
1821 2319 1996 2377 futuro,
2036 2329 2087 2368 ut
2131 2321 2294 2384 ‘quod
2333 2330 2380 2369 te

631 2398 820 2459 capiam
844 2398 894 2444 in
929 2386 1155 2446 uxorem'
1182 2407 1229 2446 et
1265 2400 1356 2446 alia
1390 2415 1600 2462 persona
1635 2402 1954 2462 postmodum
1979 2403 2124 2450 verba
2159 2402 2382 2466 exprimit

632 2479 691 2525 de
729 2480 984 2540 praesenti,
1012 2483 1134 2541 ‘ego
1161 2488 1206 2527 te
1240 2482 1380 2542 capio
1412 2482 1463 2527 in
1499 2482 1730 2540 uxorem,'
1766 2484 1966 2530 verbum
1999 2484 2127 2533 istud
2159 2484 2219 2532 de
2244 2498 2383 2551 prae-

630 2560 790 2616 sentiss,
829 2575 888 2606 eo
932 2561 1066 2622 quod
1107 2569 1240 2608 notet
1281 2563 1632 2623 expressiorem
1675 2571 1722 2610 et
1763 2563 2086 2612 efficaciorem
2127 2565 2385 2614 affectum⁷

629 2640 826 2688 dirimit8
858 2641 1081 2688 verbum⁹
1114 2643 1246 2703 prius
1280 2643 1475 2690 dictum.
1547 2644 1898 2692 Verumtamen
1933 2645 2104 2694 dicitur
2127 2663 2156 2695 a
2183 2647 2380 2710 legistis,

628 2723 760 2784 quod
806 2738 1038 2784 expresso
1086 2732 1336 2771 contractu
1382 2740 1468 2786 per
1514 2726 1714 2772 verbum
1757 2726 1818 2773 de
1860 2726 2022 2775 futuro
2064 2735 2112 2775 et
2155 2729 2380 2791 sequenti

628 2805 802 2866 copula
828 2806 1004 2852 carnali
1029 2821 1182 2867 aeque
1201 2806 1368 2853 valet¹⁰
1393 2822 1448 2853 ac
1475 2807 1513 2853 si
1534 2807 1874 2855 contrahentes
1893 2810 2037 2856 verba
2054 2810 2379 2872 exprimerent

627 2886 686 2932 de
711 2887 967 2948 praesenti.
1041 2886 1137 2934 Sed
1161 2887 1281 2933 ultra
1315 2903 1426 2934 cum
1451 2888 1580 2935 surdi
1607 2896 1653 2935 et
1686 2890 1804 2935 muti
1838 2898 2045 2950 possunt
2077 2891 2377 2950 contrahere,

627 2968 810 3014 videtur
835 2968 968 3030 quod
992 2969 1083 3015 alia
1109 2969 1247 3029 signa
1272 2968 1507 3016 sufficiant
1532 2977 1718 3030 praeter
1742 2971 1902 3017 verba.

286 3058 457 3104 ,Quaestio
470 3059 528 3087 ista
694 3049 964 3095 Phronesz‘s.
1037 3049 1154 3095 Non
1181 3049 1393 3096 delector
1417 3050 1618 3096 multum
1654 3050 1750 3097 labi
1783 3051 1833 3097 in
1857 3051 1947 3098 ista
1981 3054 2194 3111 materia,
2220 3055 2376 3116 speci-

334 3093 396 3119 arvi
500 3095 506 3099 ”

311 3100 331 3124 p
414 3095 567 3154 ggngmn
628 3130 759 3177 aliter
778 3146 890 3177 cum
911 3131 968 3177 sit
991 3130 1271 3177 humanitus
1289 3138 1336 3176 et
1356 3145 1498 3191 saepe
1519 3131 1874 3179 infundabiliter
1893 3133 2123 3180 instituta.
2185 3135 2375 3183 Veritas

311 3134 380 3152 cum
394 3134 412 3152 n
443 3136 473 3160 ,u

681 3287 692 3308 ¹
723 3286 850 3337 enim]
874 3300 955 3326 om.
977 3286 1039 3325 ed.
1061 3298 1121 3337 pr.
1308 3285 1323 3307 2
1342 3285 1391 3324 cf.
1417 3297 1434 3324 1
1460 3286 1646 3325 Corinth.
1666 3286 1734 3326 vii.
1759 3298 1805 3335 15
1829 3300 1915 3339 sqq.
2094 3289 2110 3312 ⁸
2137 3291 2374 3345 prudentia]

626 3340 894 3390 providentia,
915 3341 977 3379 ed.
997 3353 1057 3392 pr.
1196 3338 1212 3361 ⁴
1238 3338 1524 3391 regulandum]
1547 3340 1772 3392 regulandi,
1795 3341 1850 3380 D.
2035 3341 2051 3366 ⁵
2078 3343 2128 3383 de
2147 3347 2373 3400 praesenti]

625 3394 677 3432 de
705 3394 920 3445 praesenti,
951 3407 1028 3445 ego
1057 3399 1098 3434 te
1127 3393 1245 3445 capio
1275 3394 1318 3432 in
1346 3407 1527 3438 uxorem,
1556 3395 1725 3434 verbum
1754 3395 1863 3434 istud
1891 3396 1943 3436 de
1971 3397 2189 3448 praesenti,
2217 3399 2280 3438 ed.
2311 3414 2372 3452 pr.

626 3446 641 3468 ⁶
670 3449 855 3498 ego—de
874 3448 1096 3500 praesenti]
1119 3461 1201 3487 om.
1223 3448 1283 3493 B„
1305 3448 1357 3486 A.
1378 3448 1533 3499 primae
1551 3461 1708 3494 manus,
1729 3449 1791 3488 ed.
1813 3462 1875 3501 pr.
2119 3451 2136 3474 ⁷
2162 3452 2371 3506 affectum]

627 3501 825 3546 effectum,
848 3503 887 3540 A
904 3503 1002 3541 ΒΕ.
1222 3502 1236 3524 ⁸
1265 3501 1438 3553 dirimit]
1460 3502 1661 3548 diminuit,
1681 3503 1744 3542 ed.
1766 3516 1829 3555 pr.
2036 3504 2053 3528 ⁹
2080 3505 2268 3558 verbum]
2290 3520 2376 3547 om.

629 3554 730 3593 AB.
839 3556 870 3578 ¹⁰
898 3569 1024 3607 aeque
1043 3556 1170 3607 valet]
1193 3562 1236 3595 ut
1257 3568 1382 3607 aeque
1402 3555 1524 3601 valet,
1545 3556 1608 3595 ed.
1629 3569 1691 3607 pr.
