2436 4094
393 382 457 421 22
964 366 1726 418 PROLEGOMENA.

393 502 680 564 marginales
700 503 761 550 ab
778 503 911 550 initio
935 516 1087 564 usque
1112 500 1174 548 ad
1198 500 1302 548 libri
1326 499 1413 547 IV.
1434 499 1695 562 capitulum
1723 501 1751 546 8
1782 500 2095 547 creberrimae
2114 497 2309 558 adsunt,

394 591 568 653 quibus
614 606 773 638 rerum
821 597 1106 652 argumenta
1146 596 1194 635 et
1235 588 1511 645 summaria,
1554 594 1804 635 auctorum
1849 586 2152 635 laudatorum
2197 585 2308 642 loci,

394 679 500 737 alia,
549 678 890 740 significantur,
938 692 1041 724 non
1082 677 1183 724 sine
1222 675 1418 738 judicio,
1467 675 1578 722 sed*
1607 674 1803 723 diversis
1848 675 2072 723 manibus
2118 673 2307 735 scripta.

397 766 672 814 Verborum
696 767 998 827 interpuncta
1021 764 1303 826 plerumque
1329 771 1452 825 apta.
1526 763 1727 822 Textus,
1753 763 1970 826 quamvis
1996 764 2060 811 ab
2082 767 2308 810 accurato

397 855 590 902 librario
614 861 739 902 esset
773 854 1055 915 exscriptus,
1088 860 1252 900 tamen
1285 852 1446 900 multis
1480 853 1530 900 in
1565 852 1684 900 locis
1715 853 1997 901 correctoris
2021 867 2222 915 operam
2245 852 2312 900 ita

398 950 623 1005 expertus
669 948 756 998 est,
807 948 859 988 ut
906 955 1029 1002 quae
1076 940 1207 1002 prior
1249 941 1321 998 sit,
1371 956 1494 1003 quae
1541 925 1780 1003 posterior
1826 940 1982 999 lecti0,
2029 940 2168 988 facile
2214 939 2312 988 dis—

399 1044 593 1077 cernere
635 1029 807 1091 possis.
878 1027 1106 1076 Ceterum
1148 1043 1249 1076 non
1286 1029 1352 1077 ita
1393 1044 1468 1076 res
1511 1044 1563 1078 se
1604 1028 1762 1086 habet,
1800 1037 1852 1076 ut
1892 1027 2133 1091 posterior
2169 1027 2311 1076 lectio

398 1117 543 1180 priori
575 1117 856 1179 plerumque
889 1117 1203 1179 praeferenda
1236 1118 1307 1165 sit.
1379 1116 1606 1180 Namque
1632 1116 1761 1164 haud
1795 1132 1903 1164 raro
1929 1117 2112 1164 factum
2135 1123 2221 1174 est,
2245 1123 2311 1176 ut,

400 1220 524 1267 quae
560 1213 688 1253 recte
724 1205 902 1268 scripta
936 1205 1138 1263 fuerant,
1175 1214 1355 1254 temere
1392 1205 1662 1253 delerentur
1697 1214 1838 1269 atque
1873 1219 2098 1268 perversa
2128 1196 2313 1252 ratiOne

405 1274 715 1341 mutarentur.
1750 1300 1759 1305 ²

468 1383 640 1432 Codex
676 1382 732 1442 B,
770 1383 886 1432 olim
925 1398 1128 1431 numero
1167 1385 1280 1441 881,
1319 1383 1493 1431 deinde
1542 1399 1639 1443 404
1683 1383 1883 1442 (DENIS,
1925 1381 2110 1431 Codices
2150 1397 2316 1430 manu-

400 1473 578 1534 scripti,
604 1472 711 1531 IL),
737 1487 868 1520 nunc
893 1487 1097 1519 numero
1126 1488 1258 1534 3930
1284 1480 1491 1530 notatus,
1518 1471 1811 1529 chartaceus,
1839 1471 2065 1519 foliorum
2091 1481 2205 1532 359,
2229 1484 2317 1533 per

401 1562 540 1610 binas
582 1561 834 1608 columnas
869 1561 1103 1609 linearum
1140 1576 1221 1620 41,
1259 1575 1361 1609 non
1396 1576 1494 1608 una
1529 1576 1678 1608 manu
1713 1563 1950 1618 eXaratuS,
1991 1562 2054 1608 26
2087 1565 2317 1608 tractatus

403 1649 750 1711 complectitur,
787 1650 909 1697 inter
942 1665 1081 1713 quOS,
1118 1658 1306 1713 praeter
1341 1651 1503 1698 locum
1539 1651 1747 1713 aliquem
1782 1648 1974 1698 Senecae
2011 1648 2119 1711 (Nr.
2150 1650 2232 1709 12)
2269 1656 2319 1697 et

403 1737 590 1784 Isidori
619 1738 923 1800 Hispalensis
959 1739 1105 1786 libros
1143 1738 1445 1786 VL—VIII.
1481 1738 1739 1802 Originum
1781 1738 2319 1801 sive‘etymologiarum

408 1824 516 1886 (Nr.
569 1827 669 1885 24),
719 1827 876 1873 varios
924 1834 1151 1875 tractatus
1199 1842 1311 1875 cum
1358 1827 1563 1890 Joannis
1620 1826 1792 1888 Wz‘clq'f
1818 1835 1923 1875 tum
1962 1825 2166 1890 Joannis
2205 1825 2321 1873 Hus

406 1923 549 1977 atque
606 1914 779 1977 Jacobi
838 1916 898 1963 de
955 1915 1083 1963 Misa
1137 1915 1556 1978 deprehendimus
1640 1915 1832 1964 Scilicet
1888 1916 2099 1978 primum
2155 1914 2320 1964 locum

406 2002 609 2066 Joannis
634 2003 808 2051 Wiclifi
833 2003 1082 2066 Dialogus,
1108 2005 1376 2052 secundum
1395 2005 1655 2067 Trialogus
1688 2005 1886 2062 obtinet,
1921 2005 2042 2052 sicut
2065 2005 2116 2052 in
2149 2002 2319 2052 codice

407 2092 467 2139 A.
493 2091 571 2139 hic
595 2091 727 2139 illum
751 2093 939 2154 excipit.
1013 2092 1235 2155 Sequitur
1259 2093 1497 2154 expositio
1523 2094 1691 2155 capitis
1720 2108 1779 2154 23
1807 2092 2042 2155 evangelii
2067 2091 2318 2149 Matthaei,

409 2180 585 2228 deinde
621 2180 946 2242 interpretatio
983 2181 1175 2244 capituli
1203 2196 1264 2240 24
1302 2182 1521 2243 ejusdem
1556 2182 1802 2244 evangelii,
1835 2197 1958 2245 quae
1993 2183 2044 2229 in
2080 2181 2248 2230 codice
2274 2181 2322 2228 A

409 2269 672 2331 Dialogum
712 2276 855 2331 atque
893 2269 1178 2331 Trialogum
1212 2270 1432 2331 proxime
1469 2270 1770 2318 antecedunt.
1843 2269 2098 2319 Praeterea
2135 2270 2322 2319 circiter

411 2356 669 2404 duodecim
715 2357 927 2404 minores
973 2365 1199 2405 tractatus
1241 2372 1270 2404 a
1310 2356 1503 2405 Wiclifo
1551 2359 1807 2420 compositi
1849 2360 1899 2405 in
1939 2358 2034 2406 hoc
2075 2357 2322 2405 volumine

413 2445 730 2492 continentur.

480 2534 757 2581 Memoratu
795 2533 997 2596 dignum
1039 2534 1237 2594 videtur,
1277 2537 1411 2599 quod
1453 2537 1557 2600 ejus
1598 2512 1774 2585 librarii
1812 2551 2009 2595 nomen,
2050 2537 2134 2599 qui
2173 2536 2322 2598 longe

414 2623 677 2671 maximam
725 2622 866 2685 hujus
915 2623 1098 2670 codicis
1145 2632 1331 2686 partem
1375 2624 1426 2689 (f.
1475 2622 1696 2688 1—304)
1739 2633 1786 2673 et
1833 2626 2086 2688 exscripsit
2127 2633 2174 2673 et
2215 2639 2323 2673 cor-

413 2712 547 2769 rexit,
590 2711 640 2758 in
687 2710 930 2759 volumine
977 2712 1086 2774 ipso
1133 2713 1276 2760 nobis
1324 2715 1550 2762 traditum
1593 2723 1678 2762 est,
1748 2713 1965 2778 Joannes
2012 2715 2064 2762 de
2114 2713 2358 2772 Tarnow,

413 2800 477 2847 ad
512 2799 695 2847 calcem
728 2799 945 2861 Trialogi
980 2801 1214 2862 temporis
1249 2810 1567 2860 momentum,
1603 2817 1702 2865 quo
1738 2803 1845 2850 libri
1880 2803 2075 2865 scriptio
2110 2794 2325 2865 perfecta

413 2896 553 2946 esset,
609 2888 963 2936 accuratissime
1011 2889 1239 2937 indicavit
1286 2890 1359 2938 his
1407 2892 1593 2939 verbis:
1667 2895 1678 2916 ‘
1695 2891 1896 2940 Correxi
1943 2905 2073 2940 anno
2121 2881 2323 2939 Domini

414 2990 694 3036 Moccoxrv3
745 2976 873 3023 finivi
909 2985 1022 3038 post
1059 2978 1395 3025 ascensionem
1420 2977 1619 3025 Domini
1657 2980 1860 3026 sabbato
1897 2978 1974 3026 die
2009 2986 2120 3027 ante
2149 2979 2322 3028 horam

422 3069 496 3115 18.
566 3066 757 3113 Amen.’

485 3153 629 3201 Unde
667 3153 828 3216 liquet,
862 3154 1147 3216 scriptorem
1183 3155 1390 3203 finivisse
1426 3170 1626 3218 operam
1663 3156 1934 3219 corrigendi
1959 3156 2176 3220 Trialogi
2212 3157 2324 3206 ante

417 3242 586 3290 horam
635 3252 821 3292 sextam
867 3253 978 3307 post
1033 3247 1283 3294 meridiem
1335 3258 1393 3308 17
1444 3246 1565 3310 Maji
1613 3248 1727 3295 anni
1779 3263 1922 3307 1414.
2014 3247 2215 3296 Librum
2273 3249 2324 3296 in

420 3327 657 3379 Bohemia
715 3333 944 3394 scripturn
1003 3349 1124 3392 esse,
1179 3350 1264 3397 per
1316 3335 1544 3383 horarum
1597 3337 2034 3399 computandamm
2086 3327 2323 3385 rationem

419 3427 564 3481 patet.

491 3507 763 3569 Trialogus,
811 3519 862 3558 ut
915 3526 1059 3573 supra
1109 3515 1401 3572 monuimus,
1452 3516 1718 3563 secundum
1769 3515 2023 3585 voluminis
2067 3514 2244 3572 locum,
2295 3531 2325 3563 a

424 3588 547 3642 folio
577 3611 631 3642 21
670 3611 822 3659 usque
860 3601 920 3646 ad
957 3601 1122 3649 folium
1159 3619 1248 3662 124
1278 3604 1475 3652 obtinet.
1546 3605 1690 3652 Liber
1725 3605 2025 3653 lineamentis
2061 3606 2326 3667 grandibus

2430 481 2436 508 l

2430 565 2436 596 l

2421 746 2428 760 Ο

2420 809 2430 870 ,ἑ

2422 959 2436 991 3,

2423 999 2436 1098 ἓ

2430 1190 2436 1204 1

2429 1232 2436 1256 ,ε
