2496 4108
382 449 485 504 282

1054 447 1488 512 JOANNIS
1557 450 1910 500 WICLIF
2214 471 2373 501 L18.1v.

619 586 876 632 verborum
897 584 1073 632 Christi
1099 584 1332 632 Matthaei
1356 585 1541 644 ultimo,
1563 585 1768 633 ecclesia
1793 593 1958 634 nostra
1982 586 2177 636 adducit
2200 586 2368 636 fideles

618 681 707 727 pro
749 666 930 713 infante
973 666 1056 726 qui
1100 665 1440 713 discretionem
1487 682 1589 713 non
1636 667 1856 729 attigerat
1904 668 2270 730 respondentes,
2318 676 2367 716 et

619 747 736 794 tales
761 755 1034 808 compatres
1060 748 1382 795 communiter
1413 747 1594 795 faciunt
1626 748 1759 810 quod
1791 749 1874 795 filii
1899 749 1986 807 sui,
2012 764 2136 811 quos
2161 749 2222 797 de
2243 749 2366 812 bap-

618 828 760 875 tismo
795 827 996 885 elevant,
1032 828 1082 874 in
1115 829 1332 876 oratione
1365 828 1629 877 Dominica
1660 837 1708 876 et
1741 830 1964 891 symbolo
1999 830 2094 878 sint
2125 830 2342 878 instructi
2357 847 2370 889 3

618 917 663 955 et
710 908 788 956 alii
835 909 918 970 qui
967 909 1308 957 discretionem
1357 911 1625 972 attigerant,
1670 911 1787 958 dum
1835 911 2131 960 instruuntur
2177 911 2228 958 in
2274 911 2372 959 fide

619 989 796 1038 Christi
821 983 1100 1038 ante'suum
1124 992 1422 1053 baptismum
1446 1000 1680 1040 vocantur
1705 993 2047 1040 catecumeni¹.

685 1071 801 1119 Hoc
842 1079 1004 1120 autem
1040 1081 1397 1121 sacramentum
1434 1081 1505 1121 est
1541 1081 1640 1121 tam
1680 1075 1982 1120 necessarium
2018 1074 2200 1133 viatori,
2236 1074 2373 1137 quod

617 1152 834 1201 Christus
858 1153 971 1201 dicit
996 1153 1272 1202 Nicodemo
1300 1154 1538 1218 Johannis
1562 1155 1652 1202 iii.:
1702 1155 1820 1202 ‘nisi
1852 1156 1959 1217 quis
1996 1164 2190 1204 renatus
2227 1155 2370 1203 fuerit

615 1251 675 1282 ex
700 1250 827 1298 aqua
851 1243 897 1283 et
924 1234 1115 1298 Spiritu,
1136 1251 1239 1284 non
1263 1244 1426 1298 potest
1444 1237 1638 1284 introire
1662 1236 1712 1283 in
1730 1251 1937 1298 regnum
1957 1236 2081 1285 Dei?
2140 1237 2217 1284 Ex
2235 1245 2370 1286 tanta

615 1317 774 1378 itaque
800 1317 1078 1365 auctoritate
1111 1317 1223 1365 fidei
1256 1318 1519 1380 scripturae
1554 1325 1665 1365 sunt
1696 1317 1862 1365 fideles
1897 1318 2183 1380 generaliter
2214 1319 2370 1382 bapti-

615 1399 719 1455 sati,
761 1406 808 1446 et
855 1399 1091 1447 ordinavit
1137 1399 1343 1447 ecclesia
1390 1400 1525 1462 quod
1570 1399 1811 1461 quaelibet
1853 1409 2067 1462 ⁴persona
2113 1400 2270 1450 fidelis
2317 1401 2370 1449 in

614 1480 910 1529 necessitatis
936 1481 1135 1529 articulo
1163 1482 1340 1543 poterit
1366 1480 1649 1544 baptisare2.

682 1562 762 1609 Ad
786 1563 1157 1625 baptisationem
1182 1571 1343 1610 autem
1368 1563 1534 1611 dicunt
1556 1562 1732 1625 requiri
1756 1577 1924 1623 aquam
1949 1562 2234 1625 simplicem,
2259 1579 2364 1612 non

612 1638 800 1691 urinam
832 1645 906 1691 vel
938 1645 1175 1706 liquorem
1207 1644 1367 1702 alium,
1394 1659 1507 1692 cum
1538 1644 1632 1691 hoc
1666 1658 1768 1690 non
1801 1644 1860 1691 sit
1893 1659 1922 1691 a
1946 1643 2164 1693 Domino
2196 1659 2366 1693 exem-

612 1724 807 1786 platum.
882 1724 988 1773 Nec
1023 1725 1167 1773 refert
1203 1726 1300 1773 sive
1336 1726 1684 1787 immergantur
1716 1725 1865 1772 semel
1890 1725 1964 1772 vel
1996 1733 2080 1783 ter,
2108 1726 2204 1774 sive
2236 1741 2366 1788 aqua

615 1821 757 1868 super
804 1807 960 1868 capita
1007 1822 1094 1854 sua
1141 1806 1464 1866 effundatur33
1520 1806 1607 1853 sed
1654 1805 1931 1853 faciendum
1979 1814 2052 1854 est
2094 1807 2364 1855 secundum

614 1888 1014 1935 consuetudinem
1039 1888 1148 1946 loci,
1174 1903 1322 1950 quem
1355 1888 1460 1949 quis
1493 1887 1672 1945 incolit,
1700 1895 1799 1933 tam
1823 1887 1874 1933 in
1906 1902 2006 1935 uno
2031 1888 2123 1935 ritu
2147 1888 2366 1950 legitimo

614 1983 762 2030 quam
796 1969 846 2015 in
881 1969 989 2026 alio,
1015 1969 1127 2031 quia
1163 1977 1346 2016 certum
1382 1976 1454 2016 est
1489 1968 1624 2030 quod
1660 1968 1924 2030 corporalis
1965 1969 2224 2030 baptisatio
2269 1971 2367 2018 sive

613 2046 729 2093 lotio
754 2046 1002 2094 modicum
1027 2047 1162 2104 valet,
1183 2047 1274 2094 nisi
1298 2047 1412 2095 assit
1435 2046 1551 2093 lotio
1576 2047 1751 2093 mentis
1775 2061 1861 2108 per
1882 2045 2110 2108 Spiritum
2132 2046 2368 2095 Sanctum

615 2142 644 2173 a
667 2135 868 2189 peccato
894 2128 1115 2189 originali
1138 2128 1213 2175 vel
1246 2129 1449 2187 actuali;
1498 2127 1593 2175 hoc
1626 2128 1758 2174 enim
1782 2136 1856 2176 est
1884 2129 2174 2190 principium
2197 2129 2368 2179 inhac

614 2208 724 2266 fide,
771 2209 905 2270 quod
953 2210 1230 2271 quicunque
1277 2211 1362 2257 rite
1409 2210 1677 2271 baptisatus
1724 2208 1875 2267 fuerit,
1918 2210 2190 2272 baptismus
2239 2211 2368 2259 delet

615 2290 942 2352 quodcunque
989 2299 1246 2353 peccatum
1293 2292 1525 2339 invenerit
1571 2292 1622 2337 in
1668 2289 1867 2338 homine
1919 2291 2225 2353 baptisando.
2301 2292 2367 2340 Et

615 2372 728 2433 quia
763 2371 825 2419 ad
861 2372 1150 2419 deletionem
1182 2374 1367 2434 peccati
1402 2373 1652 2435 requiritur
1689 2371 1962 2430 satisfactio,
1988 2380 2036 2420 et
2071 2387 2173 2421 non
2205 2381 2368 2436 potest

614 2453 716 2500 fieri
750 2453 1009 2501 satisfactio
1042 2469 1132 2516 pro
1165 2463 1367 2516 peccato
1400 2454 1494 2502 nisi
1531 2469 1617 2516 per
1648 2461 1858 2501 mortem
1888 2451 2080 2512 Christi,
2114 2455 2226 2503 ideo
2251 2455 2366 2504 dicit

615 2535 865 2596 apostolus
886 2534 1030 2582 Rom.
1059 2536 1118 2582 vi.
1138 2550 1147 2582 :
1186 2540 1197 2559 ‘
1214 2537 1490 2598 quicunque
1509 2535 1732 2598 baptisati
1753 2550 1920 2583 sumus
1943 2535 1994 2582 in
2013 2534 2206 2584 Christo
2229 2535 2368 2603 Jesu,

614 2617 666 2662 in
691 2624 846 2663 morte
871 2617 1045 2678 ipsius4
1069 2617 1293 2679 baptisati
1318 2617 1511 2664 sumus.'

681 2697 882 2745 Alz'tlzz'a.
953 2698 1117 2746 Placet
1153 2699 1212 2746 de
1249 2699 1339 2747 ista
1373 2713 1546 2761 grossa
1574 2699 1788 2756 materia,
1825 2698 1946 2746 sicut
1982 2706 2092 2746 sunt
2127 2699 2219 2748 alia
2252 2700 2365 2748 fidei

613 2780 899 2827 rudimenta.
991 2779 1090 2827 Sed
1136 2780 1229 2838 dic,
1277 2794 1416 2841 rogO,
1465 2780 1651 2838 clarius,
1700 2780 1954 2842 quomodo
2001 2779 2234 2839 Christus,
2281 2783 2366 2845 qui

612 2869 799 2909 tantum
836 2861 984 2909 odivit
1019 2863 1159 2924 signa
1200 2861 1455 2919 sensibilia,
1493 2869 1678 2909 tantam
1718 2861 2053 2909 necessitatem
2089 2862 2365 2911 salvationis

613 2943 775 3005 posuit
807 2943 858 2990 in
890 2942 1168 3006 hujusmodi
1198 2943 1438 2991 lotione5?
1507 2942 1710 2990 Videtur
1741 2943 1872 2989 enim
1905 2942 2138 3004 derogare
2175 2943 2363 2992 divinae

610 3023 841 3074 libertati6
877 3034 1021 3088 atque
1057 3026 1319 3088 potentiae,
1345 3025 1479 3086 quod
1510 3024 1645 3072 Deus
1680 3039 1782 3071 non
1813 3031 1979 3085 posset
2013 3024 2363 3072 intercedente⁷

608 3115 713 3155 toto
750 3108 923 3155 merito
960 3122 1048 3156 suo
1085 3115 1228 3169 atque
1265 3108 1492 3168 passione
1532 3105 1714 3153 salvare
1756 3104 1991 3152 infantem
2026 3105 2101 3153 vel
2143 3106 2360 3154 adultum

610 3188 817 3247 fidelem,
860 3189 951 3236 nisi
995 3203 1024 3235 a
1065 3187 1223 3235 vetula
1264 3187 1338 3234 vel
1385 3186 1478 3234 alio
1526 3187 1684 3234 viante
1731 3186 1994 3248 baptisetur
2041 3189 2362 3237 communiter

608 3270 788 3317 infideli
799 3268 829 3317 ⁸.
921 3268 1144 3316 Similiter
1191 3268 1350 3316 delato
1393 3268 1575 3315 infante
1622 3267 1837 3314 fidelium
1885 3267 1949 3315 ad
1994 3268 2265 3327 ecclesiam,
2306 3278 2360 3318 ut

664 3391 678 3414 1
706 3391 981 3444 catecumeni]
1004 3389 1299 3436 cathecumeni,
1321 3389 1414 3429 libri
1434 3402 1558 3429 manu
1578 3388 1730 3440 scripti.
1937 3387 1953 3411 ²
1980 3388 2205 3441 baptisare]
2227 3390 2359 3442 bapti-

610 3446 702 3491 sari,
723 3447 786 3485 ed.
807 3459 869 3498 pr.
1049 3445 1064 3467 ³
1093 3444 1338 3495 effundatur]
1360 3444 1627 3490 effundantur,
1649 3444 1703 3483 D.
1724 3443 1787 3482 ed.
1807 3455 1869 3495 pr.
2052 3443 2066 3464 4
2093 3443 2240 3495 ipsius]
2261 3444 2359 3495 ejus,

609 3500 672 3538 ed.
694 3513 755 3550 pr.
950 3499 965 3522 ⁵
992 3498 1170 3550 lotione]
1192 3498 1411 3544 locutione,
1433 3498 1479 3536 B.
1673 3498 1688 3520 ⁶
1716 3496 1914 3546 libertati]
1930 3496 2179 3544 liberalitati,
2199 3497 2262 3537 ed.
2283 3511 2358 3550 pr.⁹

610 3553 824 3593 A.B.C.D.
841 3553 1041 3593 secundae
1053 3565 1210 3592 manus.
1321 3552 1336 3574 ⁷
1364 3552 1657 3604 intercedente]
1672 3551 1933 3598 intercedere,
1949 3551 2011 3590 ed.
2027 3563 2087 3603 pr.
2199 3552 2215 3574 ⁸
2243 3565 2352 3592 com-

609 3607 783 3646 muniter
802 3606 975 3659 infideli]
997 3608 1064 3647 i.e.
1086 3607 1154 3659 qui
1173 3606 1283 3646 haud
1304 3619 1395 3646 raro
1415 3605 1597 3646 infideles
1619 3612 1724 3646 sunt.
1959 3611 1963 3617 '
