2424 4120
345 429 453 497 384

1028 428 1450 492 JOANNIS
1508 429 1856 479 WICLIF
2171 449 2322 478 πλαιν.

590 565 936 626 ‘obproprium
953 562 1179 610 adversus
1194 564 1444 624 proximos
1461 563 1606 621 suOS,'
1626 563 1791 626 quales
1811 571 1921 611 sunt
1939 564 2020 626 qui
2040 578 2143 612 non
2161 561 2327 612 fovent

590 645 909 693 communiter
942 644 1248 692 detrahentes
1265 660 1277 702 ;
1326 652 1373 692 et
1406 660 1519 692 cum
1551 644 1720 692 fratres
1754 646 2017 694 mendaces
2053 653 2162 694 sunt
2194 659 2332 694 com-

587 725 794 771 muniter
816 724 910 771 isto
946 724 1145 771 crimine
1182 724 1358 782 irretiti,
1385 740 1558 772 omnes
1593 725 1759 773 fideles
1793 726 1971 773 debent
2003 741 2172 775 cavere
2195 741 2258 793 ne
2278 727 2333 774 in

587 806 787 853 crimine
828 805 920 853 isto
963 805 1082 852 sintl
1123 805 1210 853 illis
1245 806 1514 868 participes.
1590 805 1687 854 Sed
1728 807 1936 868 septimo
1978 807 2066 856 scit
2107 807 2333 856 secularis

587 887 814 934 dominus
849 894 897 935 et
932 887 1129 949 quilibet
1165 887 1332 946 fidelis,
1369 895 1603 950 quantum
1640 887 1812 936 sufficit
1848 887 1983 950 quod
2022 885 2332 951 ‘malignum'

587 983 925 1031 quemcunque
966 969 1017 1016 in
1060 969 1352 1031 conspectu2
1394 969 1510 1017 suo⁸
1551 969 1786 1018 ‘deducat
1832 969 1895 1017 ad
1941 969 2176 1029 nihilum,'
2218 985 2332 1019 cum

586 1045 819 1096 favendo4
858 1049 1030 1097 talibus
1074 1048 1186 1097 facit
1226 1050 1488 1111 proditorie
1537 1059 1706 1098 contra
1747 1050 1922 1100 Deum.
2013 1050 2111 1100 Sed
2157 1059 2331 1100 octavo

587 1130 782 1178 extollat
828 1138 876 1177 et
924 1134 935 1155 ‘
951 1130 1239 1192 glorificet⁵,'
1286 1139 1520 1194 quantum
1569 1131 1754 1189 sufficit,
1801 1131 1997 1179 fratrem
2045 1146 2202 1191 suum,
2251 1132 2335 1195 qui

587 1219 814 1274 operatur
856 1211 981 1274 juste
1029 1212 1294 1270 instantiuS,
1338 1220 1384 1260 et
1431 1220 1789 1274 perseveranter
1835 1220 1883 1260 et
1929 1213 2131 1262 filialiter
2171 1214 2337 1262 ‘timet

587 1290 779 1341 Deum!

657 1373 763 1422 Nec
800 1373 962 1422 dicant
997 1374 1180 1433 fratres,
1218 1376 1292 1422 vel
1327 1376 1418 1433 alii,
1457 1375 1616 1438 quod⁶
1652 1376 1720 1424 sic
1756 1375 2006 1438 loquendo
2043 1384 2215 1424 contra
2247 1375 2336 1424 has

589 1463 742 1503 sectas
778 1471 807 1502 a
843 1457 1037 1503 caritate
1074 1457 1381 1515 excidimus⁷,
1418 1457 1531 1519 quia
1565 1465 1722 1505 certus
1758 1473 1879 1515 sum,
1917 1456 2077 1520 quod⁸
2114 1456 2335 1506 Christus

590 1537 833 1584 Dominus
871 1552 972 1584 non
1008 1539 1164 1598 potuit
1200 1537 1252 1585 a⁹
1289 1539 1483 1585 caritate
1519 1537 1737 1595 deficere,
1775 1536 1931 1585 cum¹⁰
1965 1538 2084 1600 ipse,
2119 1540 2173 1586 u't
2207 1545 2339 1600 patet

591 1618 761 1666 Matth.
782 1619 926 1675 xxiii„
950 1627 1130 1666 sectam
1156 1619 1479 1666 Pharisaicam
1504 1620 1778 1666 acutissime
1802 1619 2088 1681 reprobavit,
2113 1634 2227 1667 cum
2250 1634 2339 1667 vae

590 1701 816 1763 octuplex
849 1716 951 1747 non
986 1700 1143 1748 solum
1175 1702 1465 1762 imprecatus
1500 1709 1572 1749 est
1604 1701 1692 1749 illis
1717 1700 1790 1749 vel
1822 1700 2142 1763 prophetavit,
2166 1700 2255 1750 sed
2287 1701 2338 1748 in

589 1783 677 1830 illis
710 1782 1022 1830 effectualiter
1051 1782 1343 1843 adimplevit.
1416 1781 1634 1829 Christus
1667 1783 1798 1829 enim
1830 1782 1893 1830 ad
1923 1781 2339 1844 magnificandum

592 1872 772 1912 sectam
798 1879 949 1921 suam,
977 1879 1124 1925 quam
1149 1863 1385 1911 ordinavit
1407 1879 1494 1926 per
1519 1879 1569 1911 se
1595 1864 1824 1922 sufficere,
1844 1878 2017 1911 omnes
2041 1863 2160 1911 tales
2185 1872 2339 1912 sectas

590 1945 836 2007 religionis
873 1945 1098 2006 privatae,
1129 1953 1180 1992 ut
1205 1944 1490 1992 Pharisaeos
1526 1943 1803 1992 Saducaeos
1840 1952 1887 1991 et
1921 1942 2174 1993 Essaeos¹¹
2210 1943 2339 1992 ordi-

591 2027 722 2073 navit
763 2025 1020 2073 destruere.
1105 2025 1250 2073 Unde
1291 2024 1508 2073 Christus
1551 2027 1599 2073 in
1649 2040 1737 2073 suo
1785 2025 2024 2087 apostolo,
2068 2025 2131 2072 ad
2171 2025 2339 2074 Titum

590 2107 762 2169 primo,
811 2105 955 2154 docet
1002 2107 1070 2154 sic
1127 2122 1219 2155 nos
1265 2107 1397 2169 ipsos
1451 2107 1674 2168 diligere:
1739 2110 1750 2131 ‘
1767 2114 1892 2164 sunt,
1939 2105 2151 2169 inquit12,
2198 2106 2338 2154 multi

592 2186 940 2245 inobedientes,
967 2188 1211 2250 vaniloqui
1244 2196 1291 2236 et
1324 2188 1615 2246 seductores,
1646 2187 1903 2236 maxime¹⁸
1926 2189 2009 2250 qui
2041 2203 2102 2236 ex
2135 2184 2339 2236 circum-

593 2270 773 2318 cisione
799 2277 922 2327 sunt‚
950 2284 1073 2332 quos
1106 2277 1299 2332 oportet
1331 2269 1565 2331 redargui,
1592 2270 1674 2332 qui
1705 2266 2000 2318 universas¹⁴
2023 2269 2200 2318 domos
2226 2270 2340 2318 sub-

593 2358 794 2408 vertunt,
840 2350 1073 2398 docentes
1115 2366 1241 2413 quae
1266 2365 1366 2397 non
1410 2358 1616 2412 oportet,
1658 2351 1811 2413 turpis
1850 2350 1969 2399 lucri
2007 2350 2191 2414 gratia?
2277 2350 2342 2400 Et

594 2431 832 2493 sequitur:
885 2435 1061 2493 ‘quam
1098 2433 1163 2479 ob
1200 2446 1395 2479 causam
1431 2432 1628 2494 increpa
1666 2431 1773 2479 illos
1809 2431 1941 2490 dure,
1977 2439 2030 2480 ut
2066 2432 2170 2480 sani
2202 2433 2342 2481 sint¹⁵

595 2513 719 2561 fides
796 2513 902 2561 Nec
940 2513 1142 2560 dubium
1177 2513 1294 2575 quin
1330 2512 1539 2575 religiosi
1564 2513 1716 2561 nostri
1752 2513 1920 2576 privati
1954 2520 2055 2562 tam
2089 2513 2342 2563 infideliter

595 2597 917 2659 appretiantes
954 2595 1092 2656 signa
1128 2609 1214 2642 sua
1249 2602 1359 2641 sunt
1394 2594 1444 2640 in
1467 2594 1562 2642 isto
1597 2594 1822 2656 capitu10,
1849 2609 2022 2643 omnes
2057 2595 2188 2643 enim
2222 2595 2342 2645 tales

594 2687 717 2736 sunt,
768 2683 780 2703 ‘
796 2676 1144 2725 inobedientes’
1193 2677 1287 2739 legi
1335 2676 1653 2738 evangelicae,
1705 2690 1817 2723 cum
1862 2670 1970 2738 plus
2016 2675 2343 2739 appretiantur

595 2761 733 2821 signa
766 2758 896 2806 sua¹⁶
922 2757 1134 2805 adultera
1170 2772 1317 2818 quam
1342 2756 1549 2804 fructum
1581 2756 1709 2822 fidei,
1735 2756 1817 2819 qui
1841 2757 1892 2804 in
1922 2756 2031 2819 lege
2062 2757 2342 2818 evangelica

593 2841 836 2888 edocetur.
915 2838 1022 2886 Nec
1065 2838 1280 2895 dubium,
1324 2838 1442 2900 quin
1488 2838 1552 2884 illi
1598 2838 1876 2900 regulariter
1917 2838 2012 2886 sint
2055 2838 2342 2901 ‘vaniloqui'

595 2922 861 2983 simplicem
880 2920 1114 2983 populum
1140 2919 1447 2978 seducendo;
1487 2918 1604 2966 tales
1623 2926 1785 2966 autem
1810 2919 2167 2981 desponsantur
2185 2919 2342 2967 cum¹⁷

594 3003 743 3064 signis
769 3003 864 3050 suis
887 3010 1120 3064 tanquam
1150 3000 1366 3048 infideles
1398 3007 1617 3062 tempore
1641 3000 1761 3062 legis
1793 3000 1986 3062 gratiae,
2011 3001 2094 3062 qui
2127 2999 2340 3063 despon-

648 3123 662 3146 1
692 3122 791 3173 sint]
813 3127 920 3167 sunt,
941 3122 1003 3161 ed.
1024 3134 1084 3173 pr.
1249 3120 1264 3143 ²
1293 3120 1534 3172 conspectu]
1557 3121 1606 3162 C.
1627 3125 1842 3167 conventu,
1862 3121 1927 3160 ed.
1946 3133 2008 3173 pr.
2171 3120 2188 3144 ³
2215 3133 2343 3173 quan-

594 3181 959 3228 tum—conspectu
979 3175 1073 3226 suo]
1096 3187 1178 3214 om.
1198 3174 1302 3214 Α.Β.
1459 3174 1475 3197 4
1501 3175 1694 3226 favendo]
1715 3175 1915 3221 faciendo,
1935 3175 1982 3214 B.
2001 3175 2158 3228 primae
2176 3188 2334 3221 manus,

594 3230 657 3269 ed.
678 3243 738 3282 pr.
902 3230 917 3253 ⁵
945 3228 1116 3269 extollat
1135 3234 1176 3269 et
1194 3227 1414 3281 glorificet]
1436 3228 1596 3268 extollit
1616 3235 1657 3268 et
1676 3228 1892 3280 glorificat,
1912 3229 2066 3270 A.B.C.
2228 3229 2245 3252 ⁶
2271 3229 2340 3269 vel

594 3284 675 3328 alii,
697 3284 827 3336 quod]
848 3297 937 3328 nos,
958 3283 1112 3323 A.B.C.
1338 3282 1354 3304 ⁷
1383 3283 1623 3334 excidimus]
1645 3283 1828 3328 deficere,
1849 3283 2005 3323 A.B.C.
2196 3283 2214 3306 ⁸
2241 3283 2336 3335 quia

595 3344 728 3377 certus
743 3351 833 3377 sum
853 3338 980 3390 quod]
1000 3337 1094 3389 quia
1114 3341 1246 3376 certus
1266 3336 1388 3388 quod,
1409 3337 1472 3376 ed.
1492 3350 1553 3388 pr.
1568 3351 1578 3383 ;
1609 3350 1703 3377 cum
1722 3337 1923 3382 Christus,
1944 3336 2100 3378 A.B.C.
2246 3337 2263 3360 ⁹
2289 3337 2335 3388 a]

594 3391 648 3436 in,
672 3392 719 3431 C.
740 3392 803 3431 ed.
822 3405 883 3444 pr.
1048 3391 1079 3415 ¹⁰
1107 3390 1220 3442 cum]
1242 3396 1282 3430 et
1302 3403 1407 3436 curn,
1429 3391 1477 3430 C.
1498 3391 1560 3430 ed.
1580 3405 1641 3444 pr.
1793 3391 1823 3415 ¹¹
1851 3396 1891 3431 et
1911 3390 2105 3443 Essaeos]
2118 3395 2166 3431 tet
2181 3403 2336 3437 omnes,

596 3446 751 3485 A.B.C.
1024 3445 1055 3468 ¹²
1081 3444 1233 3496 inquit]
1255 3445 1375 3490 enim,
1395 3444 1552 3485 A.B.C.
1811 3445 1841 3469 ¹⁸
1867 3444 2063 3496 maxime]
2083 3445 2261 3490 maximi,
2282 3445 2335 3484 A.

595 3498 625 3522 ¹⁴
653 3499 879 3551 universas]
900 3499 1120 3544 universos,
1141 3498 1204 3538 ed.
1224 3511 1285 3550 pr,
1396 3498 1425 3522 ¹⁵
1452 3498 1552 3550 sint]
1574 3504 1679 3545 sunt,
1699 3499 1745 3537 B.
1766 3498 1828 3539 ed.
1848 3511 1909 3551 pr.
2024 3499 2056 3522 ¹⁶
2084 3499 2238 3538 suntin
2256 3499 2336 3537 isto

595 3553 765 3603 —signa
785 3554 876 3605 sua]
899 3566 979 3593 om.
1002 3553 1063 3592 ed.
1085 3567 1170 3605 pr.;
1201 3565 1294 3592 cum
1314 3551 1360 3591 B.
1381 3553 1537 3604 primae
1555 3565 1712 3592 manus.
1838 3553 1867 3577 ¹⁷
1894 3551 2008 3604 cum]
2025 3565 2107 3605 om.
2128 3551 2283 3592 A.B.C.

2083 3635 2266 3668 WIOLIF
