2436 4094
0 1260 18 1328 ,τιατ
0 1065 21 1255 ον’-Μ’Ἷτῑνυῑι

0 1474 14 1555 ’ἐπὶ
0 1448 22 1463 ’ΔΓ
4 1436 15 1441 ’Δ
0 1422 12 1430 ὲ

0 1773 3 1784 -
0 1756 4 1763 v
0 1725 13 1748 s-
0 1667 11 1718 ··:=<÷
0 1559 15 1659 :tq-'WFY

0 1915 12 2003 J'V'a
0 1846 11 1878 ’Ἴ
7 1822 10 1829 .

0 3627 10 3786 ψων-ι-ν-
0 3587 9 3613 a·
0 3430 10 3575 w1trr-nv
0 3389 6 3414 ff-
3 3367 5 3371 —
0 3298 9 3307 .’
0 3258 7 3278 <2⁴

84 3448 85 3451 ’
145 3436 226 3482 A.;
255 3440 302 3476 ut
321 3436 513 3488 tegendo,
534 3435 635 3476 ΒΩ.

163 449 316 485 caras.
749 430 1335 483 TRIALOG'US.

162 562 403 612 humiliter
436 565 694 628 patiuntur.
765 566 840 615 Illi
875 575 1037 615 autem
1072 568 1154 631 qui
1193 567 1534 626 contendunt¹‚
1572 567 1653 631 qui
1692 576 1914 631 pugnant

161 645 237 693 vel
272 646 628 709 subterfugiunt
663 648 790 697 hanc
824 649 1120 711 patientiam,
1158 650 1426 697 vecorditer
1467 650 1550 697 fini
1592 650 1823 711 ambiguo
1860 665 1912 697 se

161 737 429 791 exponunt.
499 729 563 778 Et
587 731 656 778 sic
686 731 980 794 exemplum,
1005 732 1127 779 ratio
1152 739 1199 779 et
1232 733 1461 780 autoritas
1496 732 1762 780 animarent
1795 731 1913 780 fide-

159 809 258 858 lem
282 811 346 859 ad
369 826 422 860 se
446 813 794 874 exponendum
818 814 1032 861 martirio
1046 829 1059 873 ;
1098 813 1184 862 sed
1210 814 1431 862 diabolus
1464 822 1652 862 tantum
1685 823 1914 863 excaecat

158 891 384 941 homines
419 908 585 942 amore
621 896 778 943 carnis
814 903 861 943 et
897 896 1059 952 seculi,
1084 895 1218 957 quod
1243 896 1319 942 vix
1355 911 1508 943 unum
1543 897 1757 944 invenies
1795 897 1912 959 quin

158 974 509 1037 praevaricetur
533 976 582 1023 in
607 977 818 1038 primum
851 976 1135 1024 mandatum
1169 977 1403 1039 decalogi.
1478 977 1645 1025 Sciunt
1669 979 1799 1025 enim
1822 993 1912 1040 pro

158 1054 251 1102 levi
272 1055 408 1103 bono
432 1054 654 1103 fortunae
678 1055 979 1104 vel'seculari
1005 1058 1223 1105 dominio
1250 1073 1386 1106 suam
1411 1059 1636 1121 injuriam
1655 1060 1912 1117 vindicare,

157 1135 246 1185 sed
269 1151 359 1199 pro
381 1137 672 1187 vindicanda
694 1137 789 1186 Dei
818 1138 992 1202 injuria
1023 1147 1135 1187 sunt
1158 1139 1403 1197 vecordes,
1432 1156 1545 1188 cum
1578 1141 1747 1190 nimis2
1770 1142 1913 1204 pauci

157 1218 339 1267 audent
379 1217 474 1267 Dei
513 1219 752 1283 injuriam,
796 1220 1065 1269 secundum
1106 1221 1265 1284 legem
1307 1222 1608 1284 scripturae³‚
1651 1224 1912 1271 antichristi

156 1299 404 1363 discipulis
446 1316 673 1350 reserare.
747 1301 1016 1362 Quomodo
1057 1318 1176 1366 ergo
1218 1304 1337 1351 tales
1378 1304 1641 1352 vindictam
1684 1314 1914 1367 caperent

155 1396 247 1445 pro
280 1381 375 1431 Dei
409 1383 584 1446 injuria
617 1384 692 1432 vel
730 1400 819 1448 pro
857 1384 1140 1433 defensione
1179 1386 1388 1449 justitiae
1423 1389 1732 1449 paterentur?
1791 1388 1912 1435 Ideo

155 1457 271 1513 cum
294 1479 468 1514 omnes
492 1467 676 1514 viantes
701 1467 881 1515 debent
904 1482 1011 1515 esse
1038 1467 1213 1515 Christi
1238 1467 1424 1526 milites,
1445 1476 1590 1532 patet,
1618 1485 1765 1531 quam
1790 1470 1911 1517 mul-

155 1554 235 1595 tos
257 1562 428 1596 eorum
451 1549 679 1597 vecordia
703 1549 1088 1607 condemnabit⁴‚
1115 1564 1228 1597 cum
1253 1549 1396 1597 timor
1420 1550 1695 1599 amissionis
1720 1559 1911 1614 tempo-

154 1628 340 1686 ralium,
360 1629 597 1677 amicitiae
622 1630 914 1689 mundanae,
935 1638 982 1678 et
1006 1631 1149 1678 timor
1174 1630 1355 1693 fragilis
1380 1632 1498 1679 boni
1523 1634 1741 1695 corporis
1767 1634 1910 1681 nimis

154 1710 335 1759 multos
363 1710 546 1759 faciunt
576 1711 812 1771 infideles,
837 1712 912 1760 vel
944 1712 1247 1775 detegendo5
1272 1728 1472 1761 causam
1506 1713 1600 1761 Dei
1625 1714 1699 1762 vel
1736 1715 1909 1764 stando

153 1806 244 1855 pro
275 1793 367 1841 ista
389 1793 592 1851 viriliter,
618 1793 692 1841 vel
720 1802 943 1852 mortem,
970 1795 1009 1842 si
1034 1803 1271 1857 oporteat,
1297 1795 1541 1857 patiendo
1613 1795 1759 1844 Unde
1792 1798 1908 1845 luci-

152 1872 414 1923 ferina.est
447 1875 708 1934 excusatiO,
734 1890 831 1938 qua
865 1875 1146 1938 hypocritae
1182 1876 1406 1924 moderni
1442 1877 1621 1936 dicunt,
1648 1878 1782 1940 quod
1807 1893 1908 1926 non

151 1964 347 2019 oportet
380 1955 540 2014 hodie,
578 1956 700 2006 sicut
734 1958 786 2004 in
820 1957 1059 2020 primitiva
1094 1958 1310 2017 ecclesia,
1342 1959 1441 2021 pati
1477 1961 1756 2018 martirium,
1794 1961 1909 2023 quia

151 2052 286 2087 nunc
308 2053 484 2087 omnes
506 2038 581 2086 vel
604 2039 762 2102 major
783 2054 897 2102 pars
930 2040 1288 2093 conviventium
1321 2049 1431 2089 sunt
1460 2041 1641 2100 fideles,
1668 2042 1780 2090 ideo
1806 2058 1907 2090 non

150 2128 370 2183 superest
403 2128 648 2184 tyrannus,
685 2122 767 2184 qui
803 2130 1124 2185 prosequatur
1159 2131 1330 2172 contra
1365 2122 1612 2171 Christum
1652 2139 1808 2187 usque
1844 2126 1907 2174 ad

150 2209 362 2250 mortem
401 2203 622 2251 membra
661 2204 795 2267 ejus;
850 2212 899 2252 et
939 2203 1060 2252 haec
1097 2205 1234 2263 ratio,
1277 2220 1426 2268 quare
1467 2205 1614 2254 hodie
1656 2222 1757 2254 non
1794 2217 1907 2256 sunt

151 2283 371 2332 martires
389 2283 510 2333 sicut
527 2284 659 2333 olim.
731 2284 830 2334 Sed
854 2293 1041 2334 certum
1064 2295 1150 2346 est,
1171 2287 1306 2350 quod
1330 2303 1359 2336 a
1383 2287 1578 2336 diabolo
1603 2289 1906 2338 adinvenitur

150 2364 273 2414 haec
296 2367 545 2416 excusatio
569 2366 620 2415 in
652 2375 871 2430 peccat0,
897 2383 1019 2421 cum,
1041 2369 1221 2418 fidelis⁶
1251 2369 1425 2418 stando
1458 2385 1547 2433 pro
1580 2370 1688 2434 lege
1715 2371 1906 2430 Christi,

150 2447 274 2496 sicut
314 2449 419 2512 ejus
459 2448 636 2506 miles⁷,
672 2450 840 2498 omnia
881 2466 911 2499 a
948 2452 1151 2514 satrapis
1188 2451 1466 2514 pateretur⁸,
1502 2461 1556 2501 ut
1591 2453 1719 2501 dicat
1753 2453 1905 2502 homo

148 2545 308 2593 papae
331 2537 380 2578 et
402 2530 737 2590 cardinalibuS‚
757 2532 1002 2595 episcopis
1026 2541 1073 2581 et
1097 2534 1319 2596 praelatis
1343 2534 1444 2583 aliis
1469 2543 1762 2595 constanter,
1782 2551 1905 2598 quo-

151 2611 305 2660 modo
329 2627 391 2660 ex
414 2612 510 2660 fide
534 2613 769 2674 evangelii
794 2614 970 2676 injuste
994 2614 1266 2663 ministrant
1290 2615 1401 2664 Deo
1435 2618 1485 2664 in
1518 2617 1616 2664 suis
1649 2617 1831 2675 officiis,
1857 2626 1905 2665 et

147 2693 329 2744 faciunt
351 2693 674 2756 periculosam
704 2694 929 2760 injuriam
962 2696 1061 2743 suis
1093 2697 1321 2759 subjectis
1335 2713 1347 2756 ;
1397 2705 1445 2745 et
1477 2698 1636 2746 statim
1669 2698 1729 2746 de
1758 2699 1904 2746 inter-

146 2773 388 2824 emtione⁹
411 2789 500 2824 sua
521 2775 596 2824 vel
619 2791 720 2824 uno
746 2776 896 2824 modo
921 2776 995 2824 vel
1020 2777 1113 2825 alio
1137 2778 1472 2841 providebunt.
1542 2779 1607 2828 Et
1639 2780 1904 2830 conformis

147 2865 222 2907 est
244 2858 367 2907 ratio
403 2857 466 2906 de
501 2857 711 2906 dominis
746 2859 1092 2921 temporalibus
1129 2868 1176 2908 et
1211 2861 1328 2919 aliis,
1355 2861 1442 2909 sed
1477 2876 1579 2909 non
1613 2870 1759 2921 tanta,
1790 2864 1904 2925 quia

146 2942 159 2965 ⁴
175 2938 510 2989 abhominatio
529 2938 902 2988 desolationis¹⁰'
924 2941 1091 3004 incipit
1115 2957 1144 2990 a
1169 2942 1297 2990 clero
1323 2958 1563 3005 perver80‚
1585 2945 1706 2992 sicut
1725 2960 1753 2992 a
1773 2945 1903 2994 clero

146 3036 387 3070 converso
407 3020 678 3070 consolatio
698 3021 784 3070 fuit
803 3030 923 3071 orta.
985 3023 1048 3071 Et
1068 3024 1135 3072 sic
1155 3039 1257 3072 non
1282 3033 1473 3087 oportet
1491 3041 1582 3074 nos
1602 3025 1903 3076 Christianos

147 3105 337 3154 visitare
362 3119 586 3168 paganos
609 3120 700 3168 pro
732 3104 849 3167 ipsis
880 3106 1218 3155 convertendis
1243 3107 1356 3155 vel¹¹
1384 3108 1597 3156 martirio
1631 3109 1901 3164 subeundo,

200 3272 215 3298 ¹
243 3271 517 3325 contendunt]
538 3272 781 3319 concedunt,
799 3273 863 3312 ed.
884 3285 945 3325 pr.
1113 3272 1129 3295 ²
1156 3272 1295 3324 nimis]
1316 3272 1463 3318 minus,
1484 3272 1546 3313 ed.
1568 3285 1628 3325 pr.
1801 3273 1816 3296 ³
1842 3286 1902 3314 se·

145 3326 326 3368 cundum
354 3326 487 3380 legem
517 3326 759 3379 scripturae]
790 3327 1013 3367 secundum
1042 3326 1177 3371 fidem,
1207 3327 1308 3366 alias
1336 3327 1469 3378 legem
1499 3327 1733 3379 scripturae,
1755 3328 1817 3368 ed.
1839 3341 1900 3381 pr.

145 3380 161 3404 ¹
189 3380 498 3434 condemnabit]
519 3381 820 3427 condemnavit,
840 3381 903 3421 ed.
923 3394 983 3433 pr.
1166 3381 1181 3404 ⁵
1210 3381 1273 3421 vel
1293 3381 1544 3434 detegendo]
1567 3388 1611 3421 ut
1632 3383 1900 3435 protegendo,

812 3436 828 3459 ⁶
856 3434 1007 3487 fidelis]
1029 3434 1180 3481 fideles,
1197 3436 1260 3475 ed.
1281 3449 1341 3487 pr.
1532 3435 1548 3458 ⁷
1576 3435 1712 3488 miles]
1734 3436 1896 3485 milites,

145 3489 304 3531 A.B.C.
445 3491 461 3514 ⁸
489 3489 716 3543 pateretur]
734 3494 981 3542 paterentur,
1003 3490 1056 3529 A.
1201 3491 1216 3512 ⁹
1246 3490 1550 3543 interemtione]
1573 3491 1736 3543 proprie
1756 3497 1766 3513 ‘
1780 3491 1900 3532 inter·

143 3544 398 3597 emptione;’
430 3543 703 3590 internitione‚
724 3544 787 3584 ed.
808 3558 868 3596 pr.
1048 3545 1076 3568 ¹⁰
1106 3543 1155 3583 cs.
1179 3545 1328 3584 Matth.
1350 3544 1453 3583 xxiv.
1479 3556 1540 3595 15.
1743 3547 1771 3570 ¹¹
1801 3547 1899 3599 ipsis

143 3598 434 3640 convertendis
455 3599 539 3652 vel]
562 3599 660 3653 ipsis
681 3598 957 3640 convertendo
979 3598 1055 3646 vel,
1074 3599 1125 3638 A.
1141 3613 1149 3645 ;
1182 3599 1270 3639 istis
1287 3600 1568 3640 convertendis
1588 3613 1693 3647 cum,
1714 3600 1776 3641 ed.
1798 3615 1858 3654 pr.

2058 431 2152 482 181
