2462 4114
54 403 285 499 lys-m,
413 484 420 492 p
721 431 1303 482 TRIALOGUS.

70 590 106 622 ;;
103 573 496 631 manenter,
533 566 668 630 quod
702 567 857 615 oratio
892 567 972 616 illa
1012 567 1183 616 devote
1224 567 1378 616 effusa
1418 582 1508 630 pro
1543 568 1729 631 populo
1763 566 1873 631 plus

81 635 326 720 {met
366 647 528 696 eidem
562 662 712 711 quam
754 648 914 711 aliqua
954 649 1124 706 oratiO,
1166 664 1315 712 quam
1355 649 1523 698 fratres
1561 649 1636 698 vel
1673 650 1874 713 praelati

88 718 101 752 ”·
93 723 286 802 ‘zfffflnt
307 726 466 778 dicere
490 737 574 778 aut
595 745 814 793 unquam
837 729 1154 792 postmodum
1174 730 1471 780 invenerunt.
1527 729 1591 779 Et
1608 731 1873 794 numquid²

25 807 27 813 ’
83 819 109 868 2-
109 802 391 878 fflcano
445 809 573 859 facta
617 826 706 874 per
752 810 999 859 Christum
1048 810 1133 859 sit²
1178 811 1350 859 melior
1395 827 1544 875 quam
1589 813 1875 876 blasphema

91 879 113 903 ”
99 886 386 957 ἡμίσηῖίο
426 906 576 955 quam
615 891 784 940 fratres
826 892 1017 954 fingunt
1058 907 1110 940 se
1151 892 1240 940 illis
1276 895 1512 955 personis,
1549 910 1673 957 quae
1709 895 1876 943 volunt

61 978 96 1035 1':
122 968 251 1024 dhre
266 973 359 1022 sibi
382 973 655 1037 pecuniam,
681 973 982 1036 applicare⁸P
1039 973 1102 1022 Et
1127 975 1264 1022 cum4
1281 976 1424 1033 beati,
1445 976 1566 1024 sicut
1589 991 1650 1024 ex
1674 976 1876 1024 letania⁶

116 1054 464 1120 Jfflpponimuffl
493 1062 635 1106 orant
665 1069 757 1118 pro
790 1054 994 1103 ecclesia
1026 1055 1274 1114 militante,
1306 1057 1491 1104 videtur
1511 1057 1644 1120 quod
1675 1058 1876 1106 istorum

111 1131 407 1187 beatorum
441 1136 598 1184 oratio
634 1136 693 1184 sit
727 1136 872 1199 longe
908 1136 1078 1184 melior
1113 1137 1256 1186 nobis
1295 1153 1444 1200 quam
1485 1139 1639 1187 oratio
1675 1139 1876 1188 istorum

67 1258 76 1277 ,.
124 1206 355 1269 flur-um'
397 1218 474 1267 vel
519 1219 674 1267 oratio
723 1219 1060 1282 praelatorum.
1130 1220 1194 1268 Et
1241 1221 1377 1269 cum⁸
1424 1223 1500 1270 isti
1551 1223 1680 1270 beati
1728 1224 1877 1271 instar

63 1333 72 1369 J
127 1298 306 1353 ffisti
343 1301 454 1365 plus
501 1309 667 1350 amant
713 1302 950 1365 populum
997 1317 1146 1365 quam
1185 1319 1448 1366 personam
1495 1305 1741 1367 privatam,
1785 1321 1875 1353 nec

12 1385 13 1393 ’
64 1383 70 1406 ²*
115 1375 326 1449 fpropter
358 1383 472 1432 talia
507 1391 718 1432 stercora
753 1391 956 1446 possunt
991 1383 1119 1432 flecti
1134 1400 1146 1443 3
1199 1386 1313 1433 satis
1349 1394 1550 1448 apparet
1584 1385 1714 1444 mihi,
1740 1386 1874 1449 quod

0 1489 1 1504 π
128 1465 367 1530 generalis
412 1480 584 1514 eorum
631 1466 784 1513 oratio
831 1465 940 1528 plus
987 1466 1139 1528 prosit
1181 1466 1412 1515 ecclesiae
1460 1468 1678 1516 militanti
1726 1483 1874 1531 quam

67 1569 71 1602 5
128 1545 327 1596 fratrum
373 1547 527 1595 oratio
575 1546 808 1610 specialis.
885 1545 1004 1594 Non
1051 1547 1181 1595 enim
1227 1549 1564 1610 praesumunt⁹
1611 1548 1779 1598 fratres
1825 1565 1876 1597 se

129 1629 358 1679 extollere
393 1643 540 1692 supra
575 1636 782 1677 sanctos.
853 1628 914 1675 In
949 1628 1040 1676 ista
1074 1644 1192 1691 ergo
1228 1628 1503 1678 infidelitate
1540 1630 1725 1678 videtur
1759 1630 1877 1678 mihi

67 1720 73 1730 ²
129 1710 266 1775 quod
287 1710 455 1759 fratres
479 1709 784 1767 damnarunt,
811 1717 1048 1772 quantum
1070 1710 1120 1756 in
1153 1711 1222 1758 eis
1255 1718 1339 1768 est,
1367 1710 1612 1759 Christum
1637 1719 1684 1758 et
1707 1726 1879 1759 omnes

65 1798 67 1802 ”
130 1792 260 1841 cives
295 1791 530 1840 coelestes
564 1799 612 1839 et
646 1806 733 1853 per
762 1805 1071 1853 consequens
1099 1798 1251 1838 totam
1288 1792 1574 1839 militantem
1609 1793 1878 1850 ecclesiam,

5 1874 8 1906 ἶ
129 1886 261 1938 quae»
273 1872 383 1937 plus
401 1873 694 1936 appretiatur
712 1872 983 1920 orationem
1002 1872 1315 1921 Dominicam
1334 1866 1481 1936 quam
1505 1874 1622 1922 istas
1646 1874 1880 1936 speciales

5 1976 30 1994 .-
52 1974 65 2011 J·
130 1948 377 2006 orationes
401 1962 449 2003 et
471 1953 665 2002 frivolas
688 1970 718 2002 a
741 1954 963 2002 fratribus
988 1954 1220 2002 inventas,
1294 1975 1301 1979 -

57 2037 62 2061 ⁵
134 2043 154 2072 V
197 2031 470 2090 Phroneszk.
540 2034 706 2084 Placet
720 2034 851 2093 mihi,
869 2049 1020 2093 soror,
1036 2034 1214 2098 quod¹⁰
1228 2035 1370 2082 istam
1384 2034 1667 2083 haeresim¹1
1683 2035 1882 2083 fratrum

8 2122 10 2127 '
47 2123 71 2171 f
130 2117 384 2169 dimissam
420 2113 700 2166 consideras
734 2125 835 2165 tam
870 2125 1024 2165 acute.
1096 2116 1203 2165 Nec
1240 2117 1408 2164 dubito
1446 2118 1563 2179 quin
1599 2118 1690 2165 ista
1726 2118 1881 2165 deter-

50 2187 70 2228 ἷ
132 2199 339 2251 minatio
379 2194 536 2263 sapiat
575 2198 817 2247 haeresim
855 2197 1231 2258 manifestam¹²;
1285 2207 1333 2247 et
1374 2199 1520 2246 claret
1560 2199 1695 2256 ratio,
1735 2214 1882 2261 quare

55 2273 65 2302 ‘³
130 2273 254 2331 haec
298 2278 512 2329 haeresis
559 2279 713 2327 taliter
757 2278 1014 2342 pullulavit.
1091 2278 1280 2327 Fratres
1327 2279 1458 2327 enim
1504 2295 1591 2341 per
1638 2280 1882 2327 orationes

2 2416 5 2417 ⁷
48 2395 59 2403 s
129 2360 411 2426 hujusmodi
456 2360 661 2409 illudunt
706 2360 891 2424 populo
939 2375 1039 2423 quo
1086 2360 1149 2409 ad
1195 2359 1372 2418 Deum,
1415 2368 1463 2407 et
1509 2359 1626 2407 false
1675 2360 1883 2422 spoliant

6 2447 7 2450 ’
50 2446 52 2451 ’
113 2442 370 2509 'populum
397 2457 498 2506 quo
521 2442 586 2492 ad
617 2442 871 2500 mundum,
896 2449 944 2490 et
977 2441 1090 2490 hinc
1123 2442 1367 2490 orationes
1395 2441 1499 2490 illas
1530 2449 1663 2489 tante
1695 2441 1883 2504 magni-

0 2528 2 2530 ’
130 2525 294 2575 fleant.
362 2523 471 2572 Et¹⁸
502 2531 556 2572 ut
590 2523 826 2572 sententia
860 2537 948 2571 sua
975 2522 1151 2571 habeat
1174 2523 1331 2585 majus
1365 2523 1526 2580 robur,
1552 2530 1599 2570 et
1630 2523 1790 2570 minus
1822 2538 1882 2570 ex

130 2606 391 2656 affectione
411 2605 728 2669 proprietaria
751 2603 854 2652 sit¹⁴
879 2611 1106 2666 suspecta
1129 2603 1417 2666 copularunt
1441 2603 1608 2651 fratres
1632 2603 1723 2651 sibi
1747 2618 1883 2651 com-

47 2671 57 2725 s
108 2689 343 2753 Vmuniter
375 2686 629 2750 religiosos
664 2693 712 2735 et
745 2684 1064 2748 episcopos¹⁶‚
1102 2684 1190 2732 sed
1225 2683 1403 2732 Christi
1439 2693 1486 2732 et
1523 2693 1799 2732 sanctorum
1835 2685 1884 2732 in

14 2806 16 2810 »
44 2819 52 2828 ,
133 2766 290 2835 patria
312 2767 563 2819 subdole¹⁸
588 2775 700 2816 sunt
725 2766 873 2815 obliti.

44 2854 48 2858 ”
132 2864 139 2888 ι’
205 2847 305 2900 Sed
327 2850 525 2900 ulterius
556 2846 838 2898 accedendo
847 2846 884 2874 ¹⁷
907 2847 971 2895 ad
1003 2847 1342 2909 quaestionem
1373 2861 1521 2909 quam
1555 2846 1758 2909 quaeris,
1783 2860 1884 2894 non
1947 2857 1953 2863 ’

138 2968 144 2970 ⁷
184 2979 208 3005 ‘¹
233 2990 333 3020 num
391 2976 452 3030 ]
483 2989 567 3018 om.
599 2976 652 3016 A.
682 2975 840 3028 primae
869 2987 1027 3021 manus,
1060 2974 1106 3014 B.
1391 2973 1408 2996 ²
1436 2973 1508 3025 sit]
1540 2978 1615 3018 est,
1647 2973 1695 3013 C.
1727 2972 1791 3013 ed.
1823 2985 1884 3026 pr.

58 3035 86 3041 ²
116 3030 169 3074 ,Ψ
178 3045 303 3087 quam
487 3030 789 3084 t—applicare]
835 3043 919 3071 om.
958 3029 1012 3069 A.
1050 3028 1207 3081 primae
1251 3040 1408 3074 manus,
1446 3027 1519 3074 B.;
1565 3039 1689 3080 quam
1725 3026 1885 3079 fingunt

136 3085 557 3140 finus-applicare,
577 3085 625 3126 C.
646 3084 711 3125 ed.
730 3097 793 3137 pr.
975 3082 990 3106 ¹
1018 3082 1131 3135 cum]
1153 3095 1236 3123 om.
1257 3082 1310 3122 A.
1313 3082 1359 3122 Β.
1367 3082 1414 3122 C.
1603 3081 1619 3104 ⁶
1645 3080 1796 3121 letania
1815 3081 1840 3121 i.
1849 3093 1884 3121 e.

55 3167 57 3171 <
135 3140 294 3184 litania.
565 3138 583 3163 ⁸
608 3137 845 3190 beatorum]
867 3150 949 3178 om.
971 3137 1024 3177 A.
1027 3136 1074 3176 Β.
1076 3137 1126 3177 C.
1371 3135 1387 3158 ⁷
1414 3134 1606 3186 fratrum]
1627 3147 1708 3175 om.
1731 3135 1783 3174 A.
1787 3135 1832 3174 Β.
1836 3135 1885 3176 C.

64 3238 68 3243 ,
133 3187 163 3221 ε
181 3193 306 3257 cm]
317 3207 400 3235 om.
421 3193 474 3233 A.
476 3192 524 3232 B.
528 3193 577 3234 C.
753 3192 769 3215 ⁹
798 3205 884 3232 non
903 3192 1012 3232 enim
1032 3189 1317 3244 praesumunt]
1339 3194 1602 3242 praesumunt
1620 3202 1732 3241 ergo,
1754 3189 1807 3228 A.
1813 3189 1884 3236 B.;

51 3277 65 3290 ,
136 3262 224 3291 non
242 3247 352 3290 enim
373 3252 647 3302 praesument,
667 3246 732 3286 ed.
750 3259 811 3298 pr.
1022 3246 1053 3270 ¹⁰
1080 3243 1211 3297 quod]
1232 3244 1343 3297 quod
1362 3243 1562 3288 detexisti,
1585 3242 1631 3282 B.
1652 3243 1730 3289 A.;
1761 3249 1815 3289 et,
1835 3243 1885 3284 C.

54 3323 65 3341 ·.
136 3315 295 3391 ffunae
313 3314 473 3348 manus,
492 3300 557 3341 ed.
572 3314 634 3353 pr.
758 3301 787 3325 ¹¹
815 3299 1036 3351 haeresim]
1057 3298 1258 3339 haeresim
1275 3297 1546 3342 manifestam,
1567 3298 1619 3336 A.
1623 3296 1669 3336 B.
1673 3297 1721 3337 C.
1741 3297 1805 3337 ed.
1826 3310 1887 3350 pr.

200 3356 375 3398 fratrum
413 3331 881 3395 dimissam—haeresim
918 3352 1196 3404 manifestam]
1232 3365 1314 3392 om.
1350 3352 1412 3398 Β.,
1446 3351 1498 3390 A.
1538 3351 1693 3403 primae
1730 3364 1887 3392 manus.

68 3410 102 3454 ,'‘-'-
137 3410 292 3459 Editio
319 3409 510 3463 princeps
538 3407 693 3449 habet‘
707 3407 926 3448 commissa
954 3407 1235 3447 considerans·
1263 3418 1339 3458 pro
1368 3405 1602 3445 dimissam
1630 3405 1888 3446 consideras.

138 3461 188 3500 *ἴ
179 3465 258 3527 et]
278 3477 362 3505 om.
381 3462 447 3503 ed.
468 3476 530 3515 pr.
748 3460 779 3485 ¹⁴
806 3460 878 3513 sit]
899 3461 970 3506 sic,
990 3461 1054 3501 ed.
1075 3473 1135 3513 pr.
1363 3459 1392 3484 ¹⁶
1420 3459 1655 3512 episcopos]
1672 3459 1889 3512 episcopos

53 3571 57 3573 λ
139 3516 539 3626 fflezuntdedd
550 3528 665 3615 pre&
741 3515 771 3539 ¹⁸
799 3514 990 3566 subdole]
1012 3514 1079 3555 isti
1099 3514 1242 3554 fratres
1261 3512 1445 3559 subdole,
1465 3513 1529 3553 ed.
1549 3526 1610 3566 pr.
1721 3512 1750 3537 ¹⁷
1777 3526 1891 3555 acce-

42 3599 46 3607 ·
250 3585 278 3614 ο
318 3585 343 3612 a
381 3584 432 3612 en
461 3583 512 3611 en
542 3582 568 3611 o
687 3582 747 3621 pr.

2010 432 2110 498 381
