2436 4094
173 421 323 458 cuma
783 392 1349 443 TRIALOGUS.
2070 410 2167 462 119

173 521 411 583 paulative
453 524 731 588 incipiendo
774 527 917 574 nimis
958 527 1039 575 diu
1081 527 1327 574 immorari
1372 528 1424 574 in
1470 528 1640 575 notitia
1680 542 1839 575 rerum
1880 529 1931 592 in

171 605 373 666 proprio
388 620 582 668 genere.
655 606 801 655 Unde
826 608 932 655 talis
955 623 1093 656 mora
1117 616 1189 656 est
1212 609 1482 671 periculosa
1505 610 1557 657 in
1580 610 1736 668 nobis,
1757 617 1806 657 et
1828 625 1931 658 non

170 683 310 734 infuit
340 686 526 750 angelis
559 689 868 737 confirmatis.
944 689 1043 737 Sed
1067 705 1170 738 non
1193 690 1350 747 video,
1377 691 1493 753 quin
1529 691 1594 738 illi
1630 691 1790 753 angeli
1826 699 1927 739 tam

170 761 288 815 tunc
305 782 454 830 quam
479 770 630 818 modo
655 778 863 832 possunt
887 785 1186 833 cognoscere
1211 787 1287 819 res
1311 772 1362 818 in
1385 787 1564 834 genere
1589 772 1828 835 proprio¹,
1855 773 1923 823 sic

167 854 348 907 tamen,
373 849 508 912 quod
531 852 753 899 notitiam
777 853 1065 900 matutinam
1098 853 1310 901 debitam
1343 868 1446 901 non
1470 853 1733 901 omittant².
1805 853 1928 902 Ideo

165 937 240 978 est
262 931 528 998 verisimile,
549 933 685 996 quod
708 934 771 981 illi
790 934 948 996 angeli
973 934 1243 982 confirmati
1269 949 1346 983 res
1369 935 1419 982 in
1435 936 1583 982 verbo
1603 935 1929 983 basilicaliter⁸

166 1014 482 1074 cognoscant,
507 1022 555 1084 et
579 1030 693 1063 cum
715 1015 811 1063 hoc
835 1015 987 1063 modo
1019 1016 1215 1063 visionis
1246 1015 1478 1064 refractae
1511 1024 1820 1078 cognoscunt
1851 1031 1928 1064 res

164 1092 217 1169 in
254 1095 454 1170 proprio
488 1099 682 1159 genere.
752 1097 947 1145 Diaboli
982 1105 1145 1145 autem
1181 1098 1452 1145 confirmati
1488 1098 1703 1155 fuissent,
1731 1098 1770 1146 si
1805 1105 1927 1145 tem-

164 1175 348 1237 pestive
388 1186 436 1226 et
482 1177 643 1227 debite
684 1178 747 1226 ad
788 1178 881 1226 Dei
925 1179 1119 1226 laudem
1160 1186 1304 1241 atque
1347 1179 1569 1226 notitiam
1611 1178 1927 1226 divertissent.

165 1254 420 1316 Quantum
458 1259 523 1308 ad
558 1262 746 1308 tertium
786 1269 1142 1323 argumentum,
1181 1260 1402 1308 concedo
1442 1268 1758 1322 assumptum,
1795 1259 1926 1307 unde

162 1339 471 1390 confirmatio
495 1343 715 1390 consistit
737 1342 1006 1391 radicaliter
1029 1343 1078 1389 in
1102 1341 1540 1404 praedestinatione
1566 1342 1727 1389 divina
1750 1349 1798 1389 et
1822 1341 1926 1404 ejus

163 1421 437 1471 assistentia
481 1425 707 1488 gratiosa.
792 1423 1008 1487 Lapsus⁴
1055 1431 1216 1472 autem
1264 1423 1482 1471 consistit
1530 1422 1828 1485 culpabiliter
1875 1423 1925 1469 in

165 1511 411 1554 creaturae
449 1506 759 1569 negligentia,
797 1515 851 1555 ut
892 1507 1077 1569 primus
1119 1504 1321 1567 angelus
1363 1504 1667 1566 negligenter
1708 1512 1925 1553 moratus

161 1593 237 1633 est
275 1585 327 1634 in
367 1588 538 1636 notitia
573 1596 819 1637 creaturae
854 1589 905 1635 in
946 1602 1036 1635 suo
1073 1601 1268 1649 genere,
1312 1594 1360 1633 et
1403 1587 1470 1633 sic
1512 1600 1674 1648 neque
1710 1586 1920 1634 volentis

161 1669 324 1731 angeli
358 1684 518 1733 neque
555 1672 788 1719 currentis
821 1669 1034 1718 hominis
1066 1677 1136 1716 est
1159 1683 1246 1731 per
1279 1682 1332 1715 se
1364 1656 1683 1725 confirmatiO,
1710 1667 1797 1716 sed
1828 1667 1923 1715 Dei

163 1750 474 1800 miserentis⁵.

879 1917 1038 1967 CAP.
1076 1916 1219 1964 XIII.

523 2027 748 2087 Quomodo
770 2028 930 2091 angeli
946 2028 1055 2076 boni
1072 2042 1175 2074 cum
1199 2027 1337 2074 malis
1351 2032 1571 2088 pugnent.

148 2147 173 2161 '¹
231 2145 435 2204 Alt'thz‘a.
506 2146 657 2204 Licet,
681 2146 826 2194 frater
858 2145 1134 2202 PhronesiS,
1169 2143 1410 2192 sententia
1441 2143 1531 2190 ista
1562 2143 1779 2190 videatur
1811 2157 1924 2205 pro-

162 2227 350 2287 babilis,
373 2236 538 2277 tamen
562 2236 780 2292 superest
810 2227 1056 2291 dzfficullas
1087 2227 1226 2274 tertia
1258 2223 1564 2282 declaranda,
1589 2223 1770 2272 scilicet
1803 2238 1925 2286 quo-

164 2309 317 2358 modo
351 2310 462 2358 boni
487 2311 651 2374 angeli
666 2316 890 2374 pugnant
921 2325 1022 2356 cum
1059 2309 1211 2366 malis,
1248 2315 1295 2355 et
1331 2306 1554 2369 quando⁶
1592 2306 1839 2368 inceperat
1876 2314 1923 2353 et

162 2392 364 2456 quando
387 2393 719 2440 terminabitur
741 2393 831 2440 ista
854 2406 1036 2454 pugna.
2266 2333 2272 2420 Ι

230 2473 503 2522 Ρῇνοηεειὶτ.
573 2473 717 2522 Fides
755 2474 1017 2536 scripturae
1052 2473 1103 2519 in
1139 2469 1419 2533 apocalypsi
1453 2468 1693 2533 Johannis
1728 2477 1775 2516 et
1810 2483 1923 2531 pro·
1980 2479 2086 2547 9333}
2098 2480 2200 2547 ⁵2¹1‘uam

163 2555 329 2619 phetia
363 2555 582 2616 Danielis
623 2556 834 2603 edocent
868 2554 998 2601 illam
1035 2567 1268 2615 pugnam.
1339 2550 1458 2599 Non
1492 2559 1657 2599 tamen
1692 2550 1919 2612 intelligo,
1978 2521 2169 2620 {3333

161 2637 298 2702 quod
321 2637 481 2700 angeli
505 2638 582 2685 isti
605 2644 828 2699 pugnant
851 2635 1091 2683 laedendo
1117 2649 1167 2682 se
1193 2634 1455 2696 reciproce,
1480 2632 1555 2679 vel
1578 2631 1713 2694 quod
1731 2633 1922 2679 verber·
1978 2619 2095 2643 meum·

161 2719 294 2769 ando
331 2725 494 2768 ae‘rem
528 2718 795 2767 trucidant⁷
830 2725 911 2764 aut
946 2715 1143 2764 laedunt
1179 2729 1284 2762 sese
1320 2716 1371 2762 in
1409 2728 1630 2775 corpore,
1668 2728 1780 2761 cum
1818 2726 1921 2760 non

159 2801 316 2850 taliter
349 2808 556 2864 possunt
590 2800 702 2863 pati,
730 2799 817 2847 sed
852 2787 1112 2859 assumptis
1148 2797 1432 2858 corporibus
1468 2795 1647 2842 docent
1679 2794 1920 2852 homines,

161 2881 415 2948 quomodo
446 2882 538 2944 ipsi
570 2880 817 2930 resistant⁸
851 2879 1049 2942 spiritui,
1084 2879 1230 2926 etiam
1262 2877 1488 2925 violentia
1520 2875 1772 2938 corporali.
1845 2873 1921 2923 81⁹

160 2965 294 3014 enim
335 2964 561 3012 homines
602 2962 773 3026 perfidi
807 2962 1035 3009 resistunt
1072 2960 1217 3008 etiam
1260 2967 1429 3007 sancto
1472 2958 1673 3020 spiritui,
1710 2965 1762 3004 ut
1805 2957 1921 3005 dicit

163 3045 453 3109 Stephanus,
484 3045 595 3093 Act.
635 3044 744 3102 viii„
781 3043 934 3091 multo
975 3043 1132 3104 magis
1174 3041 1320 3089 creati
1362 3040 1554 3103 spiritus
1598 3047 1806 3101 possunt
1843 3052 1949 3110 {is-3

161 3127 369 3192 sumptis
410 3127 696 3190 corporibus
738 3126 957 3173 resistere
997 3124 1086 3172 sibi
1127 3123 1260 3186 ipsis,
1346 3121 1443 3170 Sed
1480 3121 1727 3169 diversitas
1763 3127 1836 3169 est
1869 3121 1920 3168 in

160 3209 429 3259 resistentia
451 3209 696 3257 bonorum
729 3207 979 3270 spirituum
1013 3214 1059 3253 et
1091 3205 1344 3252 malorum.
1417 3202 1549 3250 Nam
1582 3202 1694 3249 mali
1728 3203 1921 3264 spiritus

217 3346 232 3371 ¹
261 3344 452 3399 proprio]
482 3357 572 3390 suo,
602 3343 758 3384 A.B.C.
787 3343 852 3382 ed.
882 3355 942 3395 pr.
1243 3340 1258 3363 ²
1287 3339 1501 3392 omittant]
1531 3339 1734 3385 amittant,
1764 3337 1920 3379 A.B.C.

161 3402 178 3425 ³
206 3398 490 3452 basilicaliter]
510 3413 536 3440 a
553 3396 776 3444 βασιλικόν,
797 3397 847 3437 cs.
867 3398 952 3446 Jac.
975 3396 1015 3435 ii.
1036 3395 1060 3434 8
1079 3410 1088 3440 ;
1123 3395 1325 3440 basaliter‚
1347 3394 1452 3434 C.D.
1472 3394 1535 3434 ed.
1555 3406 1616 3446 pr.
1767 3390 1782 3415 ⁴
1810 3393 1920 3445 Lap-

162 3454 252 3508 sus]
272 3454 410 3508 lapsis,
430 3454 495 3494 ed.
514 3466 576 3507 pr.
741 3452 757 3476 ³
786 3451 836 3492 ef.
859 3452 980 3490 Rom.
996 3450 1047 3489 ix.
1076 3449 1135 3490 16.
1286 3449 1301 3472 ⁶
1329 3448 1512 3501 quando]
1533 3447 1754 3500 quomodo,
1775 3447 1838 3487 ed.
1857 3460 1920 3500 pr.

162 3510 178 3533 ⁷
206 3508 431 3561 trucidant]
452 3508 668 3555 trucident,
689 3507 867 3550 laedant,
890 3505 1041 3546 A.B.C.
1200 3506 1214 3526 ⁸
1245 3502 1453 3555 resistant]
1475 3503 1678 3547 resistunt,
1700 3500 1754 3541 D.
1773 3501 1838 3542 ed.
1857 3514 1919 3554 pr.

161 3565 178 3588 ⁹
206 3563 271 3616 si]
291 3563 371 3609 sie,
393 3563 549 3604 A.B.C.
