2496 4108
380 430 483 480 240

291 2120 431 2147 Eandem
446 2120 487 2147 ob
499 2153 505 2159 Ι

288 2162 412 2182 Causam

289 2222 368 2250 libus
380 2231 428 2250 am

304 2265 321 2283 e
399 2265 416 2283 e

290 2294 358 2317 tura
368 2299 391 2318 s.
409 2290 519 2318 hauriri

291 2324 394 2355 debet

425 2161 523 2180 omnis

289 2188 401 2216 veritas
414 2195 432 2214 a
443 2188 516 2215 fide—

431 2223 510 2263 plep-

429 2265 460 2283 sc

1074 417 1498 481 JOANNIS
1567 420 1914 472 WICLIF
2209 442 2370 474 unm.

614 554 663 599 in
700 567 843 600 sensu
880 551 1101 614 decipere
1115 569 1127 611 ;
1179 567 1297 615 ergo
1339 553 1588 602 conclusio
1623 570 1748 604 vera.
1817 554 1964 604 Unde
2003 571 2065 604 ex
2099 557 2193 605 isto
2228 556 2365 606 fonte

614 642 715 681 tota
758 635 992 696 scriptura
1032 634 1154 697 16315
1191 635 1361 683 veteris
1403 636 1532 698 capit
1572 637 1904 685 auctoritatem
1945 645 1994 685 et
2034 639 2363 698 reverentiam,

613 730 723 762 cum
760 714 979 763 Christus
1013 715 1063 762 in
1099 717 1348 764 communi
1383 717 1456 764 vel
1491 718 1762 779 particulari
1799 718 1973 781 allegat
2007 734 2181 768 omnes
2215 719 2364 769 libros

610 796 729 858 legis
764 797 950 855 veteriS,
988 812 1112 860 quos
1149 806 1340 860 oportet
1382 799 1672 847 catholicos¹
1708 808 1958 863 acceptare
1973 817 1987 861 3
2041 808 2091 849 et
2131 802 2198 850 ita
2232 801 2364 864 paris

610 878 901 926 auctoritatis
927 887 1037 927 sunt
1061 894 1232 928 omnes
1258 880 1452 929 codices
1476 897 1631 929 novae
1664 882 1786 944 legis
1811 890 1858 931 et
1880 884 2066 942 veteriS,
2092 883 2153 932 de
2178 892 2362 947 quanto

610 961 850 1009 credimus
876 960 1011 1023 quod
1040 977 1155 1010 suae
1182 964 1447 1011 sententiae
1473 979 1501 1011 a
1527 962 1703 1026 Spiritu
1729 963 1909 1012 Sancto
1934 973 2234 1014 emanarunt.
2298 965 2363 1013 Et

609 1042 747 1090 cum²
771 1042 1039 1090 secundum
1063 1043 1405 1107 Augus-tinum³
1428 1046 1588 1093 omnis
1606 1046 1777 1094 veritas
1803 1048 1862 1094 sit
1886 1047 1935 1093 in
1961 1047 2196 1109 scriptura
2220 1061 2361 1095 sacra

606 1124 680 1172 vel
717 1124 939 1186 explicite
973 1125 1047 1172 vel
1081 1126 1324 1188 implicite,
1349 1135 1480 1188 patet
1515 1127 1649 1189 quod
1684 1127 1814 1175 nulla
1849 1127 1941 1175 alia
1977 1128 2210 1191 scriptura
2232 1128 2362 1191 capit

607 1207 940 1254 auctoritatem
958 1207 1032 1255 vel
1050 1207 1274 1265 valorem,
1295 1209 1386 1256 nisi
1411 1209 1472 1256 de
1497 1217 1680 1271 quanto
1705 1224 1792 1257 sua
1816 1210 2051 1258 sententia
2075 1224 2104 1257 a
2128 1210 2363 1273 scriptura

608 1304 743 1336 sacra
768 1288 828 1336 sit
853 1288 1074 1336 derivata.
1148 1289 1245 1337 Sed
1271 1291 1382 1352 quia
1408 1289 1610 1352 Spiritus
1637 1290 1843 1339 Sanctus
1865 1291 1964 1338 vult
1982 1291 2219 1339 intentum
2243 1305 2360 1339 nos-

604 1378 732 1418 trum
756 1385 858 1418 non
884 1370 1097 1434 dispargi
1121 1372 1171 1418 in
1196 1372 1346 1419 multa
1382 1371 1467 1420 sed
1501 1372 1629 1420 circa
1661 1387 1815 1419 unum
1848 1373 2175 1420 necessarium
2210 1386 2360 1420 occu-

607 1454 724 1515 pari,
760 1454 859 1501 vult
896 1453 1115 1515 vulgares
1153 1454 1347 1502 codices
1385 1453 1445 1501 de
1480 1453 1588 1515 lege
1624 1468 1752 1501 nova
1786 1454 1888 1501 vel4
1912 1454 2059 1502 veteri
2097 1452 2276 1502 studeri
2313 1461 2361 1501 et

606 1535 714 1598 legi,
740 1545 787 1584 et
812 1537 1062 1584 hominem
1087 1552 1189 1584 non
1215 1536 1343 1583 circa
1367 1535 1511 1583 alios5
1535 1536 1778 1597 occupari,
1805 1536 1888 1597 qui
1918 1535 2029 1584 licet
2061 1521 2357 1598 quanquue

606 1619 701 1666 sint
734 1619 831 1666 veri
867 1627 915 1667 et
950 1615 1094 1666 fides6
1119 1618 1380 1679 scripturae
1416 1631 1580 1664 sacrae
1617 1616 1859 1678 implicite,
1885 1616 2022 1665 Deus
2057 1625 2221 1665 tamen
2254 1631 2357 1664 non

605 1700 702 1748 vult
737 1700 957 1763 explicite
993 1715 1079 1747 eos
1116 1698 1257 1746 credi.
1329 1698 1391 1745 Et
1423 1698 1536 1746 hinc
1570 1697 1890 1760 Augustinus-⁷
1930 1714 2075 1761 saepe
2109 1698 2359 1761 praecipit,

604 1781 739 1843 quod
762 1797 908 1829 nemo
934 1781 1096 1828 credat
1129 1780 1316 1842 scriptis
1349 1780 1445 1827 suis
1470 1780 1546 1827 vel
1568 1780 1737 1838 verbiS,
1763 1780 1854 1828 nisi
1879 1780 1940 1829 de
1963 1787 2147 1843 quanto
2172 1795 2224 1828 se
2247 1779 2358 1827 fun-

604 1860 809 1910 daverit⁸
832 1864 882 1910 in
907 1863 1140 1924 scriptura
1153 1878 1165 1921 3
1204 1870 1251 1909 et
1274 1862 1324 1912 in
1349 1862 1465 1923 ipsa,
1491 1869 1543 1908 ut
1568 1861 1717 1919 dicit⁹‚
1746 1863 1905 1911 omnis
1928 1862 2100 1910 veritas
2131 1861 2356 1924 explicite

603 1943 677 1991 vel
723 1944 949 2005 implicite
999 1944 1282 1998 continetur.
1366 1942 1431 1990 Et
1476 1942 1671 1990 indubie
1717 1942 1848 1990 idern
1894 1951 1967 1991 est
2009 1943 2245 2006 judicium
2293 1942 2354 1991 de

591 2026 792 2087 ‘scriptis
814 2025 1016 2072 aliorum
1042 2024 1367 2072 sanctorum¹⁰
1390 2032 1436 2071 et
1460 2024 1611 2071 multo
1645 2025 1799 2086 magis
1827 2024 1887 2072 de
1912 2025 2097 2087 scriptis
2121 2038 2352 2071 romanae

604 2107 835 2155 ecclesiae
877 2114 924 2154 et
966 2107 1222 2154 doctorum
1263 2120 1515 2153 novorum.
1586 2105 1707 2153 Ideo
1749 2115 1800 2154 ut
1841 2105 2075 2167 scriptura
2117 2120 2252 2154 sacra
2293 2105 2354 2153 sit

604 2189 759 2250 magis
796 2189 1070 2250 appreciata
1106 2196 1152 2235 et
1186 2188 1391 2244 laudata,
1429 2202 1747 2249 quaecunque
1782 2187 1968 2244 veritas,
2011 2201 2161 2249 quam
2199 2187 2353 2234 viator

604 2285 750 2318 sensu
786 2285 886 2318 non
921 2271 1136 2332 percipit,
1162 2269 1304 2316 debet
1340 2285 1400 2316 ex
1435 2268 1527 2316 hac
1563 2269 1657 2316 fide
1694 2269 1950 2330 scripturae
1987 2283 2092 2316 esse
2129 2267 2349 2326 deducta,

604 2353 772 2399 saltem
798 2353 837 2399 si
869 2352 1120 2414 requiritur
1145 2367 1173 2398 a
1197 2350 1416 2398 fidelibus
1449 2365 1555 2397 esse
1581 2349 1822 2396 credenda
1836 2365 1848 2408 ;
1898 2357 1947 2396 et
1963 2338 2093 2396 ‘tunc
2118 2349 2352 2411 scriptura

603 2449 740 2480 sacra
772 2433 894 2480 foret
918 2434 968 2479 in
1000 2432 1275 2489 reverentia,
1302 2439 1350 2478 et
1382 2430 1539 2478 bullae
1573 2430 1787 2492 papales,
1813 2430 1934 2477 sicut
1971 2429 2164 2488 debent,
2188 2429 2350 2477 forent

601 2516 914 2576 postpositae,
958 2523 1005 2561 et
1054 2522 1154 2561 tam
1195 2513 1326 2576 leges
1368 2512 1566 2574 papales
1614 2526 1761 2574 quam
1804 2511 2063 2558 doctorum
2109 2525 2372 2559 novorum*

601 2598 877 2654 sententiae,
915 2611 1037 2658 quae
1078 2603 1190 2642 sunt
1230 2602 1342 2656 post
1385 2593 1675 2641 solutionem
1713 2592 1953 2641 Sathanae
1994 2593 2347 2656 promulgatae,

599 2677 757 2725 forent
803 2678 853 2724 in
901 2677 997 2724 suis
1043 2677 1269 2723 limitibus
1317 2674 1627 2722 veneratae¹¹.
1713 2674 1860 2733 Quid,
1902 2689 2040 2737 rogo,
2082 2674 2255 2722 fideli¹²
2301 2683 2349 2723 et
2427 2686 2442 2693 ⁹

598 2761 783 2822 scriptis
805 2758 1084 2822 hujusmodi
1116 2759 1499 2820 quibuscunque,
1526 2757 1617 2804 nisi
1650 2757 1710 2803 de
1742 2763 1925 2818 quanto
1957 2771 2018 2804 ex
2042 2756 2174 2805 fonte
2199 2757 2349 2819 scrip-

597 2850 731 2889 turae
768 2841 969 2889 fideliter
1005 2848 1115 2888 sunt
1151 2839 1447 2886 exhaustae?
1517 2837 1580 2885 Et
1615 2838 1705 2885 ista
1747 2839 1984 2885 sententia
2024 2837 2350 2886 rectificaret¹³

597 2925 778 2971 nedum
796 2922 1024 2970 mandata
1047 2922 1237 2984 papalia
1260 2928 1307 2968 et
1326 2921 1525 2967 aliorum
1549 2920 1884 2981 praelatorum,
1905 2919 1991 2967 sed
2014 2927 2061 2967 et
2085 2920 2348 2982 corrigeret

651 3086 664 3109 ¹
694 3089 859 3137 oportet
879 3083 1126 3135 catholicos]
1145 3087 1308 3135 oportet
1329 3081 1587 3127 catholicum,
1601 3081 1755 3121 A.B.C.
1771 3096 1780 3127 ;
1809 3081 1935 3121 habet
1950 3080 2189 3127 catholicos,
2207 3081 2270 3121 ed.
2281 3094 2347 3133 pr.

596 3139 612 3162 ²
640 3139 752 3190 cum]
776 3152 857 3178 om.
880 3139 943 3178 ed.
963 3151 1025 3190 pr.
1230 3137 1244 3158 ³
1273 3135 1569 3187 Augustinum]
1592 3136 1870 3187 Augustinum
1890 3135 2068 3175 secundo
2087 3135 2139 3175 de
2157 3134 2344 3175 doctrina

598 3193 830 3234 Christiana
843 3193 885 3231 in
901 3192 992 3237 fine,
1009 3192 1070 3237 B„
1085 3191 1132 3230 C.
1149 3191 1348 3230 secundae
1359 3203 1515 3235 manuS‚
1530 3190 1592 3229 ed.
1607 3202 1669 3241 pr.
1684 3204 1692 3233 ;
1722 3190 1830 3241 Aug.
1844 3189 1896 3229 de
1909 3189 2095 3229 doctrina
2109 3188 2344 3230 Christiana

596 3249 638 3287 in
658 3248 750 3294 fine,
771 3247 848 3293 A.;
880 3247 972 3286 cod.
994 3246 1048 3285 D.
1072 3245 1208 3290 habet,
1230 3245 1450 3284 secundum
1472 3243 1749 3295 Augustinum
1769 3249 1778 3265 ‘
1793 3243 1926 3282 omnis
1945 3244 2039 3283 etc.'
2213 3242 2229 3265 ⁴
2254 3242 2341 3295 vel]

597 3309 651 3347 et,
673 3302 735 3341 ed.
756 3315 817 3353 pr.
982 3300 996 3323 ⁵
1024 3299 1147 3350 alios]
1170 3299 1282 3344 alias,
1304 3299 1405 3338 A.B.
1523 3298 1539 3321 ὅ
1567 3297 1685 3348 fides]
1708 3310 1789 3337 om.
1811 3297 1857 3337 B.
2020 3296 2037 3320 ⁷
2065 3297 2340 3349 Augustinus]

597 3356 851 3407 Augustinus
870 3354 975 3394 libro
996 3354 1036 3393 ii.
1056 3354 1108 3393 de
1128 3354 1269 3393 ordine
1288 3366 1433 3399 rerum,
1454 3352 1516 3391 ed.
1537 3365 1598 3404 pr.
1615 3366 1624 3397 3
1655 3352 1704 3391 C.
1723 3352 1768 3391 in
1785 3351 1980 3403 margine.
2157 3351 2174 3374 ⁸
2200 3350 2344 3390 funda-

596 3410 717 3461 verit]
739 3409 1006 3454 fundaverint,
1027 3408 1074 3447 B.
1095 3408 1250 3460 primae
1269 3420 1425 3452 manus,
1446 3407 1500 3445 D.
1521 3406 1583 3446 ed.
1597 3419 1659 3458 pr.
1915 3405 1930 3428 ⁹
1956 3411 2003 3446 ut
2021 3404 2139 3457 dicit]
2159 3410 2206 3444 ut
2221 3417 2342 3457 saepe

596 3464 705 3509 dicit,
728 3464 784 3505 1).
803 3464 866 3503 ed.
886 3476 948 3515 pr.
1057 3463 1088 3485 1⁰
1117 3461 1371 3513 sanctorum]
1393 3461 1619 3505 doctorum,
1640 3459 1820 3505 A.B.C.;
1850 3465 2082 3500 sanctorum
2097 3459 2341 3505 Doctorum,

597 3518 659 3556 ed.
679 3530 739 3568 pr.
904 3517 932 3541 ¹¹
961 3516 1193 3567 veneratae]
1215 3515 1479 3560 venerandae,
1500 3515 1574 3560 C.;
1604 3514 1860 3560 reverendae,
1881 3513 1983 3553 Α.Β.
2148 3512 2179 3536 ¹²
2205 3511 2338 3565 fideli]

596 3570 703 3610 fideli
724 3571 956 3622 scripturae,
978 3571 1032 3609 D.
1197 3569 1226 3594 ²3
1254 3568 1510 3620 rectificaret]
1533 3568 1740 3613 rectificat,
1760 3568 1815 3607 D.

2085 3649 2233 3684 WIOLI
2238 3649 2266 3680 F
