2436 4094
96 446 99 450 ’
144 454 296 488 σιω.
736 434 847 483 TR
866 434 958 485 [Α
981 435 1028 483 L
1052 436 1095 485 ο
1117 434 1165 486 G
1189 432 1307 517 css.
2040 431 2140 501 189

54 555 58 561 ‚
142 570 362 635 quolibet
383 569 681 634 peccatore¹.
753 569 852 619 Sed
883 569 1086 618 tolerare
1118 583 1396 633 possumus,
1421 568 1557 632 quod
1579 568 1659 617 hic
1683 567 1900 617 Pseustis

54 685 64 718 ‚5
143 652 216 702 sic
247 651 421 702 serviat
454 650 567 700 Deo
596 666 687 700 suo
700 667 713 711 ;
764 652 852 700 sed
884 651 948 700 ad
979 651 1257 700 elidendum
1289 666 1428 700 suam
1461 652 1738 714 superbiam
1766 650 1900 710 sciat,

142 733 283 799 quod
302 741 404 782 tam
429 733 676 783 criminosi
707 734 758 781 in
782 734 858 782 via
890 749 1038 796 quam
1073 733 1289 781 damnati
1314 725 1477 796 poena
1500 740 1734 796 perpetua
1758 732 1903 780 nimis

57 827 60 828 ’
143 815 324 880 injuste
346 822 493 878 atque
515 814 727 863 indebite
753 815 964 863 serviunt
987 814 1097 863 Deo
1124 829 1243 875 suo;
1281 829 1396 863 nam
1421 815 1609 877 punitio
1644 815 1741 863 sive
1767 815 1903 863 dam-

43 906 57 938 Ἰ
142 897 278 948 natio
317 905 392 946 est
431 912 494 945 ex
535 905 672 960 parte
713 911 801 944 sua
841 897 1031 959 injusta,
1075 905 1126 945 et
1165 905 1402 959 quantum
1443 897 1507 944 ad
1552 897 1904 945 institutionem

42 982 60 1042 ᾖ
142 979 422 1043 generalem
457 979 658 1027 humani
691 980 884 1041 generis
920 980 1034 1027 satis
1068 978 1294 1037 indebita,
1326 980 1413 1028 sed
1449 988 1685 1043 quantum
1721 979 1784 1027 ad
1810 979 1904 1027 Dei

138 1061 374 1128 justitiam
407 1069 457 1110 et
485 1070 672 1110 reatum
707 1061 1029 1109 innaturalem
1064 1061 1310 1123 peccantis
1345 1061 1518 1110 dicitur
1554 1076 1662 1110 esse
1696 1062 1823 1125 justa
1858 1069 1906 1109 et

143 1143 260 1193 satis
294 1143 471 1202 debita,
507 1158 601 1191 nec
635 1142 735 1192 est2
765 1143 1116 1191 inconveniens
1152 1143 1240 1191 sed
1274 1158 1455 1201 verum,
1481 1143 1616 1206 quod
1651 1143 1783 1192 idem
1820 1143 1907 1192 sit⁸

48 1237 54 1280 ζ
140 1226 324 1290 iustum
345 1233 394 1274 et
417 1225 651 1289 injustum
676 1224 942 1274 secundum
969 1224 1211 1287 disparem
1236 1225 1488 1274 rationem.

829 1661 871 1711 C
881 1661 987 1710 ΑΡ.
1024 1660 1214 1710 XVIII.

901 1808 1147 1856 Avaritia.

215 1950 416 2000 Alithz'a.
487 1950 787 2015 Prosequere
814 1951 875 2000 de
899 1961 1104 2014 peccato
1127 1951 1365 2010 avaritiae,
1391 1959 1439 2000 et
1464 1950 1672 2000 dormiat
1691 1950 1907 1999 Pseustis
1964 1968 2168 2030 352225332

148 2041 328 2092 noster,
353 2034 468 2096 quia
490 2042 622 2083 certa
645 2049 754 2082 sum
778 2049 840 2082 ex
864 2033 975 2092 fide,
996 2034 1131 2096 quod
1155 2041 1380 2096 potentes
1404 2042 1452 2081 et
1477 2033 1744 2096 specialiter
1768 2048 1908 2096 prae·
1965 2037 2119 2098 3333?

147 2114 230 2171 lati
248 2115 491 2175 Caesarei,
509 2116 670 2164 vicarii
694 2116 959 2164 antichristi
984 2124 1207 2179 potenter
1223 2124 1466 2164 tormenta
1490 2116 1744 2178 patientur,
1768 2124 1816 2164 et
1841 2115 1908 2164 sic
1966 2104 2200 2168 232¹21¹i¹0¹affif¹

149 2198 350 2258 servitus
397 2211 486 2246 sua
525 2198 612 2246 erit
658 2205 850 2261 potenS,
889 2206 1057 2260 parata
1098 2205 1145 2245 et
1182 2198 1312 2261 justa
1351 2197 1503 2245 modo
1546 2212 1645 2260 quo
1688 2197 1909 2260 superius

149 2277 416 2328 declarasti.
487 2278 588 2328 Sed
622 2280 841 2338 mussit0‚
867 2279 1122 2342 quomodo
1158 2279 1409 2342 apostolus
1446 2279 1573 2328 dicat
1609 2295 1629 2327 1
1663 2279 1796 2327 Tim.
1820 2279 1909 2326 vi.:

40 2379 43 2408 2
150 2360 315 2424 {quod
337 2361 473 2410 radix
497 2362 720 2410 omnium
744 2362 986 2409 malorum
1010 2371 1083 2410 est
1102 2361 1373 2425 cupiditas‚'
1398 2378 1511 2410 cum
1534 2362 1724 2410 initium
1748 2362 1909 2410 omnis

90 2431 96 2440 ἦ
149 2444 339 2508 peccati
378 2443 437 2492 sit
481 2443 720 2506 superbia.
790 2443 855 2492 Et
897 2444 1035 2506 juxta
1074 2452 1158 2493 tua
1204 2443 1334 2493 dicta
1379 2445 1613 2507 superiuS‚
1653 2452 1910 2508 peccatum

63 2530 66 2533 ’
149 2524 431 2575 omissionis
453 2532 530 2573 est
551 2524 765 2587 primum
789 2525 1011 2572 omnium
1019 2522 1051 2572 ⁴.

154 2665 159 2671 ,
218 2606 491 2655 Phronesis.
562 2605 816 2665 Quantum
847 2606 910 2654 ad
935 2607 1116 2655 dictum
1147 2607 1370 2669 apostoli,
1395 2592 1586 2656 videtur
1611 2606 1743 2665 mihi,
1777 2606 1910 2669 quod

151 2687 397 2752 intelligit⁸
437 2686 566 2736 mala
605 2687 851 2736 militantis
893 2688 1140 2746 ecclesiae,
1183 2688 1458 2751 cujusmodi
1504 2687 1686 2736 malum
1732 2688 1820 2736 fuit
1861 2687 1910 2735 in

152 2769 545 2835 pseudapostolis
568 2784 660 2833 pro
684 2784 775 2818 suo
799 2778 1034 2833 tempore,
1061 2778 1108 2818 et
1133 2768 1345 2818 futurum
1370 2770 1419 2817 in
1444 2770 1582 2818 malis
1605 2769 1827 2832 praelatis
1852 2784 1935 2834 ac*

153 2851 287 2904 falsis
326 2851 549 2908 fratribus
589 2866 714 2913 quos
755 2851 902 2898 etiam
943 2850 1272 2913 prophetavit3
1328 2859 1376 2899 et
1416 2859 1583 2914 posset
1625 2851 1734 2908 dici,
1777 2850 1911 2913 quod

20 2984 46 3002 ‚0
152 2932 373 2988 extendit
407 2932 722 2996 cupiditatem
754 2933 817 2981 ad
849 2933 1161 2995 cupiditatem
1193 2932 1406 2981 illicitam
1439 2941 1540 2981 tam
1571 2932 1910 2995 temporalium

4 3005 73 3047 ’Ἥ
154 3029 303 3080 quam
325 3014 540 3073 honoris,
578 3015 718 3077 quasi
753 3014 957 3063 diceret:
1009 3019 1020 3041 ⁴
1037 3014 1174 3063 radix
1209 3015 1430 3063 omniurn
1467 3014 1706 3062 malorum
1741 3014 1791 3062 in
1821 3015 1911 3062 ista

19 3085 22 3092 ¹
155 3097 397 3166 praesenti
433 3105 482 3146 et
512 3097 672 3146 futura
707 3097 915 3146 ecclesia
950 3105 1023 3146 est
1056 3098 1185 3145 dicta
1219 3097 1414 3145 infamis
1451 3096 1686 3159 cupiditas
1701 3095 1729 3156 ;’
1780 3097 1910 3159 ipsa⁶

155 3178 288 3228 enim
322 3179 612 3228 convertitur
646 3179 786 3227 cum⁷
821 3179 1058 3241 superbia,
1095 3194 1208 3226 cum
1244 3193 1392 3227 nemo
1435 3178 1649 3241 superbit
1690 3178 1782 3226 nisi
1828 3179 1912 3240 qui

156 3261 291 3326 cupit
323 3261 531 3310 inaniter
565 3275 750 3310 nomen
786 3276 943 3310 suum.
1014 3260 1077 3308 Et
1113 3261 1318 3308 omnino
1354 3269 1465 3309 ante
1503 3275 1650 3323 quam
1675 3261 1911 3323 subrepsit

211 3428 228 3454 ²
247 3427 492 3483 peccatore]
512 3434 790 3483 peccatorum,
808 3427 871 3469 ed.
891 3441 952 3481 pr.
1199 3429 1215 3453 ²
1241 3443 1317 3471 nec
1335 3429 1417 3484 est]
1439 3436 1479 3471 et
1499 3443 1575 3471 nec
1594 3437 1668 3477 est,
1689 3431 1736 3472 B.
1757 3392 1914 3486 primae

130 3487 134 3491 ’
156 3495 318 3530 manus,
338 3483 401 3523 ed.
422 3496 483 3537 pr.
685 3484 700 3506 ²³
729 3483 802 3535 sit]
824 3489 898 3528 est,
920 3483 1075 3524 A.B.C.
1096 3483 1159 3524 ed.
1179 3497 1241 3537 pr.
1461 3484 1475 3507 ⁴
1502 3485 1706 3539 omnium]
1728 3488 1913 3528 omnium

157 3542 435 3600 peccatorum,
457 3537 613 3578 A.B.C.
836 3537 852 3560 ⁵
877 3537 1087 3590 intelligit]
1109 3538 1326 3591 intelligat,
1349 3539 1411 3579 ed.
1433 3551 1494 3592 pr.
1697 3540 1714 3565 ⁸
1741 3541 1850 3595 ipsa]
1871 3543 1914 3583 in

160 3603 262 3645 ipsa,
281 3591 344 3632 ed.
365 3605 427 3645 pr.
591 3592 605 3614 ⁷
634 3591 749 3645 cum]
770 3604 862 3632 cum
883 3605 968 3638 sua,
988 3592 1051 3632 ed.
1073 3606 1133 3645 pr.
