2436 4094
9 375 53 469 *2
135 427 230 458 m.
247 434 290 464 ‚⁵
740 405 854 455 TR
871 405 964 455 [Α
986 405 1034 455 L
1059 407 1102 456 0
1123 405 1170 456 G
1195 403 1314 454 US.

134 546 263 603 quae
301 555 426 604 rogo
467 541 744 599 necessitaS‚
782 548 834 588 ut
872 549 1001 589 astra
1042 541 1105 589 ad
1142 548 1332 589 motum
1371 541 1654 609 circularem
1694 555 1895 589 suorum

12 614 47 682 Tj
135 622 328 671 orbium
351 621 660 671 deferantur?
733 622 836 671 Stat
860 623 991 670 enim
1015 638 1077 670 ex
1102 622 1357 671 subtilitate
1383 623 1514 671 orbis
1538 630 1586 670 et
1611 623 1736 681 astri,
1761 622 1896 685 quod

135 703 267 753 orbis
300 718 404 752 non
438 719 526 767 per
561 712 750 752 motum
784 703 1090 767 hujusmodi¹
1125 704 1360 752 laceretur
1369 704 1399 763 2,
1436 712 1488 752 ut
1523 712 1657 767 patet
1692 704 1752 752 de
1789 719 1896 752 cor-

35 813 51 835 =-
135 785 336 848 poribus
360 784 736 834 ascendentibus
760 786 811 834 in
835 786 1042 844 coelum,
1068 795 1116 834 et
1139 802 1201 834 ex
1225 785 1339 834 dote
1373 787 1642 835 subtilitatis
1676 787 1897 849 corporis

135 866 360 930 gloriosi3
409 874 492 915 aut
515 867 657 930 quale
681 867 1028 915 inconveniens
1059 867 1197 925 foret,
1224 868 1358 930 quod
1393 868 1609 916 medium
1645 868 1896 926 dividatur,

135 949 260 998 sicut
282 955 363 998 ae'r
386 949 610 998 dividitur
632 965 719 1012 per
744 950 931 998 stellam
956 958 1200 998 comatam
1209 950 1239 1009 ³,
1265 958 1312 998 et
1336 950 1634 999 dividebatur
1657 966 1744 1013 per
1767 951 1897 999 illam

137 1031 338 1091 stellam,
362 1047 487 1095 quae
519 1039 616 1080 tres
647 1047 821 1095 magos
854 1032 989 1081 duxit
1022 1033 1084 1080 ab
1116 1033 1301 1080 oriente
1334 1032 1385 1079 in
1408 1032 1672 1091 Bethleem,
1699 1032 1893 1081 Christo

137 1114 288 1162 nato?
344 1112 423 1160 Ex
463 1113 626 1162 multis
661 1113 837 1162 talibus
874 1114 1059 1162 videtur
1096 1114 1229 1172 mihi,
1266 1114 1402 1176 quod
1442 1114 1771 1177 periculosum
1807 1122 1897 1172 est,

138 1195 310 1244 nimis*
331 1195 382 1243 in
413 1196 617 1244 somniis
638 1195 773 1244 istius
797 1196 1026 1244 scientiae
1054 1196 1316 1253 immorari,
1352 1196 1619 1258 specialiter
1643 1211 1756 1244 cum
1786 1195 1896 1243 fun-

138 1277 272 1326 datio
294 1276 444 1326 illius⁶
467 1278 696 1326 scientiae
721 1279 781 1326 sit
803 1278 999 1335 incerta,
1026 1286 1074 1326 et
1098 1277 1250 1326 fidelis
1283 1286 1449 1340 posset
1472 1278 1619 1340 longe
1653 1278 1824 1326 melius
1848 1278 1899 1324 in

139 1359 246 1408 aliis
286 1359 525 1408 exercitiis
565 1359 758 1407 animae
800 1359 1040 1422 occupari.
1112 1358 1220 1407 Nec
1263 1359 1463 1407 dubium
1505 1360 1622 1422 quin
1660 1359 1896 1407 debemus

140 1441 252 1490 Deo
289 1448 577 1504 computum
615 1441 676 1489 de
717 1442 853 1489 omni
894 1443 1216 1504 occupatione
1254 1441 1425 1489 virium
1462 1449 1510 1489 et
1546 1441 1780 1504 temporis
1817 1440 1898 1488 hic

22 1588 30 1597 ἢ
90 1524 93 1529 ’
140 1523 193 1585 in
215 1523 305 1572 via.

195 1647 212 1672 ¹
237 1645 494 1699 hujusmodi]
513 1645 644 1698 hujus,
665 1645 821 1687 A.B.C.
841 1645 904 1686 ed.
923 1658 985 1698 pr.
1206 1644 1222 1668 ²
1247 1645 1468 1698 laceretur]
1489 1645 1728 1691 laederetur,
1749 1645 1813 1685 ed.
1833 1658 1896 1697 pr.

145 1701 163 1726 ³
183 1699 412 1753 comatam]
431 1705 698 1745 commotam,
719 1700 775 1740 D.
1012 1699 1028 1722 ¹
1054 1698 1195 1752 nimis]
1215 1700 1338 1740 nimis
1356 1699 1548 1746 multum,
1569 1699 1726 1741 A.B.C.
1747 1699 1812 1739 ed.
1833 1712 1896 1752 pr.

138 1756 156 1781 ⁸
182 1755 314 1809 illius]
334 1766 419 1796 oma
437 1755 504 1796 ed.
522 1767 585 1808 pr.
605 1767 641 1795 c.
662 1753 762 1795 B.C.
782 1753 940 1808 primae
957 1767 1118 1794 manus.

1917 555 1931 2174 *mmm—*Q*

2040 418 2138 470 127
