2436 4094
165 435 322 471 canu.
767 418 1340 472 TRIALOGUS.

206 548 504 628 *Phrone-5219.
576 551 862 603 Observabo
908 554 1111 605 libenter
1156 558 1447 606 sententiam
1495 574 1643 622 quam
1691 559 1919 624 injungiS,

162 729 264 774 008,
301 715 440 764 cum¹
475 731 659 764 nomen
695 718 756 767 sit
789 733 885 766 vox
922 719 1237 782 significativa
1272 721 1335 769 ad
1369 722 1615 784 placitum,
1650 723 1783 787 quod
1818 739 1921 772 non

162 805 358 860 oportet
404 798 644 847 sollicitari
655 799 685 858 ²,
729 815 878 862 quare
920 802 1123 850 nomina
1165 803 1432 865 superbiae,
1476 805 1697 864 invidiae,
1738 814 1788 854 et
1823 807 1920 855 irae

162 879 439 943 significant
461 889 563 929 tam
587 881 838 944 dispariter
862 898 1031 931 sensus
1055 899 1169 932 suos
1182 900 1195 944 ;
1239 885 1349 933 licet
1375 887 1506 934 enim
1531 887 1802 950 imponenti
1826 897 1920 937 ter-

160 962 323 1012 minos
361 963 432 1011 uti
471 963 615 1026 ipsis⁸
649 964 713 1012 ad
749 972 886 1013 actus
919 965 1076 1014 licitos
1114 974 1259 1028 atque
1299 967 1488 1016 illicitos
1523 968 1918 1032 designandum&

162 1042 296 1094 Cave
320 1045 524 1093 tamen⁵
537 1046 598 1094 de
621 1047 1052 1108 grammaticorum
1071 1047 1239 1110 figura,
1257 1064 1405 1111 quam
1425 1050 1515 1113 ipsi
1534 1060 1710 1099 vocant
1731 1056 1742 1077 ‘
1758 1060 1920 1100 antro-

158 1126 452 1191 pospatos⁶,'
485 1128 685 1190 quando
721 1128 936 1176 humana
970 1130 1132 1191 passio
1157 1130 1231 1178 vel
1263 1133 1531 1194 proprietas
1549 1132 1660 1181 Deo
1686 1133 1919 1193 tribuitur,

158 1209 296 1273 quod
328 1209 381 1257 in
415 1210 644 1258 omnibus
679 1209 770 1258 illis
811 1219 1002 1258 utamur
1037 1211 1204 1274 regula
1238 1212 1504 1275 Augustini
1532 1214 1769 1263 colando⁷
1804 1215 1920 1263 illud

157 1291 293 1355 quod
317 1291 598 1355 simpliciter
614 1291 964 1355 perfectionem
989 1294 1160 1356 signat,
1180 1303 1228 1342 et
1246 1294 1356 1343 Deo
1376 1304 1544 1343 nostro
1568 1296 1919 1359 perfectionem

157 1369 440 1437 hnjusmodi
473 1389 784 1433 reservemus,
817 1374 934 1422 illud
965 1384 1127 1423 autem
1163 1377 1297 1439 quod
1330 1385 1467 1425 notat
1499 1378 1919 1440 imperfectionem

157 1456 523 1519 appropriatam
548 1464 794 1504 creaturae
803 1456 834 1514 ⁸,
860 1456 1106 1519 loquendo
1133 1458 1193 1506 de
1218 1457 1328 1506 Deo
1353 1460 1545 1521 penitus
1575 1460 1916 1510 subducamus.

157 1535 280 1587 Ideo
305 1538 444 1587 cum⁹
468 1539 520 1586 in
545 1538 706 1587 furore
731 1538 823 1587 et¹⁰
845 1540 915 1588 ira
940 1548 1051 1587 sunt
1075 1540 1263 1602 aliquae
1295 1541 1539 1588 motiones
1573 1541 1805 1589 iratorum
1829 1543 1918 1590 im-

164 1629 335 1684 petum
361 1621 686 1684 designantes,
711 1629 759 1669 et
792 1620 957 1669 aliae11
988 1622 1307 1684 proprietates
1344 1622 1625 1685 analogicae
1656 1638 1781 1686 quae
1806 1623 1917 1672 Deo

158 1711 367 1768 possunt
407 1712 699 1767 competere,
739 1703 1071 1751 subducamus
1113 1704 1295 1766 primas
1331 1712 1380 1751 et
1416 1704 1764 1754 reservemus¹²
1800 1705 1917 1754 alias

156 1785 222 1835 ad
244 1775 375 1836 hunc
399 1801 612 1844 sensum,
638 1785 773 1848 quod
794 1784 1036 1848 >propheta
1059 1793 1198 1848 rogat
1222 1785 1385 1833 Deum
1411 1801 1568 1845 suurn,
1594 1802 1656 1834 ne
1682 1787 1731 1835 in
1756 1787 1917 1836 furore

157 1883 247 1918 suo
270 1868 322 1916 in
351 1868 428 1917 die
459 1867 741 1926 novissimo,
767 1867 966 1930 quando
999 1875 1169 1929 arguet
1203 1875 1341 1915 acute
1374 1867 1439 1915 ad
1471 1868 1703 1931 regulam,
1730 1877 1917 1917 austere

154 1950 355 2000 damnet
377 1950 453 1999 vel
476 1951 645 2014 puniat
678 1965 818 1998 suam
848 1949 1078 1997 miseram
1112 1957 1396 2007 creaturam,
1422 1965 1584 2012 neque
1610 1951 1660 1998 in
1683 1951 1760 1999 via
1783 1959 1917 1999 ante-

155 2032 385 2083 cedenter
398 2032 463 2080 ad
477 2032 691 2080 furorem
709 2031 842 2079 illum
861 2031 1086 2094 corripiat
1105 2030 1301 2079 fratrem
1321 2047 1463 2080 suum
1471 2031 1527 2092 13;
1554 2040 1603 2080 et
1618 2032 1752 2080 illurn
1768 2033 1917 2081 finem

153 2130 267 2164 cum
302 2115 402 2164 suis
434 2115 608 2163 mediis
633 2114 778 2162 debet
800 2113 954 2162 viator
976 2113 1175 2176 quilibet
1209 2114 1479 2176 imprecari.
1551 2114 1718 2163 Potest
1753 2123 1916 2164 autern

153 2188 264 2256 dici,
287 2196 424 2260 quod
447 2196 735 2260 descriptive
758 2196 926 2244 vitium
951 2195 1048 2244 irae
1073 2203 1147 2244 est
1170 2196 1473 2244 inordinatus
1498 2197 1739 2260 appetitus
1765 2198 1915 2245 animi

155 2279 221 2329 ad
237 2279 500 2328 vindictam
520 2278 582 2327 de
601 2286 820 2326 creatura
836 2277 1041 2326 Domini
1049 2277 1085 2304 ¹4
1104 2278 1476 2341 exequendum;
1512 2294 1600 2342 per
1623 2279 1719 2328 hoc
1738 2288 1915 2338 autem,

157 2362 294 2426 quod
339 2369 414 2410 est
460 2360 760 2410 inordinatus
802 2361 1057 2423 appetitus,
1101 2369 1234 2423 patet
1274 2361 1410 2424 quod
1451 2360 1563 2409 Deo
1611 2377 1714 2410 non
1754 2370 1917 2425 potest

90 2431 92 2433 ’
155 2451 461 2508 competere3
502 2443 615 2493 ideo
642 2443 774 2491 furor
797 2458 896 2506 quo
926 2442 976 2490 in
1006 2443 1083 2490 die
1116 2443 1283 2506 judicii
1306 2443 1464 2505 magis
1500 2443 1693 2502 saeviet,
1719 2459 1812 2492 nec
1846 2444 1917 2492 ira

151 2525 262 2586 Dei,
286 2541 386 2590 qua
419 2526 630 2589 gratiose
665 2533 715 2574 et
748 2525 971 2574 modeste
1007 2525 1135 2587 capit
1158 2524 1420 2572 vindictam
1457 2525 1517 2572 de
1552 2524 1789 2583 hostibuS‚
1814 2540 1915 2573 non

155 2615 366 2673 possunt
395 2608 705 2671 descriptioni
729 2607 874 2670 hujus
897 2606 996 2654 vitii
1033 2607 1312 2669 subjacere3
1365 2606 1489 2654 sicut
1525 2621 1617 2654 nec
1649 2605 1719 2654 ira
1750 2606 1914 2669 Moysi

152 2705 245 2757 pro
271 2690 491 2740 idolatria
514 2689 696 2753 populi,
722 2696 805 2736 aut
837 2688 1028 2736 alterius
1066 2688 1217 2735 sancti
1242 2687 1351 2746 Dei,
1378 2687 1495 2735 dum
1530 2695 1686 2735 servat
1718 2703 1769 2736 se
1798 2688 1913 2736 iras-

151 2773 312 2824 cendo
337 2773 388 2820 in
411 2772 641 2820 limitibus
665 2770 879 2827 rationis,
906 2769 968 2817 ad
993 2770 1126 2832 quod
1158 2769 1364 2816 multum
1387 2768 1558 2817 valet¹⁵
1582 2784 1730 2817 causa
1761 2769 1928 2837 vindi-⁸

151 2855 295 2906 candi
318 2854 412 2904 Dei
437 2853 694 2917 injurias1⁶,
721 2861 768 2901 et
790 2851 1030 2900 modestia
1047 2850 1374 2914 prosequendi
1398 2850 1660 2899 vindictam
1686 2849 1748 2898 ad
1771 2865 1912 2913 regu-

149 2936 295 2988 lam¹⁷
334 2935 606 2987 secundum
645 2934 779 2999 quod
820 2934 1016 2997 expedit
1057 2933 1291 2982 ecclcsiae
1332 2933 1462 2981 illam
1503 2932 1627 2996 capi,
1669 2932 1732 2981 ad
1778 2933 1913 2996 quod

205 3075 221 3101 ¹
249 3073 364 3128 cum]
385 3073 509 3127 quod,
529 3072 685 3113 ΑΒΕ.
706 3070 906 3112 secundae
924 3082 1083 3116 manus,
1192 3068 1208 3092 ²
1236 3067 1466 3120 sollicitari]
1489 3066 1664 3107 multum
1685 3066 1911 3115 sollicitari,

149 3127 200 3171 B.
220 3129 283 3171 ed.
302 3141 365 3182 pr.
545 3127 562 3152 ³
588 3126 707 3180 ipsis]
728 3126 852 3179 ipsos,
872 3126 935 3165 ed.
956 3138 1018 3177 pr.
1197 3123 1212 3146 ⁴
1240 3121 1558 3175 designandum]
1580 3121 1684 3161 B.D.
1704 3122 1840 3162 addit:
1870 3129 1911 3163 et

149 3196 260 3225 nunc
274 3183 370 3224 licet
387 3181 566 3223 limitare
585 3194 657 3222 eos
676 3181 729 3220 ad
749 3180 882 3220 solum
902 3186 1019 3219 actus
1039 3178 1204 3242 illicitos
1223 3177 1535 3229 designandum.
1706 3176 1721 3199 ⁵
1750 3177 1908 3284 tamen}

149 3243 324 3284 tantum,
345 3237 409 3278 ed.
429 3249 492 3290 pr.
658 3236 675 3258 ⁶
703 3234 1042 3287 antropospatos]
1064 3246 1133 3274 1.e.
1154 3231 1528 3285 anthropopathos.
1667 3229 1684 3254 ⁷
1712 3230 1888 3271 colando

147 3290 177 3371 i.
185 3305 222 3335 e.
242 3291 459 3347 purgando
468 3289 707 3386 :dtollendm
728 3288 1096 3395 Αλξόῦὲἇάἑυὲιὶκίῃ
1130 3341 1182 3382 ed
1246 3287 1268 3381 ἰ
1297 3284 1526 3363 creaturael]
1548 3284 1909 3393 Σῖῗέἑῖῗὰᾶεεεέαξ.

146 3346 308 3455 οὰωιζὲ]
330 3352 433 3392 tum,
452 3358 492 3424 ξ’
507 3358 789 3451 ‘rggervemuffl
811 3409 1027 3443 servemus,
1047 3372 1110 3436 ed:
1131 3372 1194 3448 pr:
1216 3354 1244 3395 p
1267 3370 1276 3381 ο
1332 3394 1361 3418 ¹³
1388 3393 1530 3446 suum]
1552 3393 1602 3434 cf.
1624 3393 1774 3434 Psalm.
1794 3393 1847 3434 vi.
1871 3370 1909 3435 ιζ

148 3453 179 3481 ²⁴
208 3454 380 3496 Domini
422 3454 572 3500 Deum,
587 3454 651 3494 ed.
673 3466 735 3506 pr.
966 3450 996 3474 ¹⁶
1023 3450 1151 3503 valet]
1172 3449 1321 3497 valent,
1342 3450 1388 3490 B.
1409 3448 1565 3502 primae
1584 3461 1741 3494 manus,
1761 3447 1824 3488 ed.
1845 3461 1908 3501 pr.

149 3508 181 3534 ²⁶
207 3453 400 3562 in·uria5]]
413 3508 615 3562 injuriam,
636 3508 683 3547 B.
703 3506 860 3560 primae
878 3518 1036 3552 manus,
1056 3505 1111 3545 D.
1132 3505 1195 3545 ed.
1217 3517 1278 3558 pr.
1572 3502 1602 3527 ¹⁷
1629 3502 1683 3544 ad
1702 3501 1906 3556 regulam]

149 3576 248 3617 regu
265 3570 390 3610 atam,
411 3563 566 3605 A.C.B.
588 3562 789 3603 secundae
808 3572 966 3600 manus.

2067 437 2167 494 175

2010 582 2049 602 ua
2060 575 2181 605 ratione
2196 582 2242 605 tra

2013 617 2050 636 eo
2064 609 2157 638 tribui

83 631 85 633 ’
164 629 254 682 sed
277 648 376 697 quo
401 634 465 683 ad
496 635 745 698 objectum
777 644 915 685 tuum
948 637 1179 686 literalem
1213 639 1471 688 considero
1504 641 1774 690 secundum
1798 642 1920 705 logi·
1981 643 2088 676 ⁹⁰⁵⁵st·
