2462 4114
123 438 275 475 ma
712 423 931 472 TRJA
954 427 1000 472 L
1026 427 1067 473 0
1089 427 1135 475 G
1161 427 1275 478 css,
2000 443 2099 501 371

120 578 127 579 ff
187 552 379 604 Tamus
394 555 568 605 abusus
581 556 782 605 fratrum
801 567 886 617 est,
904 561 1038 622 quod
1052 571 1404 625 postponentes
1419 565 1580 628 legem
1598 572 1646 613 et
1664 565 1858 613 ordina·
1919 576 2164 640 Nffiusfggqessus.

30 672 32 674 ψ
67 631 75 679 s
114 635 302 687 fiunem
325 635 504 686 Christi
526 652 640 686 cum
672 653 760 687 sua
783 642 1022 689 sententia
1045 643 1407 694 adinventiones
1440 646 1638 694 fratrum
1667 646 1861 695 frivolas
1917 618 2147 707 ἓῗὶήῗέζξῐξξζῗ

1918 685 1980 706 suis

56 714 77 779 3³
111 711 431 781 anteponunt.
500 717 566 768 Et
588 719 716 768 istud
749 728 822 769 est
845 736 1079 784 magnum
1110 724 1295 774 facinus
1328 727 1391 774 ad
1424 727 1682 775 damnum¹
1707 728 1861 777 eccle·
1917 711 2104 779 ssiss‘ff'niw'

19 806 22 814 ²
98 794 228 858 flue,
263 813 379 848 cum
411 799 751 863 blasphemant
785 802 1028 861 innuitive,
1066 808 1449 868 praeponentes2
1486 810 1647 857 sensui
1685 809 1863 858 Christi

56 903 62 941 j
108 886 225 931 'uuas
249 874 518 930 dementias
542 897 664 946 quas
688 883 909 931 diabolus
942 885 1197 934 adinvenit.
1271 888 1398 936 Cum
1421 891 1552 937 enim
1576 890 1742 939 fratres
1767 892 1862 939 sint

0 1025 1 1028 Ἴ
56 967 64 1031 }
108 968 299 1013 mrum
314 962 489 1028 ,finitae
513 964 764 1013 activitatis
787 972 835 1013 et
866 966 1199 1015 observantiae
1234 969 1356 1016 sicut
1389 978 1436 1017 et
1470 979 1606 1019 erant
1639 963 1860 1034 apostoli,

57 1091 62 1094 ,
108 1046 257 1108 petet,
280 1044 443 1108 quod³
465 1045 516 1092 in
549 1045 844 1108 complendo
877 1062 998 1109 pure
1030 1048 1189 1111 legem
1222 1058 1269 1097 et
1302 1051 1658 1100 ordinationem
1684 1052 1862 1101 Christi

107 1122 272 1175 forent
293 1124 439 1189 longe
462 1126 634 1175 melius
658 1129 909 1190 occupati;
946 1129 1038 1177 ista
1061 1144 1179 1192 ergo
1203 1139 1275 1179 est
1299 1131 1639 1183 inexcusabilis
1662 1134 1863 1182 fratrum

106 1206 268 1272 culpa,
282 1208 419 1272 quod
435 1208 723 1258 dimittendo
739 1209 1096 1258 ordinationem
1116 1212 1444 1274 evangelicam
1462 1222 1563 1262 tam
1579 1215 1863 1278 blaspheme

47 1291 65 1304 ⁵
110 1288 504 1354 praeponderant
528 1305 667 1338 suam
692 1291 941 1339 stultitiam
974 1292 1298 1351 adinventam,
1325 1310 1382 1342 ac
1416 1296 1456 1343 si
1490 1296 1865 1358 dedignarentur

17 1434 22 1440 .
109 1370 186 1421 vel
218 1371 558 1421 erubescerent
601 1373 764 1436 sequi*
799 1372 1046 1422 Christum
1088 1383 1362 1437 patronum,
1400 1378 1487 1426 sed
1523 1393 1678 1426 unum
1719 1379 1865 1426 alium

109 1451 400 1502 mendacem
415 1461 463 1502 et
479 1454 719 1517 grandem
737 1463 1048 1517 peccatorem
1067 1457 1157 1504 sibi
1178 1465 1405 1516 statuunt,
1423 1459 1670 1521 regulam⁵
1686 1459 1864 1508 Christi

44 1552 56 1573 1
109 1533 294 1584 ordinis
312 1534 599 1584 deserendo.
660 1535 759 1584 Sed
777 1536 996 1585 Christus
1019 1537 1158 1586 dicit:
1197 1543 1208 1563 ‘
1225 1540 1306 1601 qui
1326 1541 1566 1588 erubuerit
1590 1555 1669 1588 me
1693 1549 1741 1589 et
1765 1556 1863 1589 ser-

107 1629 284 1666 mones
305 1631 461 1675 meos,
486 1616 616 1665 hunc
642 1617 789 1666 Filius
812 1617 1024 1666 hominis
1049 1620 1297 1669 erubescet
1321 1635 1486 1669 coram
1511 1622 1697 1684 angelis
1722 1622 1844 1672 Dei?

51 1726 54 1727 ν
111 1724 115 1731 =
181 1696 391 1757 Quartus
427 1699 599 1747 abusus
635 1698 835 1747 fratrum
876 1708 948 1748 est
989 1701 1077 1748 iste
1123 1702 1258 1763 quod
1299 1702 1577 1751 deserentes
1620 1705 1864 1752 executio·
1923 1717 2068 1745 Decimus
2080 1718 2153 1746 abu-

107 1792 225 1829 nem
249 1779 371 1844 legis
405 1781 715 1844 evangelicae
751 1781 812 1829 de
837 1782 1143 1844 correptione
1175 1782 1383 1830 fraterna
1421 1785 1673 1833 infideliter
1705 1785 1866 1834 favent
1920 1752 2159 1813 {ssfrgg‘ssffendi-

1921 1823 2028 1846 cantes
2042 1826 2163 1852 correp-

1920 1852 2036 1879 tionem
2048 1852 2154 1880 frater-

108 1860 305 1911 diabolo
346 1869 491 1926 atque
532 1862 733 1920 mundo,
775 1863 934 1911 unde⁶
977 1862 1198 1913 Christus
1242 1865 1382 1912 dicit:
1435 1869 1446 1890 ‘
1463 1867 1547 1928 qui
1585 1866 1738 1929 diligit
1779 1882 1864 1930 pa·
1922 1886 2172 1921 namnegligunt.

106 1949 232 1993 trem
266 1951 349 1993 aut
387 1951 607 2003 matrem,
646 1943 843 1993 fratrem
885 1953 967 1993 aut
1009 1961 1241 2004 sororem,
1281 1947 1428 1995 etiam
1471 1949 1685 1996 animam
1727 1963 1865 1996 suam

107 2024 218 2089 &us
258 2039 410 2088 quam
449 2041 545 2085 me,
587 2041 691 2074 non
730 2034 802 2075 est
841 2042 921 2075 me
965 2027 1141 2090 dignus
1157 2029 1193 2088 3’
1247 2028 1416 2077 fratres
1464 2037 1627 2077 autem
1669 2038 1865 2092 propter

43 2099 66 2158 J
100 2120 328 2178 ‘amorem
363 2107 451 2156 sui
473 2108 685 2171 corrupti
720 2108 905 2157 ordinis
941 2109 1015 2156 vel
1049 2124 1304 2171 personae,
1341 2125 1444 2158 non
1482 2111 1663 2159 audent
1697 2111 1866 2159 fratres

49 2223 54 2225 -
106 2200 240 2248 tuoe,
262 2196 693 2252 quantumcunque
716 2189 972 2238 manifeste
997 2190 1298 2253 deliquerint,
1319 2192 1597 2255 evangelice
1623 2194 1864 2256 corripere

29 2267 43 2303 ἶ
106 2269 211 2319 vel⁷
225 2277 456 2334 percepta
472 2271 780 2330 obstinantia,
799 2280 852 2320 ut
876 2272 1021 2320 docet
1046 2271 1266 2321 Christus
1291 2273 1464 2321 Matth.
1485 2275 1608 2322 xviii.
1631 2283 1864 2337 tanquam

43 2355 46 2360 '
104 2351 422 2416 publicanum
462 2352 698 2410 deserere,
736 2353 824 2400 sed
865 2361 1081 2401 statuunt
1123 2354 1213 2401 sibi
1254 2370 1345 2416 pro
1387 2356 1555 2418 regula
1595 2370 1822 2418 expresse
1831 2355 1863 2413 ⁸,

46 2449 50 2479 ;
107 2432 243 2496 quod
265 2440 340 2482 est
362 2441 533 2482 contra
556 2434 873 2496 evangelium,
898 2449 989 2496 pro
1016 2449 1104 2482 sua
1136 2436 1362 2484 comitiva
1395 2437 1633 2485 diabolica
1665 2451 1862 2485 conser-

45 2514 48 2519 ’
77 2547 81 2551 -
106 2514 267 2563 valida
306 2513 442 2577 quod
481 2514 744 2563 obmittant
779 2515 848 2562 sic
886 2514 1055 2563 fratres
1101 2531 1218 2564 suos
1260 2517 1502 2579 corripere
1537 2518 1611 2565 vel
1653 2517 1862 2566 dicendo

34 2642 48 2645 γ
106 2596 340 2646 ecelesiae
380 2596 630 2658 castigare,
673 2595 761 2644 sed
801 2611 948 2658 saepe
989 2596 1040 2643 in
1081 2604 1205 2645 tetro
1249 2612 1439 2645 carcere
1488 2606 1656 2646 contra
1702 2598 1862 2660 legem

35 2681 45 2739 ,J
106 2675 287 2728 Christi
310 2677 556 2726 includere
574 2685 625 2726 et
647 2677 711 2726 ad
728 2692 855 2725 onus
876 2676 1124 2735 ecclesiae,
1145 2677 1233 2726 ne⁹
1252 2678 1434 2726 malitia
1457 2678 1531 2726 vel
1556 2678 1818 2727 defamatio
1827 2678 1864 2705 ¹⁰
1904 2709 1909 2713 -

109 2761 198 2811 sua
227 2758 516 2824 appareatn,
540 2758 826 2808 abscondite
863 2766 1034 2807 contra
1066 2760 1314 2807 caritatem
1346 2759 1582 2808 occidere.
1652 2759 1715 2808 Et
1748 2775 1861 2808 cum

3 2826 62 2879 ³>
111 2840 246 2891 idem
269 2841 331 2890 sit
353 2839 551 2903 diligere
583 2854 846 2903 personam
877 2839 952 2887 vel
985 2841 1387 2888 consuetudinem
1416 2841 1490 2888 vel
1521 2841 1680 2903 legem
1715 2855 1864 2903 quam
1942 2856 1947 2862 ⁸

28 2906 39 2967 ⁷!
106 2922 215 2987 ipse
238 2922 488 2986 approbat,
513 2921 769 2970 manifeste
803 2928 948 2983 patet,
974 2921 1108 2984 quod
1132 2921 1300 2969 fratres
1334 2921 1494 2984 legem
1527 2931 1574 2970 et
1605 2930 1863 2970 consuetu-

78 3040 87 3070 ,
111 3003 278 3054 dinem
293 3003 496 3053 Domini
515 3009 870 3066 postponentes
889 3010 937 3050 et
955 3002 1401 3065 praeponderantes
1421 3018 1561 3050 suam
1587 3003 1864 3051 mendicam

112 3084 561 3137 eonsuetudinem¹²
578 3092 626 3133 et
649 3084 909 3148 leprosam,
930 3083 1175 3132 Christum
1195 3091 1499 3146 postponunt
1524 3085 1623 3133 istis
1642 3085 1864 3147 personis

40 3178 43 3209 ἐ
107 3167 298 3218 'miseris
335 3168 388 3216 in
429 3181 596 3216 amore
610 3182 623 3226 ;
679 3165 768 3214 sed
807 3165 892 3214 ubi
926 3180 1050 3227 rogo
1092 3173 1210 3213 tunc
1249 3173 1321 3213 est
1358 3166 1407 3212 in
1443 3165 1665 3213 fratribus
1701 3166 1866 3228 regula

35 3367 38 3368 γ
163 3325 180 3351 ²
207 3323 427 3377 damnum]
442 3323 766 3368 damnationem,
787 3322 945 3363 A.B.C.
1092 3321 1109 3344 ²
1135 3321 1454 3375 praeponentes]
1477 3322 1863 3374 praeponderantes‚

45 3379 50 3404 ’-
102 3378 167 3426 D.
185 3379 251 3421 ed.
270 3391 334 3432 pr.
538 3377 555 3401 ⁸
582 3382 626 3418 et
645 3376 942 3422 observantiae,
963 3376 1068 3416 sicut
1086 3380 1128 3417 et
1148 3383 1264 3416 erant
1282 3375 1474 3428 apostoli,
1495 3381 1608 3428 patet
1629 3375 1757 3428 quod]
1780 3389 1862 3417 om.

109 3433 267 3476 A.B.C.
484 3430 500 3455 ⁴
526 3430 662 3483 sequi]
683 3443 766 3471 om.
787 3430 940 3470 A.B.C.
1178 3430 1194 3453 ⁶
1222 3429 1426 3482 regulam]
1447 3429 1622 3482 regulas,
1643 3430 1698 3469 D.
1718 3430 1782 3470 ed.
1801 3443 1862 3483 pr.

45 3483 56 3499 ¹
105 3483 128 3513 ‘⁰
153 3487 283 3540 unde]
303 3486 376 3527 ubi
394 3485 516 3532 enim,
536 3485 601 3526 ed.
620 3498 681 3537 pr.
899 3483 915 3506 ⁷
942 3483 1027 3536 vel]
1048 3483 1112 3530 de,
1132 3483 1260 3529 A.B.;
1291 3489 1344 3529 et,
1366 3484 1416 3524 C.
1612 3484 1627 3507 ⁸
1656 3483 1863 3537 expresse]

39 3558 50 3563 „
109 3554 194 3583 om.
213 3541 370 3582 A.B.C.
532 3539 548 3562 ⁰
578 3538 651 3590 ne]
672 3538 769 3584 irae,
789 3537 852 3577 ed.
872 3551 933 3590 pr.
1102 3538 1132 3562 ¹⁰
1160 3537 1402 3589 defamatio]
1423 3536 1684 3583 defamanfia.
1706 3538 1863 3579 A.B.C.

30 3621 38 3636 :
110 3594 141 3621 ¹¹
169 3594 386 3690 apxareat]
405 3598 584 3647 apereat,
606 3592 679 3638 B.;
709 3592 879 3645 aperiat,
898 3591 962 3632 ed.
983 3604 1044 3643 pr.
1217 3591 1247 3616 ¹²
1277 3591 1861 3643 Domini—consuetudinem]

32 3648 37 3654 ’
111 3662 182 3692 om
260 3679 269 3689 .
289 3649 445 3703 primae
465 3660 623 3694 manus,
645 3646 742 3687 B.C.

919 3703 1060 3749 Bbz
