2456 4088
340 451 443 488 210

1008 433 1435 498 sOANNlS
1505 433 1852 483 WICLIF
2159 450 2322 480 numu.

572 571 787 633 prolifici‚
814 570 903 617 nisi
928 569 1047 616 forte
1073 568 1379 631 procreando
1404 570 1624 615 membra
1648 567 1826 615 diaboli
1841 584 1853 627 ;
1891 575 1938 615 et
1969 574 2167 630 propter
2197 567 2318 615 istos

572 653 786 700 defectus
810 661 882 700 est
906 652 1110 700 ecclesia
1133 651 1336 698 nimium
1369 651 1658 713 perturbata.
1728 650 1876 699 Tales
1901 651 2032 698 enim
2065 658 2179 699 sunt
2209 659 2320 713 per·

526 731 530 737 ”
570 743 717 797 petuo
753 734 959 796 virgines
993 733 1256 781 antichristi
1290 741 1338 780 et
1375 733 1456 779 filii
1492 732 1682 790 diaboli,
1707 732 1895 795 prolem
1928 733 2017 781 sibi
2051 732 2320 796 expeditius

572 824 895 878 procreantes.
966 815 1086 863 Ideo
1114 819 1124 839 ‘
1141 815 1231 862 nisi
1254 814 1498 862 Dominus
1523 815 1792 877 reliquisset
1815 814 1958 862 nobis
1983 830 2151 863 semen
2174 829 2320 863 evan-

571 898 680 960 gelii
706 899 792 955 sui,
819 898 957 959 quasi
993 897 1209 945 Sodoma
1240 895 1498 943 fuissemus
1537 903 1583 943 et
1616 896 1753 957 quasi
1778 895 2022 944 Gomorra
2045 894 2319 944 essemus¹.'

571 979 754 1026 Vitium
791 987 951 1026 autem
991 977 1307 1025 Sodomicum
1349 977 1602 1039 corporale
1644 985 1717 1025 est
1735 977 1986 1040 &parvum2
2026 977 2076 1024 in
2118 993 2320 1040 compa-

570 1060 754 1107 ratione
775 1060 837 1106 ad
856 1060 950 1107 hoc
975 1067 1257 1121 peceatum,
1292 1059 1404 1106 ideo
1425 1059 1751 1121 significanter
1772 1058 1992 1107 Christus
2011 1058 2125 1108 dicit
2142 1059 2316 1109 Matth.

570 1141 655 1198 x.3,
682 1141 815 1202 quod
851 1141 1142 1188 tolerabilius
1177 1141 1264 1188 erit
1299 1141 1350 1187 in
1375 1140 1451 1188 die
1484 1139 1933 1207 judiciisSodomae
1965 1148 2013 1188 et
2047 1140 2320 1189 Gomorrae

570 1237 718 1284 quam
754 1222 815 1268 illi
852 1222 1036 1283 populo
1072 1221 1145 1268 vel
1180 1236 1432 1283 personae,
1470 1236 1594 1282 quae
1631 1221 1824 1269 frustrat
1857 1221 1952 1270 hoc
1977 1237 2146 1270 semen
2183 1223 2320 1285 spiri-

569 1305 709 1361 tuale,
749 1320 811 1351 ne
848 1303 1100 1351 fructificet
1128 1292 1185 1350 xin
1222 1304 1466 1350 mentibus
1509 1303 1825 1360 subditorum,
1864 1303 2138 1366 cujusmodi
2179 1312 2320 1352 erant

570 1385 813 1433 Pharisaei
840 1394 886 1432 et
916 1385 1194 1432 sacerdotes
1218 1385 1338 1447 legis
1362 1386 1547 1433 veteris.
1619 1384 1769 1443 Quod
1794 1387 1834 1433 si
1866 1385 2018 1433 nostri
2050 1385 2247 1447 praelati
2270 1394 2319 1434 et

571 1468 810 1528 pharisaei
845 1468 940 1514 sint
973 1467 1023 1513 in
1060 1482 1175 1514 casu
1211 1466 1464 1524 consimili,
1490 1481 1592 1513 non
1625 1456 1825 1513 dubiufn
1861 1467 1978 1529 quin
2009 1466 2143 1515 luent
2165 1467 2216 1514 in
2239 1465 2318 1515 die

567 1548 731 1610 judicii
769 1548 914 1595 sicut4
950 1547 1161 1595 illi.-—Et
1197 1555 1331 1594 tanta
1371 1547 1451 1594 hic
1488 1547 1582 1594 sint
1624 1547 1751 1594 dicta
1789 1546 1850 1595 de
1886 1555 2073 1609 septem
2107 1549 2320 1610 peccatis

571 1630 851 1677 mortalibus
887 1637 933 1676 et
967 1629 1214 1676 virtutibus
1256 1630 1325 1676 eis
1366 1629 1615 1690 oppositis,
1653 1629 1826 1690 quibus
1869 1628 2108 1691 adjunctis
2148 1629 2319 1678 decem

574 1712 879 1758 sermonibus
912 1711 1146 1772 decalogi,
1173 1725 1297 1772 quos
1331 1710 1503 1758 diffuse
1536 1710 1654 1758 alias
1686 1711 1953 1773 explanavi,
1987 1718 2149 1773 potest
2179 1726 2318 1774 prae-

575 1793 720 1840 dicari
746 1792 930 1854 populo
956 1807 1123 1840 semen
1148 1792 1385 1840 vivificum
1410 1792 1542 1839 verbi
1566 1791 1672 1839 Dei.

1254 2184 1409 2233 CAP.
1448 2185 1632 2233 XXIV.

1218 2316 1295 2363 De
1308 2318 1465 2378 primo
1477 2324 1671 2378 peccalo.

638 2453 840 2499 Alz‘tlzz‘a.
912 2452 1058 2515 Rogo
1095 2452 1186 2511 die,
1224 2452 1366 2500 frater
1402 2453 1676 2511 PhronesiS,
1711 2469 1810 2516 quo
1845 2455 1996 2503 modo
2031 2463 2166 2504 tanta
2199 2472 2316 2519 pec-

571 2534 712 2581 candi
738 2535 952 2596 pronitas
977 2535 1184 2592 inolevit,
1210 2550 1322 2581 cum
1353 2534 1576 2582 homines
1602 2535 1779 2583 debent
1802 2537 2078 2599 naturaliter
2099 2539 2317 2589 inclinari

570 2616 632 2662 ad
657 2616 841 2662 bonum
866 2615 1060 2673 virtutis,
1086 2623 1132 2663 et
1156 2617 1428 2664 naturaliter
1452 2633 1480 2664 a
1504 2617 1633 2664 malo
1659 2618 1755 2664 vitii
1781 2618 2034 2667 declinare.

636 2696 934 2744 Phronesz's5.
1009 2696 1206 2744 Certum
1231 2697 1374 2746 debet
1399 2713 1505 2746 esse
1530 2698 1763 2757 fidelibus,
1790 2701 1923 2762 quod
1953 2702 2044 2749 ista
2076 2703 2314 2765 peccandi

569 2779 785 2841 pronitas
809 2779 945 2826 infuit
969 2779 1154 2826 homini
1179 2795 1240 2826 ex
1265 2781 1405 2842 culpa
1429 2781 1635 2842 propria,
1662 2797 1773 2831 cum
1798 2781 1933 2831 Deus
1959 2785 2134 2832 creavit
2157 2785 2315 2834 homi-

568 2875 682 2906 nem
718 2859 994 2918 mundum6,
1028 2868 1076 2907 et
1111 2860 1240 2908 dedit
1270 2862 1358 2908 sibi
1396 2862 1684 2909 sufficienter
1719 2864 1959 2912 naturales
1983 2867 2237 2927 potentias,
2267 2876 2315 2916 et

568 2941 935 3004 quodammodo
961 2942 1245 3004 originalem
1266 2943 1498 3005 justitiam
1519 2952 1565 2990 et
1588 2945 1882 3006 completam
1902 2947 2314 3008 complexionem,

566 3022 727 3070 locum
763 3031 810 3070 et
845 3023 1186 3085 dispositiones
1221 3024 1351 3082 alias,
1378 3040 1490 3072 cum
1514 3025 1687 3087 quibus
1718 3034 1885 3087 posset
1921 3043 2032 3075 cum
2065 3030 2260 3091 paribus
2285 3047 2315 3079 a

565 3104 686 3151 vitiis
726 3104 977 3151 declinare.
1052 3105 1148 3152 Sed
1188 3105 1365 3151 invidia
1406 3105 1597 3163 diaboli,
1639 3115 1690 3154 ut
1726 3107 1907 3155 dictum
1949 3117 2023 3156 est
2057 3110 2118 3158 de
2153 3112 2311 3173 primo

567 3196 783 3250 peccato,
828 3188 966 3234 infuit
1012 3187 1197 3235 homini
1239 3190 1452 3245 tentatio,
1490 3197 1538 3236 et
1579 3191 1829 3237 succubuit
1870 3207 1931 3238 ex
1973 3207 2062 3240 sua
2104 3195 2311 3251 stultitia,

567 3268 717 3315 modo
743 3284 841 3330 quo
868 3269 979 3316 dicit
1005 3269 1124 3316 fides
1150 3270 1410 3331 scripturae
1430 3269 1552 3317 Gen.
1577 3271 1666 3318 iii.⁷
1734 3272 1810 3319 Ex
1834 3271 1929 3320 hoc
1953 3274 2083 3321 enim
2107 3283 2312 3337 peccato

623 3409 635 3431 ¹
665 3415 704 3448 et
725 3409 838 3461 quasi
860 3409 1066 3450 Gomorra
1085 3410 1282 3462 essemus]
1306 3425 1387 3451 om.
1408 3412 1471 3451 ed.
1492 3425 1551 3463 pr.
1568 3427 1577 3458 ;
1608 3413 1657 3452 cf.
1680 3415 1782 3454 Iesa.
1803 3415 1829 3455 i.
1849 3428 1888 3468 9.
2074 3416 2091 3440 ²
2117 3418 2309 3470 parvum]

567 3463 786 3522 modicum,
809 3464 862 3502 D.
983 3464 998 3486 ³
1028 3464 1178 3503 Matth.
1199 3479 1235 3503 x.
1261 3466 1329 3517 15]
1353 3467 1457 3506 Cod.
1481 3466 1534 3505 D.
1556 3468 1680 3508 habet
1701 3470 1851 3509 Matth.
1871 3470 1979 3510 xviii.
2143 3471 2158 3495 4
2185 3472 2310 3524 sieut]

568 3524 669 3555 smut
691 3523 742 3560 et,
766 3518 827 3557 ed.
849 3530 909 3569 pr.
1073 3518 1088 3541 ⁵
1117 3519 1354 3571 Phronesis]
1377 3533 1458 3559 om.
1475 3522 1536 3560 ed.
1558 3536 1618 3573 pr.
1784 3525 1799 3547 Β
1826 3525 2040 3578 mundum]
2059 3525 2129 3566 i.e.
2150 3539 2311 3579 purum,

568 3571 724 3619 peccati
746 3578 963 3623 expertem.
1130 3573 1144 3594 ⁷
1175 3574 1278 3613 Gen.
1300 3574 1375 3626 iii.]
1398 3575 1501 3614 Gen.
1523 3589 1626 3622 xxx„
1650 3577 1712 3616 ed.
1734 3590 1794 3628 pr.
