2436 4094
346 457 441 510 132
1023 437 1447 501 JOANNIS
1509 437 1858 487 WICLIF
2158 453 2317 483 Luam.
2397 478 2400 481 .

229 589 233 617 2
575 559 681 615 isto,
708 558 840 619 quod
865 558 1125 605 serviamus
1149 556 1260 604 Deo
1285 572 1345 603 ex
1370 564 1471 604 tota
1503 565 1668 604 nostra
1700 558 1915 619 potentia
1939 563 1986 604 et
2009 557 2191 613 virtute,
2216 553 2319 601 dili-

574 654 841 701 gamusque
878 639 1039 700 ipsum
1075 653 1135 685 ex
1171 645 1275 685 toto
1311 638 1457 686 corde
1491 639 1566 685 in1
1591 646 1694 685 tota
1729 639 1890 685 anima
1924 645 1971 685 et
1994 645 2096 685 tota
2130 632 2321 683 mente²

575 728 737 767 nostra
763 720 825 767 ad
850 720 1211 767 similitudinem
1231 720 1494 767 Trinitatis.
1565 719 1628 767 Et
1653 719 1755 767 sine
1772 719 1865 766 hac
1883 727 2017 781 parte
2043 717 2248 766 caritatis
2272 723 2330 767 et>

573 802 753 863 gratiae
777 800 907 847 nulla
930 802 1076 848 virtus
1100 801 1296 848 moralis
1321 802 1446 848 inest
1475 801 1676 850 homini.
1746 800 1809 848 Et
1832 808 1943 863 post
1974 801 2101 848 hanc
2131 806 2320 861 partem

570 882 779 945 Justitiae
815 890 1006 943 oportet
1041 882 1291 929 hominem
1329 898 1514 930 servare
1552 883 1693 930 aliam
1730 882 1792 930 ad
1828 882 2089 944 quemlibet
2124 881 2319 928 fratrem

574 972 804 1011 nostrum.
875 963 938 1012 Et
963 979 1075 1011 cum
1098 973 1299 1025 utraque
1323 965 1523 1012 istarum
1548 963 1784 1012 servatur3
1807 965 1857 1010 in
1891 963 2058 1025 spiritu
2081 968 2319 1024 separato,

573 1054 716 1108 patet,
755 1045 888 1107 quod
926 1046 983 1092 sit
1020 1046 1165 1093 virtus
1202 1046 1340 1093 altior
1375 1061 1522 1108 quam
1558 1046 1798 1108 appetitus
1833 1045 2102 1100 sensitivus,
2137 1043 2188 1090 in
2222 1056 2322 1104 qua

572 1129 716 1175 virtus
753 1126 1029 1189 hujusmodi
1073 1127 1132 1174 sit
1167 1126 1378 1175 fundata.
1448 1128 1512 1175 Et
1546 1135 1656 1189 post
1690 1127 1832 1173 istam
1863 1126 2092 1189 justitiam
2128 1129 2321 1187 oportet

574 1210 743 1257 adesse
749 1210 1096 1273 fortz'tudz'nem,
1123 1224 1247 1270 quae
1271 1217 1464 1257 moveat
1487 1209 1739 1256 hominem
1765 1207 1826 1254 ad
1860 1206 2143 1270 patiendum
2165 1219 2328 1266 usque.

574 1292 636 1339 ad
669 1298 877 1338 mortem
910 1298 957 1337 et
989 1290 1371 1351 aggrediendum
1403 1290 1572 1338 mortis
1605 1289 1870 1346 articulum,
1896 1289 1958 1335 si4
1990 1295 2196 1350 oportet,
2229 1300 2321 1348 pro

575 1372 859 1420 defensione
881 1372 1101 1434 justitiae.
1174 1372 1238 1418 Et
1261 1372 1382 1419 haec
1406 1372 1552 1419 virtus
1576 1379 1648 1419 est
1672 1371 1721 1418 in
1745 1371 1913 1418 virtute
1939 1385 2041 1418 non
2073 1368 2319 1431 organica,

576 1470 687 1502 cum
723 1454 911 1501 animus
947 1453 997 1499 in
1034 1454 1137 1515 ejus
1173 1453 1498 1516 completione
1533 1452 1808 1500 naturaliter
1844 1451 2118 1499 delectatur.
2202 1449 2322 1497 Post

574 1536 700 1583 hanc
727 1534 993 1583 secundam
1011 1535 1230 1582 virtutem
1250 1534 1541 1582 cardinalem
1560 1541 1752 1596 oportet
1771 1532 1904 1595 quod
1928 1533 2042 1580 assit
2054 1531 2321 1594 prudentia,

577 1633 700 1679 quae
737 1624 911 1664 cuncta
946 1631 1096 1677 opera
1121 1616 1289 1663 viantis
1325 1617 1508 1681 regulet
1545 1615 1856 1663 conformiter
1881 1614 1944 1662 ad
1980 1614 2188 1676 primam
2215 1603 2321 1676 jus·
2365 1613 2367 1616 ’

577 1700 727 1746 titiam
774 1698 1140 1760 impellentem5.
1225 1697 1288 1744 Et
1329 1698 1459 1745 illam
1500 1705 1641 1745 vocat
1677 1696 1981 1758 evangelium
2017 1695 2321 1757 prudentiam

579 1779 940 1842 serpentinam⁶‚
979 1780 1091 1840 quia
1134 1787 1303 1826 contra
1343 1794 1517 1826 omnes
1552 1779 1906 1841 temptationes,
1945 1778 2017 1825 et⁷
2055 1777 2323 1839 specialiter

579 1869 747 1909 contra
778 1861 1147 1922 temptationem
1181 1860 1374 1918 diaboli,
1400 1859 1629 1908 obdurat⁸
1654 1875 1801 1907 unam
1824 1867 2011 1920 partem
2035 1859 2161 1907 auris
2184 1859 2322 1907 intel-

577 1944 726 1990 lectus
763 1957 875 1989 cum
909 1950 1042 2003 parte
1076 1941 1315 1988 extrema⁹
1348 1941 1528 1989 caudae
1562 1957 1689 1998 suae,
1723 1941 2036 1989 considerans
2071 1941 2323 2002 quomodo

576 2023 889 2070 necessitatur
924 2023 1047 2069 mori
1083 2024 1144 2070 ab
1179 2023 1269 2070 hac
1304 2023 1444 2070 vita1⁰
1477 2023 1666 2079 misera,
1693 2030 1739 2070 et
1775 2022 2042 2070 secundum
2077 2022 2210 2085 quod
2245 2022 2324 2071 hic

575 2105 747 2151 meruit
787 2103 903 2151 vel11
941 2104 1174 2151 demeruit
1215 2104 1429 2166 recipere
1471 2105 1522 2150 in
1557 2102 1650 2150 alio
1688 2103 1880 2150 saeculo
1915 2104 2185 2165 praemium
2223 2104 2322 2151 sive

575 2200 800 2247 poenam.
873 2184 1147 2232 Secundam
1171 2193 1358 2247 partem
1382 2185 1508 2232 auris
1534 2184 1801 2232 intellectus
1830 2185 2040 2247 applicat
2062 2184 2125 2232 ad
2147 2193 2323 2233 terram

575 2267 839 2329 fragilitatis
880 2267 1137 2324 humanae,
1181 2274 1228 2314 et
1269 2266 1336 2314 sic
1377 2275 1531 2315 totam
1572 2281 1710 2329 spem
1752 2265 1973 2328 adjutorii
2015 2266 2212 2314 inclinat
2258 2265 2322 2314 ad

577 2347 858 2410 suffragium
903 2347 996 2394 Dei
1039 2348 1124 2395 sui.
1202 2348 1264 2394 Et
1305 2348 1394 2395 ista
1434 2356 1507 2395 est
1548 2347 1801 2409 prudentia
1843 2349 2131 2411 serpentina,
2173 2363 2322 2413 quam

578 2444 776 2476 necesse
819 2436 890 2476 est
932 2429 1195 2476 consistere
1237 2429 1287 2475 in
1329 2429 1544 2490 potentia
1584 2429 1866 2477 intellectus.
1937 2428 2124 2488 Quarto
2160 2437 2324 2478 autem

578 2526 688 2558 cum
714 2525 815 2557 non
849 2518 1014 2557 assunt
1037 2511 1156 2557 istae
1189 2518 1285 2557 tres
1309 2510 1518 2568 virtutes,
1546 2511 1637 2557 nisi
1669 2511 1781 2558 insit
1812 2512 2109 2572 temperantia
2133 2512 2183 2559 in
2213 2513 2326 2559 sub-

573 2593 718 2654 ject0‚
739 2591 1006 2638 secundum
1032 2591 1224 2652 quam¹2
1242 2591 1466 2639 virtutem
1489 2592 1834 2654 temperantiae
1859 2593 2004 2640 utitur
2021 2593 2326 2644 vescibilibus

577 2671 885 2720 conformiter
917 2671 1103 2718 rationi.
1175 2671 1410 2729 Quamvis
1443 2680 1603 2719 autem
1634 2687 1725 2734 pro
1758 2680 1994 2736 tempore,
2031 2689 2139 2737 quo,
2163 2676 2325 2724 anima

575 2753 654 2801 hic
690 2753 940 2814 copulatur
976 2754 1182 2815 corpori,
1221 2754 1372 2800 multa
1406 2769 1556 2816 opera
1596 2755 1795 2802 istarum
1836 2756 2060 2803 virtutum
2101 2765 2326 2819 quattuor

577 2841 688 2881 sunt
724 2834 953 2895 organica
988 2842 1036 2881 et
1071 2834 1369 2882 delectabilia
1404 2836 1633 2897 appetitui
1671 2836 1912 2893 sensitivo,
1938 2845 2129 2898 oportet
2163 2845 2327 2886 tamen

577 2915 709 2978 quod
751 2916 801 2962 in
838 2917 1054 2977 appetitu
1082 2916 1368 2977 superiori13
1402 2916 1611 2964 hominis
1647 2917 1934 2966 radicentur.
2006 2919 2130 2967 Istas
2165 2928 2327 2968 autem

576 2997 770 3044 virtutes
805 3004 1040 3059 quattuor,
1073 2997 1194 3044 sicut
1230 3012 1572 3059 quamcunque
1602 2998 1822 3045 virtutem
1854 2999 2103 3057 moralem,
2129 3008 2202 3048 est
2236 3002 2325 3049 im-

576 3077 805 3139 possibile
840 3078 999 3125 inesse
1037 3077 1235 3135 homini,
1274 3079 1364 3125 nisi
1407 3074 1518 3125 assit
1555 3079 1708 3139 gratia
1749 3079 1843 3127 Dei
1885 3080 1971 3127 sui.
2056 3079 2326 3139 Quomodo

579 3173 760 3220 quaeso
803 3166 968 3220 posset
1010 3158 1161 3215 homo
1198 3159 1369 3206 mereri
1404 3159 1763 3218 beatitudinem,
1802 3161 2008 3209 vivendo
2044 3170 2092 3209 et
2132 3164 2328 3225 agendo

635 3306 649 3329 ²
677 3306 737 3357 in]
760 3311 813 3352 et,
834 3306 987 3347 A.B.C.
1009 3307 1072 3346 ed.
1094 3320 1179 3358 pr.;
1210 3305 1261 3346 cf.
1281 3306 1396 3352 infra,
1414 3321 1454 3359 p.
1482 3306 1569 3358 136.
1686 3307 1701 3330 ²
1729 3314 1769 3348 et
1789 3314 1877 3349 tota
1896 3310 2051 3361 mente]
2074 3323 2155 3350 orn.
2177 3312 2240 3352 ed.
2262 3326 2324 3365 pr.

579 3359 593 3381 ³
623 3360 822 3411 servatur]
840 3366 1069 3406 coronatur,
1092 3361 1146 3400 D.
1312 3360 1326 3383 4
1355 3361 1408 3413 si]
1431 3361 1546 3407 sicut,
1567 3361 1630 3401 ed.
1650 3375 1711 3414 pr.
1893 3363 1908 3386 ⁵
1935 3363 2231 3418 impellentem]
2253 3366 2328 3406 im-

581 3413 773 3464 plentem,
795 3414 850 3453 D.
1014 3416 1029 3437 ⁶
1058 3414 1108 3453 cf.
1130 3414 1284 3455 Matth.
1304 3429 1341 3455 x.
1367 3414 1428 3455 16.
1593 3415 1609 3438 ⁷
1636 3415 1696 3468 et]
1719 3429 1800 3456 om.
1822 3417 1924 3456 Α,Β.
2084 3418 2099 3441 ⁸
2127 3419 2323 3474 obdurat]

583 3468 759 3512 obturat,
782 3469 901 3513 A.C.‚
923 3469 968 3507 B.
989 3468 1144 3520 primae
1163 3482 1319 3515 manus,
1340 3469 1402 3508 ed.
1423 3482 1483 3521 pr.
1735 3470 1750 3493 ⁹
1778 3471 1975 3523 extrema]
1998 3471 2156 3519 eximia,
2179 3473 2243 3513 ed.
2262 3487 2324 3526 pr.

552 3546 555 3576 ι
583 3521 612 3543 1⁰
641 3521 742 3571 vita]
763 3528 890 3572 parte,
910 3523 972 3562 ed.
995 3536 1055 3574 pr.
1239 3524 1267 3546 ¹¹
1295 3523 1380 3575 vel]
1403 3523 1498 3568 sive,
1520 3524 1574 3563 D.
1595 3524 1660 3563 ed.
1681 3538 1741 3577 pr.
1880 3524 1910 3547 ¹²
1938 3526 2160 3566 secundum
2179 3527 2322 3580 quam]

553 3577 555 3617 ζ
584 3586 678 3612 nam
700 3576 931 3622 secundum,
954 3577 1055 3615 A.B.
1222 3577 1251 3600 ¹³
1279 3578 1493 3630 superiori]
1515 3578 1744 3631 superioris,
1765 3577 1916 3619 A.B.C.
