2436 4094
123 498 273 534 caum.
422 548 427 551 μ
723 481 1288 532 TRIALOGUS.

124 611 257 679 mihi,
291 613 510 678 intelligit
545 616 730 665 subtilis
759 617 1010 679 apostolus
1043 633 1129 680 per
1153 626 1435 681 tegumenta
1458 618 1733 667 necessaria
1756 634 1878 682 pan-

123 708 302 742 norum
348 710 532 758 genera
571 705 619 745 et
660 697 935 757 domorum,
980 699 1041 748 de
1089 714 1188 763 quo
1235 699 1424 747 binario
1475 699 1656 748 debent
1702 714 1877 748 omnes

125 770 331 825 viantes¹
366 777 418 824 in
455 778 554 826 suis
588 778 820 841 gradibus
855 780 1140 838 contentari,
1170 787 1223 828 ut
1257 781 1343 827 viri
1378 780 1578 843 perfecti
1614 781 1881 844 apostolici,

123 872 228 906 non
262 857 499 907 habentes
540 859 919 922 superfluitatem
960 861 1011 908 in
1052 861 1243 909 cibariis
1282 863 1580 924 sumptuosis
1621 863 1695 910 vel
1736 863 1881 911 etiam

124 937 269 987 nimis
303 939 480 988 multis.
551 940 616 988 Et
651 955 751 1003 quo
788 940 851 989 ad
885 948 1167 1004 tegumenta
1201 942 1253 989 in
1288 943 1479 1005 panniS,
1506 943 1641 1006 quod
1676 944 1881 992 omnino

124 1034 228 1068 non
249 1017 468 1068 utantur²
501 1021 756 1084 superfluis
780 1022 855 1070 vel
887 1023 1033 1071 nimis
1067 1024 1381 1086 sumptuosiS,
1407 1024 1530 1074 sicut
1562 1024 1770 1087 apostoli
1800 1025 1883 1087 qui

124 1100 315 1151 fuerunt
336 1116 428 1165 pro
451 1102 700 1166 tempore³
723 1102 902 1152 Christi
935 1103 996 1152 de
1028 1119 1128 1153 una
1160 1105 1324 1153 tunica
1346 1106 1629 1164 contentati‚
1654 1105 1881 1154 vocando

123 1183 339 1232 tunicam
362 1197 584 1247 pannum
606 1183 740 1232 illum
772 1185 856 1248 qui
880 1186 1171 1234 eminentius
1204 1186 1323 1249 tegit
1355 1201 1562 1249 corpus;
1611 1202 1703 1235 nec
1734 1186 1886 1235 habe-

123 1265 245 1315 bant
277 1265 329 1313 in
363 1264 617 1314 domiciliis
651 1266 1000 1329 proprietatem
1037 1266 1314 1325 domorum,
1341 1275 1390 1315 et
1426 1268 1632 1315 omnino
1657 1269 1887 1316 carebant

125 1345 234 1396 altis
268 1345 511 1406 domibus,
548 1354 597 1396 et
631 1347 696 1396 ad
736 1362 863 1396 onus
903 1347 1116 1410 proximi
1158 1348 1473 1411 sumptuosis.
1559 1349 1622 1397 In
1657 1349 1888 1398 omnibus

125 1435 290 1477 autem
313 1427 443 1477 istis⁴
466 1428 747 1477 excessibus
771 1428 992 1478 laborant
1017 1428 1199 1487 fratreS,
1226 1436 1274 1477 et
1299 1429 1568 1492 specialiter
1592 1445 1692 1493 quo
1717 1430 1780 1479 ad
1803 1446 1890 1479 ex-

124 1509 366 1559 cessivum
388 1525 661 1569 numerum,
687 1524 786 1573 quo
812 1510 875 1558 ad
894 1511 1314 1574 sumptuositatem
1337 1511 1554 1571 istorum,
1582 1509 1654 1560 et⁵
1682 1513 1888 1560 omnino

124 1591 239 1655 quia
260 1590 429 1640 fratres
453 1607 545 1641 nec
570 1592 632 1641 de
655 1592 822 1640 labore
847 1593 1067 1656 corporis
1090 1607 1182 1641 nec
1207 1592 1268 1641 de
1298 1593 1635 1642 aedificatione
1661 1594 1891 1657 spirituali

123 1672 307 1722 faciunt
330 1672 543 1722 debitam
566 1687 939 1736 reconpensam.
1007 1673 1072 1720 Et
1090 1673 1407 1722 conformiter
1427 1674 1539 1722 dico
1563 1675 1675 1723 tibi⁶
1702 1690 1801 1738 quo
1827 1675 1892 1724 ad

0 1750 10 1804 ,²
88 1806 90 1808 ,
125 1753 427 1804 dotationem
444 1754 690 1812 ecclesiae,
711 1769 814 1802 non
838 1755 970 1803 enim
988 1754 1131 1802 video
1157 1755 1275 1817 quin
1293 1763 1552 1817 peccatum
1575 1756 1754 1819 sapiat⁷
1778 1772 1892 1805 cum

126 1837 230 1900 ejus
261 1835 639 1885 haereditatione
663 1843 864 1899 propter
887 1835 1038 1883 multa
1061 1835 1190 1883 mala
1213 1850 1341 1898 quae
1374 1836 1552 1884 exinde
1585 1839 1890 1900 proveniunt.

127 1917 246 1967 Non
268 1926 435 1967 tamen
452 1917 594 1966 video
619 1917 738 1980 quin
761 1917 873 1965 licet
895 1916 1076 1965 habere
1095 1917 1425 1979 provisionem
1443 1918 1748 1966 moderatam
1771 1919 1895 1967 ultra

127 2001 463 2049 necessitatem
487 1998 700 2047 alimenti
724 2006 771 2047 et
793 1998 1076 2062 tegumenti,
1103 1997 1220 2045 dum
1243 2005 1409 2046 tamen
1442 1999 1587 2062 pure⁸
1612 2015 1700 2062 per
1731 2000 1896 2049 media

126 2081 256 2131 licita
279 2077 402 2131 sint⁹
424 2080 644 2144 quaesita
657 2095 670 2140 3
708 2079 804 2128 hoc
828 2087 994 2127 tamen
1016 2093 1126 2128 raro
1151 2079 1227 2128 vel
1251 2095 1505 2143 nunquam
1530 2082 1702 2130 evenit.
1770 2082 1894 2130 Ideo

128 2163 349 2212 Christus
380 2170 430 2211 et
459 2162 565 2226 ejus
597 2161 806 2225 apostoli
840 2169 1146 2210 servaverunt
1178 2176 1427 2210 summurn
1461 2163 1668 2226 gradum
1702 2163 1893 2226 perfec-

128 2246 288 2295 tionis·
360 2244 483 2293 Ideo
507 2251 638 2302 nota,
664 2242 800 2307 quod
832 2242 1082 2306 apostolus
1112 2258 1216 2290 non
1242 2243 1358 2293 dicit
1381 2244 1518 2307 quod
1529 2253 1654 2307 pure
1664 2246 1701 2271 ¹⁰
1726 2246 1787 2294 de
1813 2245 1896 2294 ali-

128 2327 304 2376 mentis
337 2334 388 2376 et
420 2325 714 2389 tegumentis
750 2325 845 2373 sint
869 2324 1043 2387 singuli
1079 2325 1357 2383 contentati‚
1385 2325 1471 2374 sed
1507 2325 1621 2375 dicit
1656 2326 1792 2390 quod
1830 2327 1890 2375 de

128 2408 368 2458 alimentis
391 2415 440 2456 et
462 2406 758 2471 tegumentis
781 2406 998 2454 contenti
1024 2405 1175 2454 simus
1185 2405 1234 2464 Π,
1261 2406 1585 2470 intelligentes
1609 2423 1712 2457 non
1738 2409 1897 2457 solum

129 2490 208 2539 illa
230 2504 357 2553 quae
380 2489 433 2537 de
444 2489 587 2554 facto
609 2487 743 2535 alunt
765 2487 840 2535 vel
863 2494 1048 2550 tegunt,
1074 2486 1164 2535 sed
1187 2487 1281 2546 illa,
1305 2502 1432 2551 quae
1456 2489 1508 2536 de
1529 2491 1733 2552 potentia
1757 2490 1891 2538 alunt

129 2571 205 2620 vel
238 2578 422 2634 tegunt,
459 2569 640 2618 scilicet
674 2567 811 2626 illam,
848 2581 973 2630 quae
1009 2567 1190 2616 debent
1232 2569 1282 2616 in
1323 2569 1522 2618 modico
1565 2579 1785 2634 tempore
1828 2572 1889 2620 de

131 2666 352 2715 congruo
373 2649 486 2699 sic¹³
502 2658 665 2712 tegere
683 2648 758 2697 vel
783 2649 974 2706 nutrire,
995 2649 1063 2696 sic
1088 2649 1222 2711 quod
1247 2651 1451 2698 omnino
1478 2659 1703 2700 caveatur
1726 2652 1893 2715 acqui-

132 2734 244 2784 sitio
268 2733 344 2782 vel
368 2731 575 2782 servatio
601 2729 854 2794 culpabilis
880 2729 942 2778 de
967 2729 1166 2778 eisdem.

189 2877 204 2901 ¹
232 2873 411 2928 viantes]
432 2886 515 2915 om.
536 2872 695 2914 A.B.C.
933 2869 950 2893 ²
977 2869 1164 2923 utantur]
1186 2875 1362 2917 utamur,
1383 2871 1542 2913 A.B.C.
1781 2874 1796 2898 ³
1824 2887 1901 2927 pro

134 2930 340 2984 tempore]
359 2942 437 2983 pro
456 2927 591 2975 simul,
611 2927 668 2967 D.
688 2925 752 2967 ed.
773 2939 836 2980 pr.
867 2932 871 2940 ”
1057 2924 1072 2947 ⁴
1100 2924 1210 2977 istis]
1231 2938 1314 2965 om.
1335 2926 1383 2966 B.
1634 2925 1651 2951 ⁸
1678 2927 1739 2980 et]
1761 2928 1900 2975 etiam,

135 2985 186 3025 B.
205 2984 364 3038 primae
381 2995 541 3030 manus,
560 2982 624 3023 ed.
644 2994 707 3035 pr.
927 2979 943 3003 ⁶
972 2978 1069 3031 tibi]
1091 2992 1173 3019 om.
1195 2980 1248 3019 A.
1466 2979 1482 3003 ⁷
1511 2980 1666 3034 sapiat]
1688 2982 1809 3035 sapit,
1830 2983 1898 3029 A.‚

136 3039 187 3080 C.
206 3038 364 3092 primae
381 3050 540 3078 manus.
705 3035 721 3059 ⁸
747 3033 868 3087 pure]
889 3034 1105 3087 praescise,
1124 3034 1208 3087 lege
1226 3033 1422 3086 praecise,
1442 3035 1506 3075 ed.
1526 3048 1589 3088 pr.
1749 3037 1766 3060 ⁹
1795 3036 1897 3089 sint]

137 3098 246 3140 sunt,
264 3092 330 3133 ed.
349 3105 411 3146 pr.
632 3090 664 3115 ¹⁰
690 3088 811 3143 pure]
832 3088 1035 3141 praescise
1055 3088 1289 3140 (praecise),
1309 3087 1373 3128 ed.
1392 3101 1454 3141 pr.
1662 3089 1691 3114 ¹¹
1720 3092 1903 3131 contenti

138 3146 285 3199 simus]
307 3147 388 3189 sint
408 3145 558 3199 singuli
577 3143 817 3189 contentati‚
834 3143 988 3183 A.B.C.
1250 3141 1282 3166 ¹²
1309 3154 1414 3194 quae
1431 3143 1484 3184 de
1505 3143 1902 3197 potentia—scilicet

138 3200 233 3255 illa]
253 3214 338 3243 om.
356 3200 465 3242 Β.Ῑ).
485 3200 550 3242 ed.
565 3212 628 3253 pr.
813 3197 843 3221 ¹³
871 3196 923 3237 de
942 3209 1127 3250 congruo
1147 3195 1226 3250 sic]
1248 3209 1330 3237 om.
1353 3196 1458 3237 A.B.

790 3433 1259 3486 ——-‘3{{⁶—'-

2019 497 2119 553 195
