2496 4108
78 437 87 445 -
119 436 271 468 m...
718 420 829 469 ΤΚ
854 421 941 470 [Α
965 422 1012 470 L
1037 423 1080 472 ο
1102 422 1149 472 G
1175 423 1294 474 US.

127 551 304 614 quibus
352 552 543 601 tamen¹
591 556 928 618 supponimuS‚
971 558 1107 619 quod
1155 573 1325 606 eorum
1373 560 1632 622 baptisatio
1682 561 1885 610 sufficiat

128 633 387 696 baptisato·
459 634 568 684 Nec
602 645 883 699 reputamus
918 638 1052 701 quod
1087 638 1414 689 descendente
1449 641 1510 690 de
1547 642 1687 690 coelo
1713 643 1885 705 pluvia,

128 716 205 764 vel
238 716 439 765 homine
473 717 704 767 derisorie
739 720 814 768 vel
851 736 967 769 casu
1003 722 1165 784 aliquo
1200 723 1438 786 reliquum
1472 724 1747 787 baptisante
1757 724 1789 783 2,
1825 725 1887 772 sit

126 805 386 862 propterea
419 799 470 846 in
505 800 670 849 anima
704 802 984 864 baptisatus,
1059 802 1316 852 Credimus
1353 813 1532 864 tamen,
1571 805 1731 869 quod³
1766 821 1886 869 qua-

129 880 348 943 cunque⁴
370 880 531 929 vetula
558 882 633 930 vel
668 883 857 945 abjecta
891 899 1105 946 persona
1139 886 1227 933 rite
1262 886 1450 935 lavante
1485 887 1738 936 hominem
1774 903 1886 936 cum

129 961 286 1010 verbis
310 963 750 1022 sacramentalibus,
775 965 1071 1027 baptismum
1095 967 1304 1016 flaminis
1323 968 1459 1017 Deus
1485 970 1712 1033 complet.
1773 969 1887 1018 Mo-

130 1041 296 1092 dicum
341 1044 472 1092 enim
518 1044 678 1093 valent
725 1046 864 1109 signa
911 1056 1091 1107 nostra,
1139 1049 1230 1098 nisi
1281 1049 1341 1098 de
1389 1059 1572 1114 quanto
1625 1052 1704 1099 illa
1750 1051 1885 1100 Deus

132 1125 453 1189 acceptaverit
477 1127 704 1188 gratiose.

196 1205 262 1255 Et
283 1222 371 1270 per
386 1206 508 1255 haec
525 1207 802 1271 respondeo
829 1209 891 1257 ad
915 1210 1162 1274 objectum
1180 1220 1318 1260 tuum
1335 1213 1545 1261 tertz‘um5
1563 1213 1883 1262 concedendo

127 1288 264 1352 quod
301 1288 453 1348 DeuS,
496 1289 536 1338 si
575 1290 790 1349 voluerit,
834 1299 994 1354 potest
1036 1292 1268 1341 damnare
1310 1294 1545 1342 infantem
1586 1295 1733 1343 talem
1781 1296 1884 1343 sine

129 1370 304 1434 injuria
322 1371 412 1419 sibi
435 1370 575 1430 facta,
597 1378 644 1419 et
669 1372 709 1420 si
727 1373 928 1421 voluerit
952 1382 1115 1436 potest
1138 1376 1301 1437 ipsum
1326 1376 1521 1425 salvare.
1594 1376 1701 1425 Nec
1727 1377 1884 1424 audeo

129 1460 317 1516 partem
365 1452 565 1502 alteram
611 1454 828 1513 diffinire,
876 1470 968 1503 nec
1015 1456 1184 1505 laboro
1234 1458 1361 1505 circa
1409 1459 1766 1521 reputationem
1812 1458 1887 1507 vel

131 1533 422 1584 evidentiam
445 1536 497 1582 in
528 1536 620 1584 ista
652 1537 851 1584 materia
883 1538 1268 1600 acquirendam⁶,
1295 1539 1380 1587 sed
1404 1547 1457 1587 ut
1481 1549 1642 1588 mutus
1668 1541 1886 1589 subticeo

132 1617 372 1666 confitens
418 1615 661 1666 humiliter
701 1633 863 1666 meam
904 1620 1230 1680 ignorantiam
1271 1622 1430 1669 verbis
1479 1622 1886 1670 conditionalibus

127 1698 371 1758 usitand0,
410 1699 544 1762 quod
585 1714 688 1748 non
726 1701 872 1748 claret
911 1701 1030 1748 mihi
1071 1701 1244 1761 adhue,
1288 1703 1327 1752 si
1364 1703 1472 1751 talis
1511 1704 1670 1752 infans
1708 1721 1737 1753 a
1774 1705 1886 1753 Deo

129 1781 386 1829 salvabitur
407 1781 509 1829 vel⁷
532 1781 838 1830 damnabitur
851 1799 863 1841 ;
902 1783 989 1831 sed
1014 1783 1114 1831 scio
1141 1784 1276 1847 quod
1300 1785 1535 1848 quidquid
1560 1787 1610 1833 in
1635 1787 1725 1834 isto
1751 1786 1887 1834 Deus

130 1861 310 1921 fecerit,
350 1863 438 1911 erit
476 1863 660 1926 justum
702 1872 750 1911 et
796 1878 922 1926 opus
963 1865 1322 1914 misericordiae
1364 1882 1392 1914 a
1433 1868 1621 1915 cunctis
1667 1868 1887 1916 fidelibus

129 1943 520 1994 collaudandum.
592 1945 666 1993 Illi
690 1953 852 1993 autem
876 1947 958 2009 qui
983 1963 1043 1994 ex
1069 1948 1351 1996 auctoritate
1377 1963 1464 1997 sua
1489 1949 1587 1996 sive
1614 1949 1812 1997 scientia
1837 1950 1887 1996 in

128 2027 329 2075 materia
373 2027 465 2076 ista
510 2027 776 2091 quidquam
823 2027 1074 2087 diffiniunt,
1123 2037 1356 2092 tanquam
1403 2031 1793 2093 praesumptuosi
1841 2039 1888 2078 et

129 2095 291 2158 stolidi
332 2123 436 2157 non
477 2124 530 2158 se
570 2109 788 2159 fundant.
872 2110 935 2158 Et
976 2118 1214 2174 quantum
1257 2111 1320 2159 ad
1362 2112 1514 2160 multa
1555 2112 1684 2160 dicta
1721 2113 1887 2175 magni

43 2219 45 2221 ·
130 2189 433 2255 Augustzmv,
458 2199 507 2239 et
532 2192 802 2255 specialiter
826 2193 972 2240 etiam
1001 2191 1074 2239 de⁹
1099 2192 1318 2255 baptismo
1350 2194 1660 2256 parvulorum
1693 2202 1741 2242 et
1764 2195 1814 2241 in
1839 2195 1890 2240 de

120 2273 223 2336 fide
257 2272 322 2321 ad
356 2271 568 2332 Petrum,
605 2281 767 2338 potest
803 2274 911 2332 dici,
948 2274 1084 2336 quod
1119 2276 1384 2338 reputative
1419 2275 1631 2338 loquitur
1665 2276 1740 2323 vel
1771 2291 1888 2324 con-

129 2354 432 2414 ditionaliter,
464 2359 477 2381 ‘
493 2355 534 2404 si
556 2356 712 2404 taliter
740 2355 851 2404 Deo
876 2356 1062 2419 placet.'
1134 2355 1299 2405 Credo
1323 2364 1502 2415 tamen,
1535 2358 1714 2420 quod¹⁰
1738 2358 1888 2406 multa

126 2437 257 2487 dicta
280 2453 310 2486 a
333 2438 512 2486 sanctis
537 2437 794 2501 patribus11
826 2438 1136 2500 probabiliter
1169 2446 1390 2501 reputata
1411 2439 1514 2486 imo
1528 2438 1565 2465 ¹2
1593 2439 1795 2487 diffinita
1827 2456 1888 2487 ex

130 2519 227 2568 fide
259 2519 522 2582 scripturae
553 2535 640 2583 per
671 2520 869 2583 ignaros
903 2528 1120 2582 satrapas
1154 2519 1347 2568 fuerunt
1380 2527 1428 2568 et
1459 2519 1618 2568 forent
1650 2521 1888 2582 posterius

131 2599 473 2659 condemnata,
500 2601 586 2650 sed
610 2601 749 2664 ego¹³
773 2616 876 2649 non
908 2600 1068 2649 habeo
1100 2601 1460 2664 reputationem
1489 2601 1563 2648 vel
1588 2602 1888 2664 opinionem,

130 2682 266 2748 quod
289 2691 548 2747 propterea
570 2683 695 2731 foret
719 2684 798 2732 ita.

197 2764 263 2813 Et
285 2772 522 2828 quantum
547 2764 609 2813 ad
633 2765 748 2813 illud
773 2765 907 2828 quod
931 2764 1067 2813 Deus
1092 2773 1165 2812 est
1190 2764 1392 2827 pronior
1425 2764 1488 2812 ad
1521 2765 1889 2827 praemiandum

131 2861 282 2911 quam
305 2845 410 2895 ad¹⁴
433 2847 751 2909 puniendum,
777 2855 824 2895 et
848 2855 1084 2910 quantum
1109 2846 1171 2895 ad
1195 2845 1337 2904 aliud,
1364 2845 1499 2908 quod
1523 2847 1684 2908 passio
1713 2845 1889 2895 Christi
1935 2883 1940 2889 ,

131 2928 196 2978 ad
230 2935 660 2992 quantumcunque
697 2930 936 2992 posterius
971 2938 1190 2991 ternpore
1224 2943 1276 2976 se
1301 2927 1582 2986 extenderit,
1609 2935 1680 2975 est
1704 2936 1888 2975 utrum-

130 3024 228 3074 que
262 3010 466 3059 istorum
503 3010 618 3058 satis
653 3011 953 3074 imbrigabile
990 3011 1122 3073 apud
1157 3009 1491 3068 scholasticOS,
1523 3009 1794 3072 specialiter
1829 3009 1889 3058 de

185 3195 200 3220 ¹
228 3194 282 3235 de
309 3194 456 3247 quibus
485 3194 643 3248 tamen]
674 3195 726 3236 de
755 3195 940 3247 quolibet
968 3200 1120 3242 tamen,
1142 3196 1195 3236 A.
1199 3196 1246 3235 B.
1250 3195 1324 3242 C.;
1365 3195 1417 3236 de
1445 3194 1705 3247 quibuslibet,
1733 3194 1797 3234 ed.
1827 3208 1888 3247 pr.

131 3248 377 3327 'reliquum
396 3249 649 3302 baptisante]
673 3250 926 3302 relinquente
946 3250 1208 3303 baptismate,
1230 3250 1294 3290 ed.
1317 3263 1379 3302 pr.
1534 3248 1710 3301 ⁸quod]
1731 3261 1814 3289 om.
1835 3250 1889 3289 A.

133 3301 436 3356 ⁴quacunque]
458 3316 735 3356 quaecunque,
756 3305 820 3343 ed.
841 3317 902 3356 pr.
1069 3304 1084 3326 ⁵
1113 3303 1296 3356 tertium]
1321 3303 1454 3350 tertio,
1476 3302 1539 3342 ed.
1560 3316 1622 3355 pr.
1771 3303 1788 3326 ⁶
1814 3316 1891 3344 nec

132 3356 648 3409 laboro—acquirendam]
672 3371 754 3398 om.
777 3358 842 3403 B.,
862 3358 916 3398 A.
937 3358 1096 3411 primae
1115 3371 1275 3398 manus.
1521 3357 1606 3409 vel]
1628 3356 1724 3403 sive,
1744 3357 1807 3397 ed.
1827 3371 1889 3410 pr.

131 3411 148 3436 ⁸
176 3411 416 3464 Augustini]
439 3410 668 3457 Anshelmi,
688 3412 752 3451 ed.
773 3425 834 3466 pr.
1002 3413 1018 3436 ⁹
1046 3412 1149 3464 de]
1138 3426 1181 3451 in
1200 3412 1264 3458 de,
1286 3412 1332 3450 B.
1337 3412 1384 3452 C.
1406 3411 1470 3451 ed.
1491 3425 1553 3464 pr.
1700 3412 1730 3435 ¹⁰
1757 3412 1888 3464 quod]

134 3478 219 3506 om.
239 3465 346 3506 A..C
366 3465 568 3506 secundae
587 3478 747 3506 manus
967 3465 996 3489 ¹¹
1026 3466 1231 3519 patribus]
1254 3479 1338 3506 om.
1360 3466 1413 3506 A.
1417 3466 1464 3505 B.
1455 3465 1642 3544 ‚lprimae
1659 3479 1816 3512 manus,
1834 3466 1889 3506 D.

531 3518 562 3542 ¹²
589 3519 726 3612 imo]
715 3533 799 3560 imo
820 3520 944 3572 quod,
965 3520 1027 3566 Β.,
1047 3520 1110 3560 ed.
1132 3533 1193 3572 pr.
1525 3520 1622 3573 ego]
1642 3533 1724 3561 om.
1745 3520 1808 3562 ed.
1828 3533 1889 3574 pr.

133 3519 596 3627 ffl'agmmned

2026 427 2126 494 287
