2496 4108
16 357 26 386 ..a
18 335 19 338 „
4 198 36 318 ³65⁴⁴5K¹.2·t.

19 479 37 505 ί
118 459 275 496 cun,
717 442 1289 492 TRIALOGUS.

123 588 214 623 n'ec
238 571 429 638 oportet
452 575 628 624 morari
652 577 780 624 circa
803 576 991 638 glossas
1017 578 1286 634 doctorum,
1313 579 1394 639 qui
1417 578 1635 627 videntur
1661 590 1873 624 asserere

123 654 176 702 in
216 656 416 704 materia
455 658 545 705 ista
584 658 880 720 oppositum,
923 656 1036 719 quia
1077 659 1149 705 vel
1191 659 1450 720 loquuntur
1491 658 1753 720 reputative
1794 664 1877 703 aut

122 737 381 799 opinative,
423 736 496 785 vel
545 746 656 786 sunt
701 739 765 786 illi
813 739 988 801 quibus
1030 755 1130 787 non
1178 749 1370 802 oportet
1421 741 1631 796 credere,
1674 740 1765 786 nisi
1816 739 1876 785 de

121 826 308 880 quanto
340 834 393 867 se
433 820 736 868 fundaverint
773 821 823 867 in
860 821 1107 882 scriptura,
1145 823 1258 883 quia
1297 831 1481 870 certum
1520 822 1704 869 videtur
1741 819 1874 882 quod

122 900 302 949 rabbus
324 900 551 949 fundare¹
575 916 677 948 non
702 903 926 964 poterint,
951 903 1084 964 quod
1118 918 1292 951 omnes
1325 905 1443 951 tales
1474 903 1690 951 damnati
1716 902 1875 949 omni-

123 981 274 1029 mode
298 991 493 1031 careant
517 998 680 1045 poena
703 999 890 1032 sensus.
950 1022 954 1026 .

191 1062 256 1111 Et
278 1079 340 1112 ex
363 1064 465 1112 istis
488 1064 674 1112 videtur
697 1064 860 1112 inferri
883 1066 1107 1113 conclusio
1129 1067 1484 1123 tertia,:scilicet
1509 1066 1642 1129 quod
1674 1080 1876 1112 necesse

122 1152 198 1192 est
220 1154 422 1208 peccata
444 1146 697 1209 originalia
719 1146 975 1194 hominum
999 1163 1106 1195 esse
1131 1148 1414 1209 inaequalia,
1441 1149 1562 1195 sicut
1586 1147 1878 1195 decedentes

123 1227 174 1275 in
192 1227 506 1290 originalibus
525 1237 635 1276 sunt
659 1238 857 1291 propter
875 1230 953 1276 illa
971 1229 1285 1292 inaequaliter
1311 1229 1686 1277 condemnandi.
1748 1228 1877 1275 Nam

119 1309 259 1372 juxta
295 1309 424 1358 dicta
460 1325 634 1358 omnes
670 1311 984 1359 condemnati
1022 1326 1111 1373 pro
1149 1312 1463 1373 originalibus
1499 1319 1608 1358 sunt
1644 1311 1877 1358 condem-

126 1390 276 1438 nandi
299 1399 399 1439 tam
428 1407 591 1454 poena
624 1392 789 1439 damni
822 1392 995 1454 quam²
1019 1408 1180 1455 poena
1213 1408 1411 1452 sensus;
1457 1393 1545 1440 sed
1577 1392 1877 1454 impossibile

124 1480 200 1521 est
231 1473 366 1535 quod
401 1473 691 1521 damnentur
723 1474 930 1522 omnino
955 1474 1226 1536 ,aequaliter
1258 1475 1347 1522 illis
1380 1475 1568 1536 poenis,
1594 1469 1712 1535 ergo
1738 1473 1878 1520 relin-

123 1555 298 1618 quitur,
337 1556 471 1618 quod
512 1565 715 1618 peccata
755 1557 930 1619 quibus
971 1557 1073 1604 illas
1109 1572 1295 1619 poenas
1331 1557 1669 1604 demeruerant
1680 1557 1710 1613 ⁸,
1748 1558 1878 1603 inae-

124 1637 287 1700 qualia
321 1646 434 1686 sunt
469 1627 689 1686 dicenda.
761 1627 892 1685 Nam
925 1639 1048 1686 sicut
1078 1654 1204 1686 unus
1244 1639 1502 1686 damnatus
1535 1654 1624 1701 pro
1657 1638 1878 1700 originali

126 1721 274 1774 habet
319 1721 568 1783 ingenium
614 1721 823 1768 vivacius
864 1728 911 1768 et
953 1721 1075 1768 foret
1117 1721 1464 1768 beatificandus
1502 1721 1772 1783 perfectius,
1811 1721 1880 1768 sic

126 1801 274 1850 habet
297 1817 358 1850 ex
382 1801 476 1849 Dei
495 1801 679 1864 justitia
701 1802 859 1863 majus
884 1801 1133 1849 damnum.
1205 1800 1338 1849 Sed
1326 1817 1376 1848 m
1403 1802 1553 1850 domo
1574 1801 1667 1849 Dei
1690 1810 1882 1864 oportet

66 1925 68 1927 ,
127 1899 236 1932 esse
260 1883 520 1931 homines
507 1898 557 1930 in
580 1882 735 1945 gradu
759 1883 974 1945 dispares
1007 1898 1106 1945 quo
1132 1883 1196 1930 ad
1227 1883 1368 1941 istud,
1396 1899 1510 1931 cum
1543 1884 1663 1932 sicut
1689 1892 1883 1946 oportet

125 1965 352 2013 homines
387 1964 438 2011 in
474 1963 628 2025 figura
668 1962 807 2011 faciei
849 1972 929 2011 aut
964 1964 1067 2011 aliis
1103 1979 1208 2037 esse
1249 1965 1299 2011 in
1334 1973 1467 2026 parte
1510 1964 1779 2023 dissimiles,
1817 1967 1884 2013 sic

120 2054 322 2110 ‚oportet
355 2061 463 2094 esse
498 2045 548 2093 in
583 2045 814 2108 potentiis
851 2046 1056 2103 animae,
1082 2060 1231 2107 quam
1267 2054 1461 2108 oportet
1495 2046 1674 2094 habere
1711 2049 1884 2110 aptitu-

128 2128 295 2183 dinem
319 2128 370 2175 in
405 2135 540 2191 parte
575 2126 822 2190 disparem
859 2126 923 2174 ad
959 2142 1101 2175 suum
1137 2128 1413 2190 subjectum
1449 2129 1701 2190 dispariter
1737 2129 1885 2177 infor-

129 2209 379 2258 mandum.
442 2208 513 2256 Ἐἰ
535 2207 680 2256 haec4
705 2209 840 2267 ratio,
867 2224 1015 2271 quare
1043 2208 1342 2271 Augustinus
1365 2210 1416 2256 in
1440 2225 1530 2257 suo
1555 2211 1886 2259 Encheridion
1906 2212 1908 2214 ’

130 2307 277 2355 saepe
303 2287 517 2339 'inculcat
548 2291 691 2338 istam
723 2291 1026 2348 sententiam,
1051 2299 1100 2339 et
1132 2307 1279 2353 quare
1313 2292 1529 2339 damnati
1562 2308 1651 2355 pro
1676 2294 1888 2355 peccatis

127 2373 442 2437 originalibus
484 2372 675 2420 dolent⁵
716 2380 816 2420 tam
858 2373 1110 2435 dispariter
1150 2388 1240 2436 pro
1287 2374 1525 2435 peccatis;
1583 2390 1709 2422 unus
1757 2375 1886 2422 enim

131 2447 276 2504 habet
311 2454 653 2503 discretionem
686 2455 876 2502 animae
909 2455 1016 2517 plus
1049 2455 1277 2512 vivacem,
1303 2463 1350 2502 et
1375 2454 1496 2503 foret
1521 2457 1570 2502 in
1594 2457 1886 2504 beatitudine

127 2546 234 2586 ‚tam
258 2537 478 2600 corporis
509 2551 659 2599 quam
691 2530 882 2583 animae
908 2536 1016 2598 plus
1046 2537 1243 2595 beatus;
1292 2552 1440 2598 quare
1477 2553 1596 2599 ergo
1630 2553 1732 2584 non
1765 2537 1888 2585 foret

131 2627 330 2683 propter
363 2632 576 2681 poenam
612 2617 720 2680 plus
755 2633 953 2680 gravem
994 2625 1094 2664 tam
1129 2618 1179 2664 in
1216 2633 1419 2680 corpore
1456 2633 1604 2679 quam
1640 2619 1690 2665 in
1726 2619 1889 2665 anima

130 2702 324 2765 gravius
354 2699 739 2748 condemnatus?
800 2698 907 2746 Nec
940 2706 1132 2761 oportet
1163 2699 1410 2746 immorari
1444 2700 1571 2747 circa
1603 2700 1887 2762 opinionem

131 2775 381 2832 Amhe'lmi
406 2781 457 2829 in
488 2781 578 2829 ista
609 2780 820 2837 materia,
848 2777 1007 2842 quod⁶
1032 2795 1134 2827 non
1166 2779 1342 2827 habere
1369 2780 1442 2827 vel
1474 2795 1635 2828 carere
1668 2782 1889 2843 originali

2017 449 2114 503 291

129 2865 312 2930 Justitia
343 2878 446 2911 non
477 2870 549 2910 est
581 2862 967 2924 exprimendum,
1002 2861 1254 2924 quomodo
1287 2862 1395 2923 quis
1429 2862 1585 2924 magis
1622 2870 1703 2909 aut
1728 2863 1888 2910 minus
1939 2880 1945 2886 *

122 2946 376 3009 suscipiat,
413 2959 526 2993 cum
565 2943 673 3006 plus
714 2943 988 2990 habituatus
1023 2943 1074 2989 in
1115 2943 1412 2990 naturalibus
1447 2943 1592 2990 habet
1628 2945 1890 2991 carentiam

134 3027 449 3090 ampliorem;
488 3024 633 3073 sicut⁷
662 3025 848 3087 primus
881 3024 1082 3087 angelus
1109 3022 1308 3071 ‘Lucifer
1341 3040 1401 3072 ex
1434 3025 1636 3072 naturali
1661 3027 1890 3087 potentia,

135 3123 285 3172 quam
325 3106 462 3168 Deus
508 3106 572 3154 illi
620 3106 831 3163 dederat,
871 3106 981 3168 plus
1016 3107 1222 3168 punitur.
1295 3106 1415 3157 Ideo
1453 3106 1636 3153 videtur
1674 3108 1890 3155 securius

134 3174 287 3255 penes
310 3183 569 3236 naturalem
595 3187 844 3250 potentiam
880 3187 986 3235 talis
1021 3187 1234 3235 damnati
1271 3202 1548 3236 mensurare
1580 3189 1893 3250 gravedinem

131 3286 327 3336 poenae
374 3285 506 3330 suae,
552 3284 702 3332 quam
748 3284 901 3332 penes
946 3269 1292 3317 beatitudinem
1333 3269 1406 3316 vel
1446 3271 1718 3317 commodum
1760 3272 1893 3333 quod

194 3430 207 3454 ¹
236 3427 426 3480 fundare]
446 3427 619 3474 fundari,
641 3426 688 3468 B.
708 3426 772 3466 ed.
792 3439 853 3479 pr.
1061 3426 1249 3479 ²quam]
1270 3439 1392 3479 quam
1413 3427 1551 3473 etiam,
1573 3427 1625 3466 A.
1630 3428 1674 3466 B.
1678 3428 1727 3468 C.
1748 3428 1812 3468 ed.
1862 3442 1894 3470 r.

137 3483 154 3506 ³
180 3482 483 3534 demeruerant]
504 3482 803 3527 demeruerunt,
824 3481 976 3520 A.B.C.
998 3481 1061 3520 ed.
1082 3494 1143 3533 pr.
1431 3482 1444 3503 ⁴
1473 3481 1595 3533 haec]
1617 3481 1718 3524 haec
1739 3488 1813 3530 est,
1832 3442 1895 3530 ii„

137 3537 204 3578 ed.
223 3550 285 3590 pr.
532 3536 547 3559 ⁵
575 3535 736 3588 dolent]
758 3536 921 3581 debent,
942 3535 1006 3575 ed.
1027 3548 1088 3587 pr.
1346 3535 1520 3588 ⁶qu0d]
1542 3536 1683 3591 quod'
1672 3549 1726 3584 m,
1747 3537 1811 3579 ed.
1833 3549 1910 3594 pr.

135 3591 151 3615 ⁷
183 3590 306 3644 sicut]
329 3590 400 3632 sed
421 3591 536 3638 sicut,
556 3590 619 3631 ed.
642 3603 702 3643 pr.

972 3673 1059 3705 U2
