2436 4094
215 939 253 958 CO

276 931 360 957 nosci

986 419 1413 485 JOANNJS
1459 419 1810 470 WJCLJF
2059 459 2070 464 ,
2155 409 2280 470 mm.

531 558 699 604 lumini
725 557 869 605 debili
893 556 1095 603 naturali
1120 556 1244 602 inest
1277 554 1477 617 quidam
1510 554 1720 619 defectus,
1745 569 1893 617 quem
1915 554 2052 602 Deus
2069 553 2279 618 gratiose

532 647 682 696 sanat,
721 638 911 685 donans
947 638 1194 695 notitiam3
1243 644 1290 684 et
1326 637 1394 684 sic
1430 636 1565 698 quod
1600 649 1725 684 unus
1762 637 2016 699 cognoscit
2050 637 2102 683 in
2141 635 2279 698 spiri-

531 719 669 766 tuali1
706 720 885 766 lumine
917 719 1113 780 gratiae,
1149 718 1269 765 alius
1302 719 1556 780 cognoscit
1579 719 1642 765 in.
1663 719 1845 766 lumine
1882 718 2089 766 naturali
2103 733 2116 777 ;
2167 716 2280 765 ideo

534 800 703 847 diversi
739 807 849 847 sunt
887 800 1066 861 gradus
1102 801 1151 846 in
1194 789 1390 848 diversis
1431 799 1725 859 hominibus,
1767 801 1817 847 in
1858 801 2033 862 quibus
2075 799 2281 848 dissimi-

530 882 659 928 liter2
705 882 887 928 articuli
933 882 1046 929 fidei
1087 890 1462 944 cognoscuntur.
1550 882 1714 930 Deum
1759 897 1878 945 ergo
1925 897 2034 930 esse
2082 881 2278 939 trinum,

531 963 815 1024 potuerunt³
849 963 1127 1026 philosophi
1161 972 1214 1010 ut
1246 963 1389 1011 Plato
1423 979 1535 1011 cum
1569 965 1737 1012 ceteris
1770 979 2069 1026 cognoscere
2100 962 2282 1010 lumine

531 1044 745 1102 naturali,
781 1052 1098 1092 veruntamen
1130 1045 1192 1092 ad
1216 1045 1326 1104 hoc,
1360 1046 1494 1108 quod
1526 1046 1657 1095 idem
1689 1047 1931 1093 meritorie
1964 1051 2281 1108 cognoscant,

530 1127 783 1188 requiritur
805 1127 970 1175 lumen
1000 1128 1112 1175 fidei
1142 1128 1384 1176 formante
1414 1129 1581 1191 gratia.
1658 1128 1823 1187 Quare
1853 1142 1967 1175 cum
1996 1127 2060 1175 sit
2085 1125 2283 1174 deduci-

530 1209 663 1266 bile4,
702 1209 835 1271 quod
860 1209 994 1257 Deus
1020 1210 1078 1258 sit
1112 1219 1247 1258 actus
1279 1226 1442 1273 purus,
1477 1211 1794 1259 infinitissime
1819 1209 2148 1266 intellectivus,
2175 1222 2280 1256 cer-

531 1298 633 1336 tum
665 1298 751 1348 est,
778 1291 911 1353 quod
946 1291 1092 1339 habet
1128 1294 1397 1354 potentiam
1422 1293 1485 1340 ad
1510 1308 1561 1340 se
1585 1300 1632 1340 et
1657 1292 1719 1340 ad
1743 1293 1834 1340 alia
1858 1281 2279 1353 cognoscendum,

531 1379 578 1418 et
602 1372 681 1419 illa
704 1373 921 1434 potentia
947 1374 1117 1421 dicitur
1141 1373 1271 1421 Deus
1293 1380 1443 1436 paler.
1515 1374 1577 1422 Et
1603 1381 1839 1437 quantum
1863 1380 2024 1435 potest
2047 1387 2099 1420 se
2121 1372 2283 1434 ipsum

531 1468 844 1515 cognoscere,
869 1456 1083 1502 tantum⁵
1118 1457 1392 1504 necessario
1425 1456 1691 1517 cognoscit,
1718 1463 1765 1503 et
1796 1455 1875 1502 illa
1911 1453 2081 1502 notitia
2113 1453 2284 1502 dicitur

536 1535 663 1582 Deus
674 1536 828 1598 filius.
900 1536 963 1584 Et
987 1537 1110 1584 sicut
1135 1552 1236 1584 non
1261 1545 1422 1599 potest
1447 1553 1567 1595 esse,
1593 1537 1728 1599 quod
1753 1538 1821 1584 sic
1845 1543 2012 1598 posset
2033 1544 2088 1583 ¹se
2120 1535 2282 1600 ipsum
2323 1575 2327 1582 .

533 1619 869 1679 cognosceress,
897 1619 987 1666 nisi
1021 1627 1289 1680 cognoscat
1323 1620 1568 1667 actualiter
1604 1627 1839 1681 quantum
1873 1624 2049 1680 potest,
2075 1617 2144 1664 sie
2176 1629 2278 1663 non

532 1706 692 1760 potest
707 1715 827 1758 esse,
845 1701 979 1762 quod
999 1700 1066 1748 sic
1084 1701 1328 1748 actualiter
1345 1716 1395 1748 se
1416 1709 1698 1763 cognoscat,
1715 1700 1807 1748 nisi
1823 1701 1873 1746 in
1889 1715 1940 1747 se
1956 1700 2063 1762 ipso
2081 1697 2285 1746 finaliter

535 1781 784 1841 quietetur,
812 1789 859 1828 et
883 1782 961 1828 illa
986 1782 1216 1843 quietatio
1242 1790 1314 1829 est
1336 1784 1533 1843 spiritus
1557 1788 1757 1829 sanctus.
1829 1781 1893 1828 Et
1917 1781 2024 1828 illae
2049 1787 2144 1828 tres
2175 1794 2286 1842 per-

535 1877 685 1910 sonae
721 1863 938 1910 absolute
975 1866 1248 1911 necessario
1287 1871 1396 1911 sunt
1433 1871 1732 1920 coaeternae,
1771 1862 2074 1925 coaequales,
2111 1869 2159 1909 et
2201 1876 2280 1908 or-

536 1943 721 1991 dinate⁷
749 1945 820 2003 (ut
858 1942 1049 2008 dicitur)
1088 1945 1434 2006 procedentes;
1486 1953 1622 2007 pater
1657 1945 1789 1992 enim
1825 1952 1896 1992 est
1931 1946 2062 2006 prior
2097 1943 2285 2004 origine

534 2040 682 2087 quam
702 2025 837 2083 filius,
864 2033 912 2072 et
931 2034 1067 2087 pater
1085 2033 1132 2072 et
1152 2026 1275 2074 filius
1295 2034 1405 2074 sunt
1423 2027 1554 2088 prius
1579 2027 1745 2088 spiritu
1764 2034 1933 2074 sancto
1953 2026 2152 2087 origine,
2172 2025 2287 2086 quia

535 2122 595 2153 ex
641 2106 737 2153 hoc
788 2107 922 2168 quod
968 2107 1104 2154 Deus
1150 2115 1285 2168 pater
1330 2107 1513 2169 potest⁸
1563 2123 1614 2155 se
1653 2109 1814 2170 ipsum
1856 2122 2171 2169 cognoscere,
2213 2107 2284 2155 sic

535 2190 802 2250 cognoscit,
829 2196 876 2235 et
901 2204 961 2236 ex
987 2189 1081 2236 hoc
1107 2189 1242 2250 quod
1267 2197 1427 2250 potest
1452 2205 1750 2251 cognoscere
1785 2204 1834 2236 se
1870 2190 2042 2250 ipsum,
2069 2187 2140 2235 et⁹
2166 2202 2285 2250 cog-

534 2271 690 2317 noscit
714 2278 762 2317 et
785 2279 913 2317 amat
939 2286 988 2318 se
1012 2271 1185 2332 ipsum.
1258 2271 1320 2317 Et
1344 2271 1583 2332 quaelibet
1615 2272 1812 2318 istarum
1843 2271 1987 2317 trium
2019 2282 2180 2318 rerum
2211 2277 2286 2316 est

533 2351 847 2400 essentialiter
871 2351 1000 2399 idem
1024 2351 1173 2410 Deus,
1200 2368 1312 2400 cum
1342 2353 1552 2399 essentia
1584 2352 1740 2399 divina
1768 2353 1827 2399 sit
1851 2351 2091 2413 quaelibet
2114 2350 2286 2398 harum

534 2433 689 2479 trium.
762 2431 999 2479 Rationes
1042 2433 1187 2479 etiam
1233 2440 1281 2479 et
1327 2433 1657 2495 proprietates,
1702 2432 1970 2480 secundum
2017 2445 2139 2494 quas
2187 2431 2283 2480 dis-

533 2514 827 2574 tinguuntur,
854 2521 965 2560 sunt
990 2528 1178 2571 causae,
1204 2528 1351 2574 quare
1386 2514 1516 2561 nulla
1549 2514 1721 2561 harum
1752 2514 1896 2561 trium
1927 2528 2088 2561 rerum
2117 2513 2286 2575 recipit

533 2594 940 2655 praedicationem
981 2596 1229 2657 propriam
1266 2596 1457 2643 alterius
1488 2596 1766 2653 earundem,
1801 2595 2022 2657 quamvis
2062 2603 2200 2658 pater
2237 2603 2286 2643 et

460 2701 461 2706 =
534 2675 656 2722 filius
695 2676 787 2723 sint
827 2676 957 2723 idem
1005 2676 1331 2725 neutraliterm.
1420 2677 1483 2723 Et
1529 2678 1731 2724 nomina
1779 2693 1836 2725 ac
1883 2677 2096 2739 logicam
2149 2677 2285 2725 istius

532 2759 757 2804 materiae
783 2765 974 2819 oportet
998 2758 1190 2805 fidelem
1215 2759 1467 2820 diligenter
1493 2773 1805 2820 cognoscere,
1830 2767 1883 2806 ut
1911 2759 2134 2816 essentia,
2168 2760 2282 2808 sub-

533 2840 718 2897 stantia,
744 2840 817 2887 vel
843 2847 1012 2887 natura
1038 2840 1209 2897 divina,
1231 2849 1303 2887 est
1327 2841 1567 2902 quaelibet
1591 2841 1761 2888 harum
1785 2841 1929 2888 trium
1953 2855 2285 2902 personarum,

533 2928 580 2966 et
613 2936 699 2983 per
732 2936 1039 2983 consequens
1072 2921 1177 2984 ipsa
1209 2923 1392 2969 trinitas
1408 2938 1420 2980 ;
1474 2922 1559 2969 sed
1592 2923 1711 2970 sicut
1744 2923 1873 2969 nulla
1907 2922 2107 2969 istarum
2141 2923 2286 2970 trium

534 3017 851 3063 personarum
875 3011 948 3050 est
972 3003 1167 3064 reliqua,
1188 3004 1255 3050 sic
1274 3004 1378 3065 ipsa
1396 3004 1579 3050 trinitas
1604 3018 1706 3049 non
1730 3012 1802 3050 est
1827 3004 1986 3064 aliqua
2004 3003 2286 3051 earundem.

534 3083 597 3129 Et
621 3085 838 3144 quamvis
863 3092 998 3146 pater
1022 3093 1068 3132 et
1093 3085 1215 3132 filius
1250 3086 1343 3132 sint
1374 3084 1504 3132 idem
1529 3085 1801 3133 neutraliter
1832 3083 2156 3145 intelligendo,
2182 3099 2286 3133 non

534 3171 696 3211 tamen
729 3166 1040 3228 intelligendo
1066 3164 1422 3227 personaliter11
1456 3165 1747 3223 masculine;
1797 3172 1863 3223 ut,
1890 3173 2026 3227 pater
2050 3173 2122 3213 est
2154 3165 2284 3212 idem

589 3305 605 3329 ¹
634 3307 851 3359 spirituali]
875 3321 955 3347 om.
977 3308 1039 3347 ed.
1062 3321 1120 3359 pr.
1286 3307 1301 3330 ²
1328 3307 1594 3360 dissimiliter]
1618 3307 1842 3353 dissimiles,
1867 3307 1962 3347 B.C.
1983 3307 2045 3346 ed.
2067 3320 2152 3358 pr.;
2180 3306 2282 3346 diffi-

538 3359 646 3405 ciles,
669 3361 722 3399 D.
906 3362 921 3384 ³
949 3362 1189 3414 potuerunt]
1211 3368 1447 3414 posuerunt,
1470 3362 1565 3402 B.C.
1587 3362 1650 3401 ed.
1671 3375 1730 3413 pr.
1913 3360 1928 3383 ⁴
1955 3361 2203 3413 deducibile]
2225 3361 2285 3400 in-

537 3413 723 3460 ducibile,
746 3415 798 3453 D.
941 3417 956 3439 ⁵
979 3417 1157 3468 tantum]
1180 3423 1339 3456 tantum
1359 3430 1401 3456 se
1419 3416 1565 3469 ipsum,
1587 3417 1648 3455 ed.
1669 3429 1729 3468 pr.
1870 3415 1884 3438 ⁶
1914 3415 2178 3467 cognoscere]
2202 3428 2284 3454 om.

538 3467 599 3504 ed.
621 3481 680 3518 pr.
790 3469 804 3491 ⁷
834 3470 1036 3522 ordinate]
1060 3471 1282 3516 ordinatae,
1304 3471 1366 3510 ed.
1387 3483 1447 3523 pr.
1550 3471 1564 3492 Β
1592 3470 1748 3521 potest]
1770 3476 1906 3521 potest
1927 3470 1996 3514 sic,
2019 3469 2117 3509 B.C.
2138 3469 2201 3509 ed.
2222 3482 2283 3521 pr.

538 3519 552 3540 ⁹
581 3521 640 3580 et]
663 3535 742 3560 om.
764 3523 826 3562 ed.
846 3537 904 3575 pr.
1061 3524 1092 3547 ¹⁰
1119 3524 1611 3576 quamvis-neutraliter]
1634 3537 1713 3563 om.
1737 3524 1783 3563 C.
1805 3524 1865 3563 ed.
1887 3537 1946 3575 pr.
2059 3523 2087 3545 ¹1
2115 3536 2282 3574 person-

539 3572 672 3626 ahter]
696 3576 914 3626 pluraliter,
937 3579 987 3617 A.
1009 3579 1208 3619 secundae
1227 3592 1383 3624 manus,
1406 3580 1501 3619 ΒΕ.
1524 3580 1584 3618 ed.
1607 3592 1667 3630 pr,
