2456 4088
306 405 411 458 216

979 401 1408 466 JOANNIS
1478 402 1827 452 WICLIF
2124 422 2290 451 maur.

545 535 824 594 substantia,
873 542 1038 583 tamen
1087 535 1174 584 fuit
1221 552 1250 584 a
1298 537 1472 584 deitate
1519 545 1761 584 extranea.
1847 535 1911 584 Et
1958 537 1997 584 si
2052 535 2293 593 mussitaS,

544 616 716 680 quare¹
741 617 902 679 potius
934 616 1150 666 secunda
1172 617 1247 665 vel
1279 617 1442 665 media
1473 632 1685 680 persona
1716 617 1824 680 plus
1856 632 2004 680 quam
2035 617 2193 680 prima
2222 615 2298 664 vel

542 699 693 756 tertia,
719 697 883 746 debuit
905 698 1157 756 incarnari,
1184 699 1365 746 dictum
1390 707 1462 746 est
1494 700 1594 757 tibi,
1625 699 1884 761 quoniam²
1907 699 2002 746 hoc
2035 705 2296 761 peccatum

544 796 604 827 ex
640 780 912 842 ignorantia
947 788 1020 827 est
1056 780 1386 837 commissum,
1424 780 1535 828 ideo
1572 788 1761 842 oportet
1797 780 1929 841 quod
1963 795 2023 828 ex
2053 777 2299 855 personali
2384 792 2386 797 ’

546 861 780 924 sapientia
804 861 865 908 sit
889 860 1114 919 deletum,
1140 876 1264 923 quae
1301 869 1374 908 est
1409 861 1719 908 solummodo
1744 861 1839 908 Dei
1862 860 2096 909 Verbum.
2167 859 2295 909 Cum

545 956 663 1003 ergo
697 950 889 1003 oportet
922 942 1055 1004 quod
1088 942 1273 1005 aliqua⁸
1305 958 1517 1005 persona
1541 942 1634 989 Dei
1666 943 1821 990 mittat
1845 956 2107 1004 personam
2139 942 2302 1001 aliam„

546 1038 671 1085 quae
709 1022 968 1070 satisfaciat
999 1038 1088 1085 pro
1124 1032 1342 1085 peccato,
1368 1032 1414 1070 et
1438 1023 1580 1070 Pater
1616 1038 1716 1070 non
1752 1030 1911 1085 potest
1939 1023 2062 1070 mitti
2097 1037 2210 1070 cum
2234 1022 2297 1070 sit

546 1119 757 1167 persona
781 1101 963 1166 prima4
989 1105 1282 1166 originaliter
1307 1105 1571 1162 Trinitatis,
1597 1113 1730 1167 patet
1754 1105 1887 1167 quod
1911 1119 2112 1152 necesse
2136 1112 2222 1162 est,
2247 1112 2302 1151 ut

545 1186 700 1232 mittat
743 1200 1004 1247 personam
1046 1186 1188 1233 aliam
1229 1186 1617 1243 incarnandam⁵,
1658 1201 1782 1248 quae
1823 1193 2024 1248 propter
2063 1186 2301 1233 rationem

546 1267 859 1328 multiplicem
878 1265 990 1313 fuit⁶
1010 1267 1464 1315 convenientissime
1483 1267 1702 1313 Verbum
1726 1266 1847 1325 Dei;
1884 1267 1997 1314 ideo
2023 1281 2136 1314 cum
2159 1265 2300 1314 mini-

546 1363 683 1394 mum
708 1347 1080 1396 inconveniens⁷
1097 1348 1221 1395 foret
1244 1348 1294 1394 in
1312 1347 1422 1395 Deo
1442 1346 1780 1409 impossibile⁸,
1801 1355 1941 1410 patet,
1958 1347 2094 1410 quod
2111 1354 2304 1410 oportet

549 1429 890 1477 salvationem⁹
913 1429 1124 1477 hominis
1149 1429 1302 1477 taliter
1327 1444 1378 1477 se
1403 1422 1596 1476 habere.
1665 1429 1729 1476 Et
1752 1437 1883 1491 patet
1908 1443 2022 1477 cum
2045 1428 2305 1492 oportuit¹⁰

549 1519 806 1573 peccatum
847 1511 989 1573 primi
1031 1510 1242 1558 hominis
1285 1510 1431 1558 deleri
1474 1510 1798 1558 satisfactione
1841 1510 2004 1558 debita
2042 1510 2303 1572 mediante,

551 1592 684 1654 quod
708 1593 920 1653 oportuit
941 1591 1185 1640 Christum
1203 1592 1357 1640 taliter
1375 1592 1639 1650 incarnari;
1677 1599 1724 1638 et
1751 1606 1952 1639 necesse
1976 1590 2064 1640 fuit
2095 1601 2304 1650 mortem

550 1672 763 1735 postea11
797 1674 945 1736 sequi,
981 1672 1138 1721 cum¹²
1173 1674 1385 1736 oportuit
1417 1672 1664 1721 Christum
1698 1673 2174 1735 proportionabiliter
2204 1673 2303 1736 pati

552 1755 674 1802 sicut
709 1754 872 1802 Adam
908 1755 1447 1817 improportionabiliter
1482 1755 1836 1816 praesumebat,
1872 1754 2006 1802 aliter
2039 1756 2170 1802 enim
2204 1769 2308 1802 non

552 1835 675 1883 foret
716 1836 976 1884 satisfactio
1017 1851 1106 1898 pro
1155 1837 1431 1883 commisso.
1505 1835 1625 1882 Ideo
1675 1835 1794 1883 sicut
1834 1835 1996 1882 Adam
2045 1835 2308 1898 superbivit

552 1931 706 1978 usque
731 1917 794 1964 ad
825 1926 1033 1964 mortem
1064 1917 1273 1979 gratiose
1305 1916 1549 1973 inflictam,
1578 1917 1643 1963 sic
1674 1924 1865 1978 oportet
1898 1916 2032 1978 quod
2063 1917 2308 1965 secundus

555 1998 716 2045 Adam
740 1998 1011 2045 humilietur
1034 2013 1187 2059 usque
1213 1998 1276 2045 ad
1300 2005 1508 2045 mortem
1538 1997 1799 2058 corporis¹³
1822 1998 2032 2059 gratiose
2056 2005 2307 2060 acceptam

555 2088 602 2126 et
636 2094 846 2141 passam.
917 2079 980 2125 Et
1015 2079 1125 2126 ideo
1163 2079 1276 2126 dicit
1312 2078 1576 2140 apostolus,
1613 2078 1748 2138 quod
1784 2077 2001 2126 Christus
2039 2078 2194 2127 factus
2233 2087 2308 2127 est

555 2175 644 2223 pro
680 2160 822 2208 nobis
858 2160 1091 2207 obediens
1126 2175 1279 2221 usque
1319 2159 1380 2206 ad
1422 2159 1686 2205 mortem14.
1758 2159 1821 2206 Et
1856 2158 1944 2206 fuit
1979 2162 2307 2208 necessarium

556 2242 713 2303 ipsam
749 2249 999 2302 acceptam
1037 2240 1183 2288 fuisse
1219 2242 1269 2286 in
1305 2241 1452 2302 ligno,
1478 2249 1531 2287 ut
1567 2241 1688 2287 sicut
1722 2256 1784 2287 ex
1813 2239 1969 2288 fructu
2004 2241 2302 2303 ligni.vetito

557 2322 695 2383 periit
730 2322 895 2380 homo,
922 2322 989 2370 sic
1025 2337 1086 2369 ex
1122 2321 1278 2369 fructu
1310 2322 1427 2384 ligni
1461 2337 1605 2384 passo
1642 2322 1847 2369 salvetur
1881 2321 2061 2382 homo;
2114 2331 2163 2370 et
2196 2332 2307 2371 sunt

558 2403 677 2451 aliae
702 2404 880 2450 multae
906 2404 1254 2465 congruentiae
1278 2403 1548 2464 utrobique.

625 2485 687 2532 Et
729 2500 789 2532 ex
830 2485 931 2532 istis
968 2492 1098 2547 patet
1132 2485 1386 2547 responsio
1424 2484 1486 2531 ad
1523 2484 1849 2532 difficultatem
1884 2493 2017 2532 tuam
2051 2485 2307 2546 secundam,

559 2565 738 2613 scilicet
757 2580 904 2627 quare
923 2573 1177 2627 peccatum
1203 2565 1363 2626 angeli
1371 2565 1406 2590 ¹5
1425 2580 1527 2613 non
1546 2566 1742 2613 deletur.
1815 2565 1947 2614 Sicut
1971 2567 2102 2614 enim
2119 2575 2311 2630 oportet

560 2648 620 2695 ad
646 2648 860 2695 actiones
890 2647 1131 2695 naturales
1163 2662 1270 2695 esse
1295 2648 1491 2709 agentia
1526 2655 1573 2695 et
1607 2648 1948 2710 dispositiones
1971 2649 2022 2695 in
2045 2649 2214 2711 passis,
2241 2650 2310 2697 sic

560 2737 749 2791 oportet
775 2729 837 2776 ad
861 2728 1197 2776 deletionem¹⁶
1221 2729 1407 2791 peccati
1432 2744 1539 2776 esse
1563 2729 1784 2777 virtutem
1808 2730 2014 2777 activam
2038 2731 2239 2792 agentis,
2263 2738 2312 2779 et

562 2811 928 2872 dispositionem
961 2810 1304 2861 contritionis¹⁷
1335 2811 1543 2872 aliquam
1568 2811 1618 2856 in
1646 2818 1878 2872 peccante
1893 2826 1906 2870 3
1949 2810 2035 2858 sed
2057 2810 2154 2859 hoc
2172 2810 2312 2861 deest

561 2892 777 2950 diabolis,
803 2899 849 2939 et
886 2891 954 2939 sic
989 2892 1177 2953 peccati
1212 2907 1383 2939 eorum
1421 2891 1607 2939 deletio.
1679 2891 1786 2939 Nec
1826 2892 2026 2940 dubium
2063 2893 2180 2954 quin
2222 2893 2312 2941 illis

560 2973 806 3020 fructuose
841 2973 1056 3020 contritis
1082 2972 1218 3020 Deus
1250 2988 1351 3020 non
1385 2981 1548 3034 posset
1580 2972 1869 3020 deletionem
1901 2974 2088 3034 peccati
2112 2973 2185 3020 sui
2209 2988 2312 3021 non

616 3111 629 3134 ¹
659 3109 801 3161 quare]
824 3109 1008 3161 qualiter,
1029 3108 1092 3149 ed.
1113 3122 1174 3161 pr.
1379 3108 1394 3130 2
1422 3108 1635 3160 quoniam]
1657 3108 1780 3160 quod,
1802 3107 1958 3148 C.D.B.
1979 3107 2135 3159 primae
2153 3121 2311 3155 manus,

562 3163 626 3202 ed.
647 3177 709 3215 pr.
955 3163 970 3186 ³
998 3162 1152 3215 aliqua]
1174 3163 1266 3207 alia,
1288 3163 1442 3202 A.B.C.
1464 3163 1526 3201 ed.
1547 3176 1609 3214 pr.
1836 3161 1851 3184 ¹
1878 3161 2029 3214 prima]
2052 3175 2133 3202 om.
2154 3161 2310 3203 A.B.C.

560 3216 575 3239 ⁵
603 3216 914 3268 incarnandam]
963 3230 1039 3269 pro
1086 3222 1256 3268 peccato
1300 3217 1604 3262 incarnandam,
1650 3216 1697 3255 B.
1742 3216 1898 3268 primae
1941 3228 2097 3261 manus,
2138 3216 2201 3255 ed.
2248 3229 2310 3268 pr.

562 3271 577 3293 ⁶
605 3271 700 3322 fuit]
722 3271 787 3316 sit,
808 3271 854 3310 B.
874 3271 1029 3322 primae
1048 3284 1204 3314 manus,
1226 3271 1288 3310 ed.
1308 3284 1368 3322 pr.
1517 3270 1531 3292 ⁷
1560 3270 1867 3321 inconveniens]
1889 3269 2144 3316 conveniens,
2165 3270 2228 3309 ed.
2248 3283 2310 3322 pr.

562 3325 577 3347 ¹³
606 3325 877 3377 impossibile]
896 3338 968 3376 per
986 3325 1252 3376 impossibile,
1273 3326 1336 3364 ed.
1357 3338 1416 3377 pr.
1692 3324 1707 3346 ⁹
1737 3323 2023 3374 salvationem]
2046 3323 2305 3370 salvatorem,

564 3379 625 3417 ed,
646 3393 707 3430 pr.
874 3380 904 3402 ¹⁰
933 3379 1135 3430 oportuit]
1158 3385 1335 3430 oportet,
1357 3378 1507 3418 A.B.C.
1619 3378 1648 3402 ¹¹
1677 3377 1840 3430 postea]
1863 3390 1944 3417 om.
1975 3377 2023 3416 C.
2134 3377 2165 3399 ¹²
2193 3377 2306 3428 cum]

564 3438 621 3477 ut,
642 3433 744 3471 AB.
955 3433 984 3456 1³
1012 3432 1439 3472 inflictam—mortem
1460 3432 1662 3484 corporis]
1684 3445 1765 3471 om.
1786 3431 1841 3470 D.
2024 3429 2053 3454 ¹⁴
2082 3430 2186 3470 Phil.
2205 3431 2246 3471 ii.
2267 3431 2306 3471 8.

565 3486 592 3508 ¹⁵
620 3486 774 3538 angeli]
797 3486 964 3531 diaboli,
985 3487 1047 3525 ed.
1068 3500 1128 3538 pr.
1253 3487 1282 3510 1⁴³
1311 3485 1577 3538 deletionem]
1594 3486 1920 3531 delectationem,
1941 3484 1987 3523 B.
2152 3484 2183 3509 ¹⁷
2208 3497 2304 3525 con-

534 3557 536 3596 '3
566 3539 759 3591 tritionis]
782 3540 1084 3585 contractionis,
1106 3541 1152 3579 C.
1188 3561 1191 3564 ,
