<?xml version="1.0" encoding="UTF-8"?>
<!DOCTYPE html PUBLIC "-//W3C//DTD XHTML 1.0 Transitional//EN"
    "http://www.w3.org/TR/xhtml1/DTD/xhtml1-transitional.dtd">
<html xmlns="http://www.w3.org/1999/xhtml" xml:lang="en" lang="en">
 <head>
  <title>
</title>
<meta http-equiv="Content-Type" content="text/html;charset=utf-8" />
  <meta name='ocr-system' content='tesseract 3.04.00' />
  <meta name='ocr-capabilities' content='ocr_page ocr_carea ocr_par ocr_line ocrx_word'/>
</head>
<body>
  <div class='ocr_page' id='page_1' title='image "./trialoguscumsupp00wycluoft_0248.png"; bbox 0 0 2496 4108; ppageno 0'>
   <div class='ocr_carea' id='block_1_1' title="bbox 364 431 466 500">
    <p class='ocr_par' dir='ltr' id='par_1_1' title="bbox 364 431 466 500">
     <span class='ocr_line' id='line_1_1' title="bbox 364 431 466 500; baseline -0.049 -15"><span class='ocrx_word' id='word_1_1' title='bbox 364 431 466 500; x_wconf 83' lang='lat'><strong>236</strong></span> 
     </span>
    </p>
   </div>
   <div class='ocr_carea' id='block_1_2' title="bbox 1055 425 2360 491">
    <p class='ocr_par' dir='ltr' id='par_1_2' title="bbox 1055 425 2360 491">
     <span class='ocr_line' id='line_1_2' title="bbox 1055 425 2360 491; baseline -0.004 -16"><span class='ocrx_word' id='word_1_2' title='bbox 1055 426 1479 491; x_wconf 84' lang='lat' dir='ltr'><em>JOANNIS</em></span> <span class='ocrx_word' id='word_1_3' title='bbox 1549 425 1897 477; x_wconf 78' lang='lat' dir='ltr'><em>WICLIF</em></span> <span class='ocrx_word' id='word_1_4' title='bbox 2200 442 2360 472; x_wconf 61' lang='lat' dir='ltr'><strong>mam.</strong></span> 
     </span>
    </p>
   </div>
   <div class='ocr_carea' id='block_1_3' title="bbox 598 561 2362 3148">
    <p class='ocr_par' dir='ltr' id='par_1_3' title="bbox 598 561 2362 3148">
     <span class='ocr_line' id='line_1_3' title="bbox 601 561 2360 623; baseline -0.002 -14"><span class='ocrx_word' id='word_1_5' title='bbox 601 562 921 620; x_wconf 84' lang='lat' dir='ltr'><strong>damnaretur,</strong></span> <span class='ocrx_word' id='word_1_6' title='bbox 949 562 990 609; x_wconf 92' lang='lat' dir='ltr'><strong>si</strong></span> <span class='ocrx_word' id='word_1_7' title='bbox 1014 576 1116 610; x_wconf 90' lang='lat' dir='ltr'><strong>non</strong></span> <span class='ocrx_word' id='word_1_8' title='bbox 1144 561 1475 610; x_wconf 87' lang='lat' dir='ltr'><strong>Samaritanus</strong></span> <span class='ocrx_word' id='word_1_9' title='bbox 1500 562 1588 610; x_wconf 88' lang='lat' dir='ltr'><strong>iste</strong></span> <span class='ocrx_word' id='word_1_10' title='bbox 1612 576 1779 609; x_wconf 89' lang='lat' dir='ltr'><strong>curam</strong></span> <span class='ocrx_word' id='word_1_11' title='bbox 1803 561 1908 623; x_wconf 88' lang='lat' dir='ltr'><strong>ejus</strong></span> <span class='ocrx_word' id='word_1_12' title='bbox 1931 561 2122 623; x_wconf 87' lang='lat' dir='ltr'>egisset,</span> <span class='ocrx_word' id='word_1_13' title='bbox 2147 568 2199 608; x_wconf 91' lang='lat' dir='ltr'><strong>ut</strong></span> <span class='ocrx_word' id='word_1_14' title='bbox 2222 565 2360 607; x_wconf 87' lang='lat' dir='ltr'><strong>notat</strong></span> 
     </span>
     <span class='ocr_line' id='line_1_4' title="bbox 600 641 2359 706; baseline -0.001 -16"><span class='ocrx_word' id='word_1_15' title='bbox 600 642 905 705; x_wconf 90' lang='lat' dir='ltr'><strong>evangelium</strong></span> <span class='ocrx_word' id='word_1_16' title='bbox 929 643 1048 690; x_wconf 94' lang='lat' dir='ltr'><strong>Luc.</strong></span> <span class='ocrx_word' id='word_1_17' title='bbox 1074 658 1136 702; x_wconf 90' lang='lat' dir='ltr'><strong>x.,</strong></span> <span class='ocrx_word' id='word_1_18' title='bbox 1162 643 1240 691; x_wconf 89' lang='lat' dir='ltr'><strong>ut1</strong></span> <span class='ocrx_word' id='word_1_19' title='bbox 1273 651 1406 706; x_wconf 89' lang='lat' dir='ltr'><strong>patet</strong></span> <span class='ocrx_word' id='word_1_20' title='bbox 1441 658 1503 691; x_wconf 87' lang='lat' dir='ltr'><strong>ex</strong></span> <span class='ocrx_word' id='word_1_21' title='bbox 1537 643 1690 691; x_wconf 88' lang='lat' dir='ltr'><strong>dictis.</strong></span> <span class='ocrx_word' id='word_1_22' title='bbox 1758 642 1822 690; x_wconf 89' lang='lat' dir='ltr'><strong>Et</strong></span> <span class='ocrx_word' id='word_1_23' title='bbox 1851 641 1988 690; x_wconf 78' lang='lat' dir='ltr'><strong>hinc²</strong></span> <span class='ocrx_word' id='word_1_24' title='bbox 2011 642 2148 690; x_wconf 91' lang='lat' dir='ltr'><strong>multi</strong></span> <span class='ocrx_word' id='word_1_25' title='bbox 2181 642 2359 705; x_wconf 88' lang='lat' dir='ltr'><strong>proba-</strong></span> 
     </span>
     <span class='ocr_line' id='line_1_5' title="bbox 598 722 2359 787; baseline 0 -17"><span class='ocrx_word' id='word_1_26' title='bbox 598 724 752 772; x_wconf 90' lang='lat' dir='ltr'><strong>biliter</strong></span> <span class='ocrx_word' id='word_1_27' title='bbox 775 724 1091 783; x_wconf 62' lang='lat' dir='ltr'><strong>existimantss,</strong></span> <span class='ocrx_word' id='word_1_28' title='bbox 1117 732 1170 772; x_wconf 89' lang='lat' dir='ltr'><strong>ut</strong></span> <span class='ocrx_word' id='word_1_29' title='bbox 1197 725 1380 773; x_wconf 91' lang='lat' dir='ltr'><strong>dictum</strong></span> <span class='ocrx_word' id='word_1_30' title='bbox 1412 732 1486 773; x_wconf 91' lang='lat' dir='ltr'><strong>est</strong></span> <span class='ocrx_word' id='word_1_31' title='bbox 1510 724 1744 787; x_wconf 81' lang='lat' dir='ltr'><strong>superiuS,</strong></span> <span class='ocrx_word' id='word_1_32' title='bbox 1770 723 1906 786; x_wconf 90' lang='lat' dir='ltr'><strong>quod</strong></span> <span class='ocrx_word' id='word_1_33' title='bbox 1938 723 2062 771; x_wconf 91' lang='lat' dir='ltr'><strong>foret</strong></span> <span class='ocrx_word' id='word_1_34' title='bbox 2092 722 2359 786; x_wconf 86' lang='lat' dir='ltr'>expediens</span> 
     </span>
     <span class='ocr_line' id='line_1_6' title="bbox 602 803 2358 868; baseline -0.002 -15"><span class='ocrx_word' id='word_1_35' title='bbox 602 805 847 853; x_wconf 88' lang='lat' dir='ltr'><strong>Christum</strong></span> <span class='ocrx_word' id='word_1_36' title='bbox 883 806 1185 868; x_wconf 87' lang='lat' dir='ltr'><strong>singulariter</strong></span> <span class='ocrx_word' id='word_1_37' title='bbox 1208 807 1331 854; x_wconf 92' lang='lat' dir='ltr'><strong>inter</strong></span> <span class='ocrx_word' id='word_1_38' title='bbox 1354 805 1580 854; x_wconf 91' lang='lat' dir='ltr'><strong>homines</strong></span> <span class='ocrx_word' id='word_1_39' title='bbox 1616 803 1845 862; x_wconf 45' lang='lat' dir='ltr'><strong>adorari&amp;</strong></span> <span class='ocrx_word' id='word_1_40' title='bbox 1871 805 1984 867; x_wconf 90' lang='lat' dir='ltr'><strong>quia</strong></span> <span class='ocrx_word' id='word_1_41' title='bbox 2019 804 2122 867; x_wconf 91' lang='lat' dir='ltr'><strong>ipse</strong></span> <span class='ocrx_word' id='word_1_42' title='bbox 2157 811 2230 852; x_wconf 86' lang='lat' dir='ltr'><strong>est</strong></span> <span class='ocrx_word' id='word_1_43' title='bbox 2257 817 2358 850; x_wconf 89' lang='lat' dir='ltr'><strong>me-</strong></span> 
     </span>
     <span class='ocr_line' id='line_1_7' title="bbox 600 885 2358 950; baseline -0.001 -17"><span class='ocrx_word' id='word_1_44' title='bbox 600 886 755 934; x_wconf 90' lang='lat' dir='ltr'><strong>diator</strong></span> <span class='ocrx_word' id='word_1_45' title='bbox 790 887 863 934; x_wconf 83' lang='lat' dir='ltr'><strong>et⁵</strong></span> <span class='ocrx_word' id='word_1_46' title='bbox 899 888 1188 936; x_wconf 87' lang='lat' dir='ltr'><strong>intercessor</strong></span> <span class='ocrx_word' id='word_1_47' title='bbox 1223 889 1451 950; x_wconf 90' lang='lat' dir='ltr'><strong>optimus,</strong></span> <span class='ocrx_word' id='word_1_48' title='bbox 1488 887 1819 950; x_wconf 89' lang='lat' dir='ltr'><strong>paratissimus</strong></span> <span class='ocrx_word' id='word_1_49' title='bbox 1859 900 1959 948; x_wconf 93' lang='lat' dir='ltr'><strong>quo</strong></span> <span class='ocrx_word' id='word_1_50' title='bbox 1998 885 2061 934; x_wconf 90' lang='lat' dir='ltr'><strong>ad</strong></span> <span class='ocrx_word' id='word_1_51' title='bbox 2099 893 2358 948; x_wconf 85' lang='lat' dir='ltr'><strong>utrumque</strong></span> 
     </span>
     <span class='ocr_line' id='line_1_8' title="bbox 600 966 2354 1032; baseline -0.001 -17"><span class='ocrx_word' id='word_1_52' title='bbox 600 976 885 1027; x_wconf 88' lang='lat' dir='ltr'><strong>extremum,</strong></span> <span class='ocrx_word' id='word_1_53' title='bbox 929 977 976 1016; x_wconf 92' lang='lat' dir='ltr'><strong>et</strong></span> <span class='ocrx_word' id='word_1_54' title='bbox 1016 969 1395 1032; x_wconf 91' lang='lat' dir='ltr'><strong>benignissimus</strong></span> <span class='ocrx_word' id='word_1_55' title='bbox 1433 969 1620 1016; x_wconf 90' lang='lat' dir='ltr'><strong>ratione</strong></span> <span class='ocrx_word' id='word_1_56' title='bbox 1661 968 1869 1015; x_wconf 88' lang='lat' dir='ltr'><strong>caritatis</strong></span> <span class='ocrx_word' id='word_1_57' title='bbox 1909 974 1956 1015; x_wconf 90' lang='lat' dir='ltr'><strong>et</strong></span> <span class='ocrx_word' id='word_1_58' title='bbox 1997 966 2354 1015; x_wconf 89' lang='lat' dir='ltr'><strong>misericordiae</strong></span> 
     </span>
     <span class='ocr_line' id='line_1_9' title="bbox 598 1047 2357 1113; baseline -0.001 -17"><span class='ocrx_word' id='word_1_59' title='bbox 598 1049 824 1097; x_wconf 90' lang='lat' dir='ltr'><strong>infinitae.</strong></span> <span class='ocrx_word' id='word_1_60' title='bbox 898 1049 1078 1097; x_wconf 92' lang='lat' dir='ltr'><strong>Stultus</strong></span> <span class='ocrx_word' id='word_1_61' title='bbox 1103 1065 1221 1112; x_wconf 90' lang='lat' dir='ltr'><strong>ergo</strong></span> <span class='ocrx_word' id='word_1_62' title='bbox 1246 1050 1370 1098; x_wconf 88' lang='lat' dir='ltr'><strong>foret</strong></span> <span class='ocrx_word' id='word_1_63' title='bbox 1393 1051 1475 1113; x_wconf 92' lang='lat' dir='ltr'><strong>qui</strong></span> <span class='ocrx_word' id='word_1_64' title='bbox 1499 1050 1645 1097; x_wconf 90' lang='lat' dir='ltr'><strong>alium</strong></span> <span class='ocrx_word' id='word_1_65' title='bbox 1677 1050 2048 1097; x_wconf 88' lang='lat' dir='ltr'><strong>intercessorem</strong></span> <span class='ocrx_word' id='word_1_66' title='bbox 2079 1047 2357 1110; x_wconf 87' lang='lat' dir='ltr'><strong>inquireret,</strong></span> 
     </span>
     <span class='ocr_line' id='line_1_10' title="bbox 599 1129 2360 1194; baseline -0.001 -17"><span class='ocrx_word' id='word_1_67' title='bbox 599 1131 711 1192; x_wconf 90' lang='lat' dir='ltr'><strong>quia</strong></span> <span class='ocrx_word' id='word_1_68' title='bbox 735 1131 997 1193; x_wconf 91' lang='lat' dir='ltr'><strong>propositis</strong></span> <span class='ocrx_word' id='word_1_69' title='bbox 1023 1131 1214 1180; x_wconf 93' lang='lat' dir='ltr'><strong>duobus</strong></span> <span class='ocrx_word' id='word_1_70' title='bbox 1239 1132 1539 1194; x_wconf 88' lang='lat' dir='ltr'><strong>eligibilibus,</strong></span> <span class='ocrx_word' id='word_1_71' title='bbox 1560 1132 1642 1194; x_wconf 93' lang='lat' dir='ltr'><strong>qui</strong></span> <span class='ocrx_word' id='word_1_72' title='bbox 1666 1132 1826 1178; x_wconf 91' lang='lat' dir='ltr'><strong>minus</strong></span> <span class='ocrx_word' id='word_1_73' title='bbox 1850 1130 2056 1192; x_wconf 89' lang='lat' dir='ltr'><strong>eligibile</strong></span> <span class='ocrx_word' id='word_1_74' title='bbox 2082 1129 2185 1178; x_wconf 92' lang='lat' dir='ltr'><strong>sine</strong></span> <span class='ocrx_word' id='word_1_75' title='bbox 2210 1143 2360 1177; x_wconf 88' lang='lat' dir='ltr'><strong>causa</strong></span> 
     </span>
     <span class='ocr_line' id='line_1_11' title="bbox 599 1209 2359 1274; baseline 0 -16"><span class='ocrx_word' id='word_1_76' title='bbox 599 1220 933 1274; x_wconf 89' lang='lat' dir='ltr'><strong>praeponeret,</strong></span> <span class='ocrx_word' id='word_1_77' title='bbox 970 1212 1093 1260; x_wconf 90' lang='lat' dir='ltr'><strong>foret</strong></span> <span class='ocrx_word' id='word_1_78' title='bbox 1135 1213 1334 1272; x_wconf 80' lang='lat' dir='ltr'><strong>stultus3</strong></span> <span class='ocrx_word' id='word_1_79' title='bbox 1392 1212 1613 1261; x_wconf 90' lang='lat' dir='ltr'><strong>Christus</strong></span> <span class='ocrx_word' id='word_1_80' title='bbox 1657 1213 1788 1260; x_wconf 90' lang='lat' dir='ltr'><strong>enim</strong></span> <span class='ocrx_word' id='word_1_81' title='bbox 1830 1212 1928 1260; x_wconf 80' lang='lat' dir='ltr'><strong>est⁶</strong></span> <span class='ocrx_word' id='word_1_82' title='bbox 1967 1225 2158 1272; x_wconf 88' lang='lat' dir='ltr'><strong>semper</strong></span> <span class='ocrx_word' id='word_1_83' title='bbox 2194 1209 2359 1258; x_wconf 80' lang='lat' dir='ltr'><strong>vivens</strong></span> 
     </span>
     <span class='ocr_line' id='line_1_12' title="bbox 601 1291 2360 1357; baseline -0.001 -17"><span class='ocrx_word' id='word_1_84' title='bbox 601 1294 731 1355; x_wconf 88' lang='lat' dir='ltr'><strong>apud</strong></span> <span class='ocrx_word' id='word_1_85' title='bbox 754 1301 955 1355; x_wconf 87' lang='lat' dir='ltr'><strong>patrem,</strong></span> <span class='ocrx_word' id='word_1_86' title='bbox 982 1294 1046 1342; x_wconf 88' lang='lat' dir='ltr'><strong>ad</strong></span> <span class='ocrx_word' id='word_1_87' title='bbox 1069 1294 1473 1357; x_wconf 92' lang='lat' dir='ltr'><strong>interpellandum</strong></span> <span class='ocrx_word' id='word_1_88' title='bbox 1498 1309 1588 1356; x_wconf 91' lang='lat' dir='ltr'><strong>pro</strong></span> <span class='ocrx_word' id='word_1_89' title='bbox 1612 1293 1781 1341; x_wconf 82' lang='lat' dir='ltr'><strong>nobis⁷</strong></span> <span class='ocrx_word' id='word_1_90' title='bbox 1803 1293 2136 1355; x_wconf 90' lang='lat' dir='ltr'><strong>paratissimus</strong></span> <span class='ocrx_word' id='word_1_91' title='bbox 2160 1291 2360 1354; x_wconf 90' lang='lat' dir='ltr'><strong>illapsus</strong></span> 
     </span>
     <span class='ocr_line' id='line_1_13' title="bbox 600 1371 2360 1438; baseline -0.001 -18"><span class='ocrx_word' id='word_1_92' title='bbox 600 1374 650 1420; x_wconf 89' lang='lat' dir='ltr'><strong>in</strong></span> <span class='ocrx_word' id='word_1_93' title='bbox 691 1382 853 1422; x_wconf 90' lang='lat' dir='ltr'><strong>mente</strong></span> <span class='ocrx_word' id='word_1_94' title='bbox 896 1375 1148 1437; x_wconf 90' lang='lat' dir='ltr'><strong>cujuslibet</strong></span> <span class='ocrx_word' id='word_1_95' title='bbox 1187 1376 1396 1434; x_wconf 89' lang='lat' dir='ltr'><strong>viatoris,</strong></span> <span class='ocrx_word' id='word_1_96' title='bbox 1435 1377 1519 1438; x_wconf 92' lang='lat' dir='ltr'><strong>qui</strong></span> <span class='ocrx_word' id='word_1_97' title='bbox 1560 1377 1719 1438; x_wconf 90' lang='lat' dir='ltr'><strong>ipsum</strong></span> <span class='ocrx_word' id='word_1_98' title='bbox 1761 1374 1991 1422; x_wconf 86' lang='lat' dir='ltr'><strong>dilexerit.</strong></span> <span class='ocrx_word' id='word_1_99' title='bbox 2074 1371 2221 1420; x_wconf 90' lang='lat' dir='ltr'><strong>Unde</strong></span> <span class='ocrx_word' id='word_1_100' title='bbox 2258 1385 2360 1419; x_wconf 89' lang='lat' dir='ltr'><strong>non</strong></span> 
     </span>
     <span class='ocr_line' id='line_1_14' title="bbox 600 1453 2358 1520; baseline -0.002 -17"><span class='ocrx_word' id='word_1_101' title='bbox 600 1463 791 1518; x_wconf 91' lang='lat' dir='ltr'><strong>oportet</strong></span> <span class='ocrx_word' id='word_1_102' title='bbox 831 1456 894 1503; x_wconf 91' lang='lat' dir='ltr'><strong>ad</strong></span> <span class='ocrx_word' id='word_1_103' title='bbox 932 1456 1228 1519; x_wconf 92' lang='lat' dir='ltr'><strong>captandum</strong></span> <span class='ocrx_word' id='word_1_104' title='bbox 1266 1458 1370 1520; x_wconf 80' lang='lat' dir='ltr'><strong>eJus</strong></span> <span class='ocrx_word' id='word_1_105' title='bbox 1408 1458 1703 1520; x_wconf 90' lang='lat' dir='ltr'><strong>colloquium</strong></span> <span class='ocrx_word' id='word_1_106' title='bbox 1742 1463 1938 1504; x_wconf 90' lang='lat' dir='ltr'><strong>sanctos</strong></span> <span class='ocrx_word' id='word_1_107' title='bbox 1974 1454 2095 1503; x_wconf 91' lang='lat' dir='ltr'><strong>alios</strong></span> <span class='ocrx_word' id='word_1_108' title='bbox 2129 1453 2358 1512; x_wconf 87' lang='lat' dir='ltr'><strong>mediare,</strong></span> 
     </span>
     <span class='ocr_line' id='line_1_15' title="bbox 601 1535 2359 1601; baseline -0.002 -16"><span class='ocrx_word' id='word_1_109' title='bbox 601 1553 713 1585; x_wconf 92' lang='lat' dir='ltr'><strong>cum</strong></span> <span class='ocrx_word' id='word_1_110' title='bbox 738 1538 795 1585; x_wconf 91' lang='lat' dir='ltr'><strong>sit</strong></span> <span class='ocrx_word' id='word_1_111' title='bbox 819 1538 1074 1600; x_wconf 89' lang='lat' dir='ltr'><strong>benignior</strong></span> <span class='ocrx_word' id='word_1_112' title='bbox 1105 1546 1151 1586; x_wconf 90' lang='lat' dir='ltr'><strong>et</strong></span> <span class='ocrx_word' id='word_1_113' title='bbox 1185 1540 1385 1601; x_wconf 91' lang='lat' dir='ltr'><strong>pronior</strong></span> <span class='ocrx_word' id='word_1_114' title='bbox 1409 1539 1472 1587; x_wconf 94' lang='lat' dir='ltr'><strong>ad</strong></span> <span class='ocrx_word' id='word_1_115' title='bbox 1499 1538 1782 1601; x_wconf 88' lang='lat' dir='ltr'><strong>juvandum,</strong></span> <span class='ocrx_word' id='word_1_116' title='bbox 1808 1552 1956 1600; x_wconf 91' lang='lat' dir='ltr'><strong>quam</strong></span> <span class='ocrx_word' id='word_1_117' title='bbox 1980 1535 2151 1598; x_wconf 89' lang='lat' dir='ltr'><strong>aliquis</strong></span> <span class='ocrx_word' id='word_1_118' title='bbox 2175 1549 2359 1583; x_wconf 88' lang='lat' dir='ltr'><strong>eorum.</strong></span> 
     </span>
     <span class='ocr_line' id='line_1_16' title="bbox 600 1611 2362 1683; baseline -0.001 -17"><span class='ocrx_word' id='word_1_119' title='bbox 600 1619 663 1666; x_wconf 89' lang='lat' dir='ltr'><strong>Et</strong></span> <span class='ocrx_word' id='word_1_120' title='bbox 697 1627 912 1667; x_wconf 90' lang='lat' dir='ltr'><strong>moveret</strong></span> <span class='ocrx_word' id='word_1_121' title='bbox 947 1620 1082 1683; x_wconf 92' lang='lat' dir='ltr'><strong>quod</strong></span> <span class='ocrx_word' id='word_1_122' title='bbox 1116 1636 1257 1669; x_wconf 93' lang='lat' dir='ltr'><strong>mens</strong></span> <span class='ocrx_word' id='word_1_123' title='bbox 1280 1621 1472 1669; x_wconf 89' lang='lat' dir='ltr'><strong>viatoris</strong></span> <span class='ocrx_word' id='word_1_124' title='bbox 1506 1636 1567 1669; x_wconf 89' lang='lat' dir='ltr'><strong>ex</strong></span> <span class='ocrx_word' id='word_1_125' title='bbox 1599 1620 1904 1668; x_wconf 91' lang='lat' dir='ltr'><strong>multitudine</strong></span> <span class='ocrx_word' id='word_1_126' title='bbox 1935 1621 2207 1676; x_wconf 87' lang='lat' dir='ltr'><strong>beatorum,</strong></span> <span class='ocrx_word' id='word_1_127' title='bbox 2232 1611 2362 1680; x_wconf 84' lang='lat' dir='ltr'><strong>quos</strong></span> 
     </span>
     <span class='ocr_line' id='line_1_17' title="bbox 601 1699 2362 1762; baseline 0 -16"><span class='ocrx_word' id='word_1_128' title='bbox 601 1707 719 1757; x_wconf 92' lang='lat' dir='ltr'><strong>orat,</strong></span> <span class='ocrx_word' id='word_1_129' title='bbox 745 1700 1032 1762; x_wconf 87' lang='lat' dir='ltr'><strong>dispergitur</strong></span> <span class='ocrx_word' id='word_1_130' title='bbox 1068 1700 1140 1748; x_wconf 81' lang='lat' dir='ltr'><strong>et⁸</strong></span> <span class='ocrx_word' id='word_1_131' title='bbox 1165 1701 1357 1750; x_wconf 90' lang='lat' dir='ltr'><strong>affectio</strong></span> <span class='ocrx_word' id='word_1_132' title='bbox 1394 1717 1423 1749; x_wconf 94' lang='lat' dir='ltr'><strong>a</strong></span> <span class='ocrx_word' id='word_1_133' title='bbox 1452 1702 1646 1751; x_wconf 87' lang='lat' dir='ltr'><strong>Christo</strong></span> <span class='ocrx_word' id='word_1_134' title='bbox 1681 1702 1880 1759; x_wconf 85' lang='lat' dir='ltr'><strong>laxatur,</strong></span> <span class='ocrx_word' id='word_1_135' title='bbox 1907 1715 1967 1748; x_wconf 89' lang='lat' dir='ltr'><strong>eo</strong></span> <span class='ocrx_word' id='word_1_136' title='bbox 2005 1699 2139 1762; x_wconf 92' lang='lat' dir='ltr'><strong>quod</strong></span> <span class='ocrx_word' id='word_1_137' title='bbox 2172 1706 2362 1747; x_wconf 89' lang='lat' dir='ltr'><strong>tantum</strong></span> 
     </span>
     <span class='ocr_line' id='line_1_18' title="bbox 601 1779 2360 1845; baseline 0 -18"><span class='ocrx_word' id='word_1_138' title='bbox 601 1788 673 1828; x_wconf 91' lang='lat' dir='ltr'><strong>est</strong></span> <span class='ocrx_word' id='word_1_139' title='bbox 708 1781 855 1839; x_wconf 90' lang='lat' dir='ltr'><strong>finita,</strong></span> <span class='ocrx_word' id='word_1_140' title='bbox 882 1790 929 1829; x_wconf 91' lang='lat' dir='ltr'><strong>et</strong></span> <span class='ocrx_word' id='word_1_141' title='bbox 963 1797 1050 1844; x_wconf 90' lang='lat' dir='ltr'><strong>per</strong></span> <span class='ocrx_word' id='word_1_142' title='bbox 1076 1797 1384 1845; x_wconf 88' lang='lat' dir='ltr'><strong>consequens</strong></span> <span class='ocrx_word' id='word_1_143' title='bbox 1407 1784 1671 1841; x_wconf 91' lang='lat' dir='ltr'><strong>remittitur,</strong></span> <span class='ocrx_word' id='word_1_144' title='bbox 1699 1797 1813 1831; x_wconf 91' lang='lat' dir='ltr'><strong>cum</strong></span> <span class='ocrx_word' id='word_1_145' title='bbox 1849 1782 1917 1830; x_wconf 92' lang='lat' dir='ltr'><strong>sic</strong></span> <span class='ocrx_word' id='word_1_146' title='bbox 1942 1782 1994 1828; x_wconf 94' lang='lat' dir='ltr'><strong>in</strong></span> <span class='ocrx_word' id='word_1_147' title='bbox 2027 1781 2264 1844; x_wconf 89' lang='lat' dir='ltr'><strong>plurimos</strong></span> <span class='ocrx_word' id='word_1_148' title='bbox 2299 1779 2360 1827; x_wconf 86' lang='lat' dir='ltr'><strong>sit</strong></span> 
     </span>
     <span class='ocr_line' id='line_1_19' title="bbox 603 1861 2359 1927; baseline -0.001 -17"><span class='ocrx_word' id='word_1_149' title='bbox 603 1862 833 1924; x_wconf 87' lang='lat' dir='ltr'><strong>dispersa.</strong></span> <span class='ocrx_word' id='word_1_150' title='bbox 902 1863 966 1910; x_wconf 92' lang='lat' dir='ltr'><strong>Et</strong></span> <span class='ocrx_word' id='word_1_151' title='bbox 1001 1879 1146 1926; x_wconf 92' lang='lat' dir='ltr'><strong>super</strong></span> <span class='ocrx_word' id='word_1_152' title='bbox 1169 1864 1290 1913; x_wconf 87' lang='lat' dir='ltr'><strong>haec</strong></span> <span class='ocrx_word' id='word_1_153' title='bbox 1325 1873 1587 1927; x_wconf 91' lang='lat' dir='ltr'><strong>postquam</strong></span> <span class='ocrx_word' id='word_1_154' title='bbox 1624 1865 1770 1912; x_wconf 91' lang='lat' dir='ltr'><strong>crevit</strong></span> <span class='ocrx_word' id='word_1_155' title='bbox 1806 1863 2042 1926; x_wconf 90' lang='lat' dir='ltr'><strong>cupiditas</strong></span> <span class='ocrx_word' id='word_1_156' title='bbox 2077 1870 2126 1911; x_wconf 91' lang='lat' dir='ltr'><strong>et</strong></span> <span class='ocrx_word' id='word_1_157' title='bbox 2162 1861 2359 1910; x_wconf 87' lang='lat' dir='ltr'><strong>affectio</strong></span> 
     </span>
     <span class='ocr_line' id='line_1_20' title="bbox 603 1943 2361 2009; baseline 0.001 -20"><span class='ocrx_word' id='word_1_158' title='bbox 603 1943 869 2004; x_wconf 88' lang='lat' dir='ltr'><strong>personalis</strong></span> <span class='ocrx_word' id='word_1_159' title='bbox 910 1945 1158 2003; x_wconf 88' lang='lat' dir='ltr'><strong>ecclesiae,</strong></span> <span class='ocrx_word' id='word_1_160' title='bbox 1197 1961 1342 2008; x_wconf 89' lang='lat' dir='ltr'><strong>saepe</strong></span> <span class='ocrx_word' id='word_1_161' title='bbox 1381 1948 1572 1994; x_wconf 91' lang='lat' dir='ltr'><strong>evenire</strong></span> <span class='ocrx_word' id='word_1_162' title='bbox 1608 1947 1786 2009; x_wconf 91' lang='lat' dir='ltr'><strong>poterit</strong></span> <span class='ocrx_word' id='word_1_163' title='bbox 1826 1945 1962 2009; x_wconf 94' lang='lat' dir='ltr'><strong>quod</strong></span> <span class='ocrx_word' id='word_1_164' title='bbox 2003 1944 2246 2007; x_wconf 88' lang='lat' dir='ltr'><strong>cupiditas</strong></span> <span class='ocrx_word' id='word_1_165' title='bbox 2283 1943 2361 1991; x_wconf 88' lang='lat' dir='ltr'><strong>vel</strong></span> 
     </span>
     <span class='ocr_line' id='line_1_21' title="bbox 603 2025 2359 2090; baseline 0.001 -20"><span class='ocrx_word' id='word_1_166' title='bbox 603 2025 870 2085; x_wconf 90' lang='lat' dir='ltr'><strong>personalis</strong></span> <span class='ocrx_word' id='word_1_167' title='bbox 917 2025 1108 2073; x_wconf 89' lang='lat' dir='ltr'><strong>affectio</strong></span> <span class='ocrx_word' id='word_1_168' title='bbox 1157 2026 1468 2074; x_wconf 91' lang='lat' dir='ltr'><strong>devotionem</strong></span> <span class='ocrx_word' id='word_1_169' title='bbox 1514 2028 1742 2086; x_wconf 90' lang='lat' dir='ltr'><strong>inficeret,</strong></span> <span class='ocrx_word' id='word_1_170' title='bbox 1784 2029 1884 2075; x_wconf 92' lang='lat' dir='ltr'><strong>imo</strong></span> <span class='ocrx_word' id='word_1_171' title='bbox 1927 2027 2063 2090; x_wconf 93' lang='lat' dir='ltr'><strong>quod</strong></span> <span class='ocrx_word' id='word_1_172' title='bbox 2108 2026 2359 2075; x_wconf 90' lang='lat' dir='ltr'><strong>diabolum</strong></span> 
     </span>
     <span class='ocr_line' id='line_1_22' title="bbox 605 2106 2360 2157; baseline 0.003 -6"><span class='ocrx_word' id='word_1_173' title='bbox 605 2106 940 2153; x_wconf 88' lang='lat' dir='ltr'><strong>canonisatum</strong></span> <span class='ocrx_word' id='word_1_174' title='bbox 965 2107 1263 2156; x_wconf 88' lang='lat' dir='ltr'><strong>stultificatus</strong></span> <span class='ocrx_word' id='word_1_175' title='bbox 1287 2109 1511 2156; x_wconf 91' lang='lat' dir='ltr'><strong>adoraret</strong></span> <span class='ocrx_word' id='word_1_176' title='bbox 1529 2118 1575 2157; x_wconf 90' lang='lat' dir='ltr'><strong>et</strong></span> <span class='ocrx_word' id='word_1_177' title='bbox 1600 2109 1780 2157; x_wconf 89' lang='lat' dir='ltr'><strong>coleret</strong></span> <span class='ocrx_word' id='word_1_178' title='bbox 1798 2116 1850 2156; x_wconf 91' lang='lat' dir='ltr'><strong>ut</strong></span> <span class='ocrx_word' id='word_1_179' title='bbox 1872 2109 2084 2156; x_wconf 91' lang='lat' dir='ltr'><strong>beatum.</strong></span> <span class='ocrx_word' id='word_1_180' title='bbox 2139 2107 2360 2156; x_wconf 87' lang='lat' dir='ltr'><strong>Adorato</strong></span> 
     </span>
     <span class='ocr_line' id='line_1_23' title="bbox 605 2186 2360 2253; baseline 0.002 -20"><span class='ocrx_word' id='word_1_181' title='bbox 605 2202 723 2248; x_wconf 92' lang='lat' dir='ltr'><strong>ergo</strong></span> <span class='ocrx_word' id='word_1_182' title='bbox 750 2186 942 2236; x_wconf 91' lang='lat' dir='ltr'><strong>Christo</strong></span> <span class='ocrx_word' id='word_1_183' title='bbox 968 2196 1015 2236; x_wconf 94' lang='lat' dir='ltr'><strong>et</strong></span> <span class='ocrx_word' id='word_1_184' title='bbox 1036 2189 1229 2252; x_wconf 86' lang='lat' dir='ltr'><strong>placato</strong></span> <span class='ocrx_word' id='word_1_185' title='bbox 1254 2189 1317 2238; x_wconf 90' lang='lat' dir='ltr'><strong>ad</strong></span> <span class='ocrx_word' id='word_1_186' title='bbox 1342 2191 1447 2253; x_wconf 91' lang='lat' dir='ltr'><strong>ejus</strong></span> <span class='ocrx_word' id='word_1_187' title='bbox 1479 2191 1735 2252; x_wconf 90' lang='lat' dir='ltr'><strong>imperium</strong></span> <span class='ocrx_word' id='word_1_188' title='bbox 1759 2190 1886 2238; x_wconf 90' lang='lat' dir='ltr'><strong>beati</strong></span> <span class='ocrx_word' id='word_1_189' title='bbox 1910 2189 2084 2238; x_wconf 89' lang='lat' dir='ltr'><strong>caeteri</strong></span> <span class='ocrx_word' id='word_1_190' title='bbox 2105 2189 2274 2252; x_wconf 88' lang='lat' dir='ltr'><strong>juvant</strong></span> <span class='ocrx_word' id='word_1_191' title='bbox 2298 2188 2360 2236; x_wconf 88' lang='lat' dir='ltr'><strong>de</strong></span> 
     </span>
     <span class='ocr_line' id='line_1_24' title="bbox 606 2268 2360 2334; baseline 0.001 -18"><span class='ocrx_word' id='word_1_192' title='bbox 606 2268 833 2330; x_wconf 88' lang='lat' dir='ltr'><strong>suffragio</strong></span> <span class='ocrx_word' id='word_1_193' title='bbox 858 2270 1103 2331; x_wconf 90' lang='lat' dir='ltr'><strong>spirituali,</strong></span> <span class='ocrx_word' id='word_1_194' title='bbox 1129 2278 1176 2318; x_wconf 94' lang='lat' dir='ltr'><strong>et</strong></span> <span class='ocrx_word' id='word_1_195' title='bbox 1207 2271 1655 2334; x_wconf 92' lang='lat' dir='ltr'><strong>quomodocunque</strong></span> <span class='ocrx_word' id='word_1_196' title='bbox 1680 2272 1773 2334; x_wconf 91' lang='lat' dir='ltr'><strong>ipsi</strong></span> <span class='ocrx_word' id='word_1_197' title='bbox 1797 2271 2031 2329; x_wconf 89' lang='lat' dir='ltr'><strong>colantur,</strong></span> <span class='ocrx_word' id='word_1_198' title='bbox 2059 2270 2360 2334; x_wconf 86' lang='lat' dir='ltr'><strong>singulariter</strong></span> 
     </span>
     <span class='ocr_line' id='line_1_25' title="bbox 606 2350 2359 2415; baseline 0.002 -20"><span class='ocrx_word' id='word_1_199' title='bbox 606 2365 708 2396; x_wconf 91' lang='lat' dir='ltr'><strong>non</strong></span> <span class='ocrx_word' id='word_1_200' title='bbox 727 2350 895 2411; x_wconf 89' lang='lat' dir='ltr'><strong>juvant</strong></span> <span class='ocrx_word' id='word_1_201' title='bbox 920 2351 1128 2413; x_wconf 91' lang='lat' dir='ltr'><strong>aliquem</strong></span> <span class='ocrx_word' id='word_1_202' title='bbox 1152 2352 1244 2399; x_wconf 90' lang='lat' dir='ltr'><strong>nisi</strong></span> <span class='ocrx_word' id='word_1_203' title='bbox 1270 2352 1330 2399; x_wconf 92' lang='lat' dir='ltr'><strong>de</strong></span> <span class='ocrx_word' id='word_1_204' title='bbox 1355 2361 1538 2414; x_wconf 91' lang='lat' dir='ltr'><strong>quanto</strong></span> <span class='ocrx_word' id='word_1_205' title='bbox 1569 2353 1632 2400; x_wconf 89' lang='lat' dir='ltr'><strong>ab</strong></span> <span class='ocrx_word' id='word_1_206' title='bbox 1663 2354 1756 2401; x_wconf 93' lang='lat' dir='ltr'><strong>isto</strong></span> <span class='ocrx_word' id='word_1_207' title='bbox 1782 2352 1999 2400; x_wconf 90' lang='lat' dir='ltr'><strong>Domino</strong></span> <span class='ocrx_word' id='word_1_208' title='bbox 2023 2350 2359 2415; x_wconf 79' lang='lat' dir='ltr'><strong>imperantur⁹.</strong></span> 
     </span>
     <span class='ocr_line' id='line_1_26' title="bbox 608 2430 2358 2502; baseline 0.002 -25"><span class='ocrx_word' id='word_1_209' title='bbox 608 2430 810 2478; x_wconf 89' lang='lat' dir='ltr'><strong>Stultitia</strong></span> <span class='ocrx_word' id='word_1_210' title='bbox 834 2431 1031 2493; x_wconf 89' lang='lat' dir='ltr'><strong>quidem</strong></span> <span class='ocrx_word' id='word_1_211' title='bbox 1055 2433 1240 2481; x_wconf 89' lang='lat' dir='ltr'><strong>videtur</strong></span> <span class='ocrx_word' id='word_1_212' title='bbox 1263 2433 1446 2502; x_wconf 86' lang='lat' dir='ltr'><strong>fontem</strong></span> <span class='ocrx_word' id='word_1_213' title='bbox 1479 2434 1683 2482; x_wconf 92' lang='lat' dir='ltr'><strong>omnino</strong></span> <span class='ocrx_word' id='word_1_214' title='bbox 1715 2432 2053 2496; x_wconf 87' lang='lat' dir='ltr'><strong>paratiorem¹⁰</strong></span> <span class='ocrx_word' id='word_1_215' title='bbox 2086 2433 2358 2495; x_wconf 82' lang='lat' dir='ltr'><strong>relinquere</strong></span> 
     </span>
     <span class='ocr_line' id='line_1_27' title="bbox 604 2512 2362 2577; baseline 0.001 -18"><span class='ocrx_word' id='word_1_216' title='bbox 604 2521 652 2559; x_wconf 89' lang='lat' dir='ltr'><strong>et</strong></span> <span class='ocrx_word' id='word_1_217' title='bbox 675 2512 738 2559; x_wconf 90' lang='lat' dir='ltr'><strong>ad</strong></span> <span class='ocrx_word' id='word_1_218' title='bbox 762 2512 915 2559; x_wconf 91' lang='lat' dir='ltr'><strong>rivum</strong></span> <span class='ocrx_word' id='word_1_219' title='bbox 947 2514 1191 2562; x_wconf 89' lang='lat' dir='ltr'><strong>turbidum</strong></span> <span class='ocrx_word' id='word_1_220' title='bbox 1224 2522 1272 2562; x_wconf 91' lang='lat' dir='ltr'><strong>et</strong></span> <span class='ocrx_word' id='word_1_221' title='bbox 1303 2523 1545 2563; x_wconf 89' lang='lat' dir='ltr'><strong>remotum</strong></span> <span class='ocrx_word' id='word_1_222' title='bbox 1578 2515 1810 2563; x_wconf 90' lang='lat' dir='ltr'><strong>accedere</strong></span> <span class='ocrx_word' id='word_1_223' title='bbox 1820 2515 1870 2573; x_wconf 82' lang='lat'><strong>¹¹,</strong></span> <span class='ocrx_word' id='word_1_224' title='bbox 1896 2523 1944 2562; x_wconf 88' lang='lat' dir='ltr'><strong>et</strong></span> <span class='ocrx_word' id='word_1_225' title='bbox 1976 2514 2246 2577; x_wconf 84' lang='lat' dir='ltr'><strong>specialiter</strong></span> <span class='ocrx_word' id='word_1_226' title='bbox 2274 2513 2362 2562; x_wconf 86' lang='lat' dir='ltr'><strong>ubi</strong></span> 
     </span>
     <span class='ocr_line' id='line_1_28' title="bbox 606 2593 2362 2659; baseline 0.003 -20"><span class='ocrx_word' id='word_1_227' title='bbox 606 2593 724 2641; x_wconf 90' lang='lat' dir='ltr'><strong>fides</strong></span> <span class='ocrx_word' id='word_1_228' title='bbox 749 2609 850 2641; x_wconf 91' lang='lat' dir='ltr'><strong>non</strong></span> <span class='ocrx_word' id='word_1_229' title='bbox 875 2594 1074 2653; x_wconf 83' lang='lat' dir='ltr'><strong>docet12,</strong></span> <span class='ocrx_word' id='word_1_230' title='bbox 1101 2596 1235 2658; x_wconf 95' lang='lat' dir='ltr'><strong>quod</strong></span> <span class='ocrx_word' id='word_1_231' title='bbox 1259 2597 1387 2644; x_wconf 91' lang='lat' dir='ltr'><strong>rivus</strong></span> <span class='ocrx_word' id='word_1_232' title='bbox 1419 2597 1527 2645; x_wconf 86' lang='lat' dir='ltr'><strong>talis</strong></span> <span class='ocrx_word' id='word_1_233' title='bbox 1560 2612 1590 2645; x_wconf 90' lang='lat' dir='ltr'><strong>a</strong></span> <span class='ocrx_word' id='word_1_234' title='bbox 1622 2597 1757 2645; x_wconf 86' lang='lat' dir='ltr'><strong>fonte</strong></span> <span class='ocrx_word' id='word_1_235' title='bbox 1781 2597 1892 2645; x_wconf 92' lang='lat' dir='ltr'><strong>vivo</strong></span> <span class='ocrx_word' id='word_1_236' title='bbox 1923 2596 2202 2659; x_wconf 88' lang='lat' dir='ltr'><strong>hujusmodi</strong></span> <span class='ocrx_word' id='word_1_237' title='bbox 2226 2609 2362 2644; x_wconf 86' lang='lat' dir='ltr'><strong>ema-</strong></span> 
     </span>
     <span class='ocr_line' id='line_1_29' title="bbox 606 2677 2360 2743; baseline 0.003 -20"><span class='ocrx_word' id='word_1_238' title='bbox 606 2678 748 2725; x_wconf 86' lang='lat' dir='ltr'><strong>navit.</strong></span> <span class='ocrx_word' id='word_1_239' title='bbox 821 2677 872 2725; x_wconf 90' lang='lat' dir='ltr'><strong>Si</strong></span> <span class='ocrx_word' id='word_1_240' title='bbox 895 2694 1013 2741; x_wconf 90' lang='lat' dir='ltr'><strong>ergo</strong></span> <span class='ocrx_word' id='word_1_241' title='bbox 1039 2680 1102 2727; x_wconf 91' lang='lat' dir='ltr'><strong>ad</strong></span> <span class='ocrx_word' id='word_1_242' title='bbox 1121 2680 1395 2728; x_wconf 91' lang='lat' dir='ltr'><strong>acuendum</strong></span> <span class='ocrx_word' id='word_1_243' title='bbox 1415 2680 1725 2728; x_wconf 90' lang='lat' dir='ltr'><strong>devotionem</strong></span> <span class='ocrx_word' id='word_1_244' title='bbox 1743 2688 1961 2729; x_wconf 90' lang='lat' dir='ltr'><strong>nostram</strong></span> <span class='ocrx_word' id='word_1_245' title='bbox 1978 2681 2148 2728; x_wconf 88' lang='lat' dir='ltr'><strong>beatos</strong></span> <span class='ocrx_word' id='word_1_246' title='bbox 2171 2679 2360 2743; x_wconf 89' lang='lat' dir='ltr'><strong>aliquos</strong></span> 
     </span>
     <span class='ocr_line' id='line_1_30' title="bbox 606 2759 2358 2824; baseline 0.002 -19"><span class='ocrx_word' id='word_1_247' title='bbox 606 2759 877 2817; x_wconf 89' lang='lat' dir='ltr'><strong>adoramus,</strong></span> <span class='ocrx_word' id='word_1_248' title='bbox 918 2760 1102 2809; x_wconf 89' lang='lat' dir='ltr'><strong>videtur</strong></span> <span class='ocrx_word' id='word_1_249' title='bbox 1143 2761 1277 2823; x_wconf 92' lang='lat' dir='ltr'><strong>quod</strong></span> <span class='ocrx_word' id='word_1_250' title='bbox 1318 2761 1635 2824; x_wconf 90' lang='lat' dir='ltr'><strong>relinquendo</strong></span> <span class='ocrx_word' id='word_1_251' title='bbox 1677 2763 1963 2824; x_wconf 91' lang='lat' dir='ltr'><strong>ambiguum</strong></span> <span class='ocrx_word' id='word_1_252' title='bbox 2000 2761 2108 2810; x_wconf 90' lang='lat' dir='ltr'><strong>illos</strong></span> <span class='ocrx_word' id='word_1_253' title='bbox 2155 2761 2358 2810; x_wconf 84' lang='lat' dir='ltr'><strong>adorare</strong></span> 
     </span>
     <span class='ocr_line' id='line_1_31' title="bbox 608 2840 2361 2905; baseline 0.002 -18"><span class='ocrx_word' id='word_1_254' title='bbox 608 2840 856 2898; x_wconf 91' lang='lat' dir='ltr'><strong>debemus,</strong></span> <span class='ocrx_word' id='word_1_255' title='bbox 906 2856 1030 2904; x_wconf 92' lang='lat' dir='ltr'><strong>quos</strong></span> <span class='ocrx_word' id='word_1_256' title='bbox 1086 2843 1206 2890; x_wconf 92' lang='lat' dir='ltr'><strong>fides</strong></span> <span class='ocrx_word' id='word_1_257' title='bbox 1263 2844 1526 2905; x_wconf 91' lang='lat' dir='ltr'><strong>scripturae</strong></span> <span class='ocrx_word' id='word_1_258' title='bbox 1583 2850 1630 2891; x_wconf 91' lang='lat' dir='ltr'><strong>et</strong></span> <span class='ocrx_word' id='word_1_259' title='bbox 1686 2844 1754 2891; x_wconf 92' lang='lat' dir='ltr'><strong>sic</strong></span> <span class='ocrx_word' id='word_1_260' title='bbox 1801 2842 2043 2891; x_wconf 89' lang='lat' dir='ltr'><strong>Dominus</strong></span> <span class='ocrx_word' id='word_1_261' title='bbox 2090 2843 2361 2891; x_wconf 88' lang='lat' dir='ltr'><strong>canonisat.</strong></span> 
     </span>
     <span class='ocr_line' id='line_1_32' title="bbox 606 2922 2361 2986; baseline 0.002 -18"><span class='ocrx_word' id='word_1_262' title='bbox 606 2922 795 2980; x_wconf 90' lang='lat' dir='ltr'><strong>Penset,</strong></span> <span class='ocrx_word' id='word_1_263' title='bbox 831 2937 954 2985; x_wconf 89' lang='lat' dir='ltr'><strong>rogo</strong></span> <span class='ocrx_word' id='word_1_264' title='bbox 964 2923 1013 2981; x_wconf 76' lang='lat'><strong>1³,</strong></span> <span class='ocrx_word' id='word_1_265' title='bbox 1052 2924 1206 2972; x_wconf 91' lang='lat' dir='ltr'><strong>fidelis</strong></span> <span class='ocrx_word' id='word_1_266' title='bbox 1247 2925 1297 2971; x_wconf 91' lang='lat' dir='ltr'><strong>in</strong></span> <span class='ocrx_word' id='word_1_267' title='bbox 1337 2924 1556 2973; x_wconf 91' lang='lat' dir='ltr'><strong>Domino</strong></span> <span class='ocrx_word' id='word_1_268' title='bbox 1598 2939 1809 2982; x_wconf 85' lang='lat' dir='ltr'><strong>causam,</strong></span> <span class='ocrx_word' id='word_1_269' title='bbox 1845 2939 1992 2986; x_wconf 93' lang='lat' dir='ltr'><strong>quare</strong></span> <span class='ocrx_word' id='word_1_270' title='bbox 2030 2924 2243 2986; x_wconf 84' lang='lat' dir='ltr'><strong>privatae</strong></span> <span class='ocrx_word' id='word_1_271' title='bbox 2281 2937 2361 2971; x_wconf 90' lang='lat' dir='ltr'><strong>ec-</strong></span> 
     </span>
     <span class='ocr_line' id='line_1_33' title="bbox 608 3004 2358 3068; baseline 0.001 -18"><span class='ocrx_word' id='word_1_272' title='bbox 608 3004 779 3051; x_wconf 89' lang='lat' dir='ltr'><strong>clesiae</strong></span> <span class='ocrx_word' id='word_1_273' title='bbox 815 3012 915 3052; x_wconf 89' lang='lat' dir='ltr'><strong>tam</strong></span> <span class='ocrx_word' id='word_1_274' title='bbox 949 3005 1191 3053; x_wconf 92' lang='lat' dir='ltr'><strong>laboriose</strong></span> <span class='ocrx_word' id='word_1_275' title='bbox 1227 3014 1275 3054; x_wconf 90' lang='lat' dir='ltr'><strong>et</strong></span> <span class='ocrx_word' id='word_1_276' title='bbox 1309 3014 1410 3054; x_wconf 91' lang='lat' dir='ltr'><strong>tam</strong></span> <span class='ocrx_word' id='word_1_277' title='bbox 1445 3013 1728 3068; x_wconf 91' lang='lat' dir='ltr'><strong>sumptuose</strong></span> <span class='ocrx_word' id='word_1_278' title='bbox 1762 3012 1932 3067; x_wconf 85' lang='lat' dir='ltr'><strong>petunt</strong></span> <span class='ocrx_word' id='word_1_279' title='bbox 1960 3004 2239 3052; x_wconf 88' lang='lat' dir='ltr'><strong>Romanam</strong></span> <span class='ocrx_word' id='word_1_280' title='bbox 2275 3019 2358 3052; x_wconf 92' lang='lat' dir='ltr'><strong>cu-</strong></span> 
     </span>
     <span class='ocr_line' id='line_1_34' title="bbox 608 3085 2360 3148; baseline 0.002 -17"><span class='ocrx_word' id='word_1_281' title='bbox 608 3085 727 3132; x_wconf 90' lang='lat' dir='ltr'><strong>riam</strong></span> <span class='ocrx_word' id='word_1_282' title='bbox 752 3101 841 3147; x_wconf 90' lang='lat' dir='ltr'><strong>pro</strong></span> <span class='ocrx_word' id='word_1_283' title='bbox 875 3086 1217 3135; x_wconf 89' lang='lat' dir='ltr'><strong>canonisandis</strong></span> <span class='ocrx_word' id='word_1_284' title='bbox 1250 3087 1346 3135; x_wconf 91' lang='lat' dir='ltr'><strong>suis</strong></span> <span class='ocrx_word' id='word_1_285' title='bbox 1379 3086 1613 3145; x_wconf 89' lang='lat' dir='ltr'><strong>fratribus,</strong></span> <span class='ocrx_word' id='word_1_286' title='bbox 1639 3094 1687 3134; x_wconf 92' lang='lat' dir='ltr'><strong>et</strong></span> <span class='ocrx_word' id='word_1_287' title='bbox 1711 3086 1890 3134; x_wconf 90' lang='lat' dir='ltr'><strong>videbit</strong></span> <span class='ocrx_word' id='word_1_288' title='bbox 1920 3086 2053 3148; x_wconf 91' lang='lat' dir='ltr'><strong>quod</strong></span> <span class='ocrx_word' id='word_1_289' title='bbox 2084 3085 2360 3134; x_wconf 83' lang='lat' dir='ltr'><strong>inordinata</strong></span> 
     </span>
    </p>
   </div>
   <div class='ocr_carea' id='block_1_4' title="bbox 609 3248 2359 3626">
    <p class='ocr_par' dir='ltr' id='par_1_4' title="bbox 609 3248 2359 3626">
     <span class='ocr_line' id='line_1_35' title="bbox 664 3248 2359 3301; baseline 0.002 -14"><span class='ocrx_word' id='word_1_290' title='bbox 664 3249 677 3272; x_wconf 84' lang='lat'>¹</span> <span class='ocrx_word' id='word_1_291' title='bbox 707 3248 771 3300; x_wconf 89' lang='lat' dir='ltr'><strong>ut]</strong></span> <span class='ocrx_word' id='word_1_292' title='bbox 794 3253 847 3294; x_wconf 88' lang='lat' dir='ltr'><strong>et,</strong></span> <span class='ocrx_word' id='word_1_293' title='bbox 868 3250 921 3289; x_wconf 93' lang='lat' dir='ltr'><strong>A.</strong></span> <span class='ocrx_word' id='word_1_294' title='bbox 940 3263 1085 3289; x_wconf 89' lang='lat' dir='ltr'><strong>manus</strong></span> <span class='ocrx_word' id='word_1_295' title='bbox 1105 3250 1318 3290; x_wconf 87' lang='lat' dir='ltr'><strong>secundae.</strong></span> <span class='ocrx_word' id='word_1_296' title='bbox 1455 3249 1471 3272; x_wconf 74' lang='lat'><strong>‘⁴³</strong></span> <span class='ocrx_word' id='word_1_297' title='bbox 1499 3249 1615 3301; x_wconf 91' lang='lat' dir='ltr'><strong>hinc]</strong></span> <span class='ocrx_word' id='word_1_298' title='bbox 1637 3261 1686 3288; x_wconf 89' lang='lat' dir='ltr'><strong>ex</strong></span> <span class='ocrx_word' id='word_1_299' title='bbox 1704 3249 1811 3295; x_wconf 91' lang='lat' dir='ltr'><strong>hinc,</strong></span> <span class='ocrx_word' id='word_1_300' title='bbox 1831 3249 1878 3288; x_wconf 90' lang='lat' dir='ltr'><strong>B.</strong></span> <span class='ocrx_word' id='word_1_301' title='bbox 1898 3249 2066 3301; x_wconf 85' lang='lat' dir='ltr'><strong>primae,</strong></span> <span class='ocrx_word' id='word_1_302' title='bbox 2087 3249 2136 3290; x_wconf 91' lang='lat' dir='ltr'><strong>C.</strong></span> <span class='ocrx_word' id='word_1_303' title='bbox 2156 3250 2359 3291; x_wconf 86' lang='lat' dir='ltr'><strong>secundae</strong></span> 
     </span>
     <span class='ocr_line' id='line_1_36' title="bbox 609 3303 2358 3356; baseline 0.002 -16"><span class='ocrx_word' id='word_1_304' title='bbox 609 3315 766 3346; x_wconf 88' lang='lat' dir='ltr'><strong>manus,</strong></span> <span class='ocrx_word' id='word_1_305' title='bbox 788 3303 852 3342; x_wconf 90' lang='lat' dir='ltr'><strong>ed.</strong></span> <span class='ocrx_word' id='word_1_306' title='bbox 871 3317 932 3355; x_wconf 91' lang='lat' dir='ltr'><strong>pr.</strong></span> <span class='ocrx_word' id='word_1_307' title='bbox 1229 3304 1244 3327; x_wconf 83' lang='lat'>³</span> <span class='ocrx_word' id='word_1_308' title='bbox 1272 3303 1523 3355; x_wconf 87' lang='lat' dir='ltr'><strong>existimant]</strong></span> <span class='ocrx_word' id='word_1_309' title='bbox 1545 3303 1775 3349; x_wconf 83' lang='lat' dir='ltr'><strong>aestimant,</strong></span> <span class='ocrx_word' id='word_1_310' title='bbox 1795 3303 1841 3342; x_wconf 92' lang='lat' dir='ltr'><strong>B.</strong></span> <span class='ocrx_word' id='word_1_311' title='bbox 1861 3303 2017 3355; x_wconf 89' lang='lat' dir='ltr'><strong>primae</strong></span> <span class='ocrx_word' id='word_1_312' title='bbox 2034 3316 2193 3349; x_wconf 88' lang='lat' dir='ltr'><strong>manus,</strong></span> <span class='ocrx_word' id='word_1_313' title='bbox 2212 3303 2276 3343; x_wconf 90' lang='lat' dir='ltr'><strong>ed.</strong></span> <span class='ocrx_word' id='word_1_314' title='bbox 2296 3317 2358 3356; x_wconf 92' lang='lat' dir='ltr'><strong>pr.</strong></span> 
     </span>
     <span class='ocr_line' id='line_1_37' title="bbox 609 3354 2355 3411; baseline 0.002 -17"><span class='ocrx_word' id='word_1_315' title='bbox 609 3354 623 3376; x_wconf 73' lang='lat'>4</span> <span class='ocrx_word' id='word_1_316' title='bbox 651 3356 831 3408; x_wconf 87' lang='lat' dir='ltr'><strong>adorari]</strong></span> <span class='ocrx_word' id='word_1_317' title='bbox 853 3358 1037 3404; x_wconf 88' lang='lat' dir='ltr'><strong>adorare,</strong></span> <span class='ocrx_word' id='word_1_318' title='bbox 1058 3357 1121 3398; x_wconf 77' lang='lat' dir='ltr'><strong>ed,</strong></span> <span class='ocrx_word' id='word_1_319' title='bbox 1142 3370 1203 3410; x_wconf 90' lang='lat' dir='ltr'><strong>pr.</strong></span> <span class='ocrx_word' id='word_1_320' title='bbox 1312 3358 1328 3380; x_wconf 84' lang='lat'>⁵</span> <span class='ocrx_word' id='word_1_321' title='bbox 1355 3357 1417 3409; x_wconf 88' lang='lat' dir='ltr'><strong>et]</strong></span> <span class='ocrx_word' id='word_1_322' title='bbox 1439 3371 1522 3397; x_wconf 89' lang='lat' dir='ltr'><strong>orn.</strong></span> <span class='ocrx_word' id='word_1_323' title='bbox 1543 3358 1590 3397; x_wconf 92' lang='lat' dir='ltr'><strong>B.</strong></span> <span class='ocrx_word' id='word_1_324' title='bbox 1611 3358 1768 3409; x_wconf 85' lang='lat' dir='ltr'><strong>primae</strong></span> <span class='ocrx_word' id='word_1_325' title='bbox 1785 3370 1943 3404; x_wconf 88' lang='lat' dir='ltr'><strong>manus,</strong></span> <span class='ocrx_word' id='word_1_326' title='bbox 1962 3357 2026 3397; x_wconf 91' lang='lat' dir='ltr'><strong>ed.</strong></span> <span class='ocrx_word' id='word_1_327' title='bbox 2046 3370 2108 3409; x_wconf 90' lang='lat' dir='ltr'><strong>pr.</strong></span> <span class='ocrx_word' id='word_1_328' title='bbox 2228 3357 2245 3381; x_wconf 78' lang='lat'>⁸</span> <span class='ocrx_word' id='word_1_329' title='bbox 2272 3358 2355 3411; x_wconf 89' lang='lat' dir='ltr'><strong>est]</strong></span> 
     </span>
     <span class='ocr_line' id='line_1_38' title="bbox 611 3411 2356 3464; baseline 0.002 -16"><span class='ocrx_word' id='word_1_330' title='bbox 611 3421 693 3448; x_wconf 89' lang='lat' dir='ltr'><strong>om.</strong></span> <span class='ocrx_word' id='word_1_331' title='bbox 714 3411 868 3451; x_wconf 89' lang='lat' dir='ltr'><strong>A.B.C.</strong></span> <span class='ocrx_word' id='word_1_332' title='bbox 1088 3412 1103 3433; x_wconf 84' lang='lat'>⁷</span> <span class='ocrx_word' id='word_1_333' title='bbox 1132 3411 1272 3464; x_wconf 86' lang='lat' dir='ltr'><strong>nobis]</strong></span> <span class='ocrx_word' id='word_1_334' title='bbox 1293 3412 1413 3451; x_wconf 88' lang='lat' dir='ltr'><strong>nobis</strong></span> <span class='ocrx_word' id='word_1_335' title='bbox 1431 3417 1503 3457; x_wconf 88' lang='lat' dir='ltr'><strong>est,</strong></span> <span class='ocrx_word' id='word_1_336' title='bbox 1527 3412 1683 3452; x_wconf 87' lang='lat' dir='ltr'><strong>A.B.C.</strong></span> <span class='ocrx_word' id='word_1_337' title='bbox 1702 3411 1766 3451; x_wconf 87' lang='lat' dir='ltr'><strong>ed.</strong></span> <span class='ocrx_word' id='word_1_338' title='bbox 1786 3424 1848 3463; x_wconf 91' lang='lat' dir='ltr'><strong>pr.</strong></span> <span class='ocrx_word' id='word_1_339' title='bbox 2056 3411 2072 3434; x_wconf 85' lang='lat'><strong>⁸</strong></span> <span class='ocrx_word' id='word_1_340' title='bbox 2099 3411 2159 3463; x_wconf 86' lang='lat' dir='ltr'><strong>et]</strong></span> <span class='ocrx_word' id='word_1_341' title='bbox 2181 3424 2288 3456; x_wconf 89' lang='lat' dir='ltr'><strong>cum,</strong></span> <span class='ocrx_word' id='word_1_342' title='bbox 2308 3412 2356 3451; x_wconf 89' lang='lat' dir='ltr'><strong>B.</strong></span> 
     </span>
     <span class='ocr_line' id='line_1_39' title="bbox 610 3463 2354 3518; baseline 0.003 -17"><span class='ocrx_word' id='word_1_343' title='bbox 610 3463 778 3514; x_wconf 87' lang='lat' dir='ltr'><strong>primae,</strong></span> <span class='ocrx_word' id='word_1_344' title='bbox 800 3465 848 3504; x_wconf 91' lang='lat' dir='ltr'><strong>C.</strong></span> <span class='ocrx_word' id='word_1_345' title='bbox 870 3465 1070 3506; x_wconf 87' lang='lat' dir='ltr'><strong>secundae</strong></span> <span class='ocrx_word' id='word_1_346' title='bbox 1089 3476 1246 3512; x_wconf 86' lang='lat' dir='ltr'><strong>manus,</strong></span> <span class='ocrx_word' id='word_1_347' title='bbox 1267 3466 1331 3506; x_wconf 90' lang='lat' dir='ltr'><strong>ed.</strong></span> <span class='ocrx_word' id='word_1_348' title='bbox 1352 3479 1413 3518; x_wconf 93' lang='lat' dir='ltr'><strong>pr.</strong></span> <span class='ocrx_word' id='word_1_349' title='bbox 1666 3465 1683 3488; x_wconf 84' lang='lat'>⁹</span> <span class='ocrx_word' id='word_1_350' title='bbox 1710 3464 1980 3517; x_wconf 88' lang='lat' dir='ltr'><strong>imperantur]</strong></span> <span class='ocrx_word' id='word_1_351' title='bbox 2000 3464 2234 3518; x_wconf 88' lang='lat' dir='ltr'><strong>imperatur,</strong></span> <span class='ocrx_word' id='word_1_352' title='bbox 2255 3465 2354 3506; x_wconf 90' lang='lat' dir='ltr'><strong>C.B.</strong></span> 
     </span>
     <span class='ocr_line' id='line_1_40' title="bbox 612 3518 2354 3573; baseline 0.002 -18"><span class='ocrx_word' id='word_1_353' title='bbox 612 3518 812 3573; x_wconf 78' lang='lat' dir='ltr'><strong>secundae</strong></span> <span class='ocrx_word' id='word_1_354' title='bbox 830 3532 987 3559; x_wconf 87' lang='lat' dir='ltr'><strong>manus.</strong></span> <span class='ocrx_word' id='word_1_355' title='bbox 1153 3520 1184 3543; x_wconf 88' lang='lat'><strong>¹⁰</strong></span> <span class='ocrx_word' id='word_1_356' title='bbox 1211 3519 1476 3572; x_wconf 87' lang='lat' dir='ltr'><strong>paratiorem]</strong></span> <span class='ocrx_word' id='word_1_357' title='bbox 1498 3519 1713 3571; x_wconf 87' lang='lat' dir='ltr'><strong>potiorem,</strong></span> <span class='ocrx_word' id='word_1_358' title='bbox 1733 3519 1781 3559; x_wconf 89' lang='lat' dir='ltr'><strong>B.</strong></span> <span class='ocrx_word' id='word_1_359' title='bbox 1919 3518 1948 3543; x_wconf 83' lang='lat'><strong>¹¹</strong></span> <span class='ocrx_word' id='word_1_360' title='bbox 1977 3518 2028 3559; x_wconf 77' lang='lat' dir='ltr'><strong>cf,</strong></span> <span class='ocrx_word' id='word_1_361' title='bbox 2057 3519 2206 3571; x_wconf 79' lang='lat' dir='ltr'><strong>Jerem.</strong></span> <span class='ocrx_word' id='word_1_362' title='bbox 2225 3518 2266 3559; x_wconf 90' lang='lat' dir='ltr'><strong>ii.</strong></span> <span class='ocrx_word' id='word_1_363' title='bbox 2292 3530 2354 3571; x_wconf 83' lang='lat'><strong>13.</strong></span> 
     </span>
     <span class='ocr_line' id='line_1_41' title="bbox 613 3569 1983 3626; baseline 0.001 -17"><span class='ocrx_word' id='word_1_364' title='bbox 613 3569 643 3591; x_wconf 84' lang='lat'><strong>¹²</strong></span> <span class='ocrx_word' id='word_1_365' title='bbox 670 3570 810 3623; x_wconf 90' lang='lat' dir='ltr'><strong>docet]</strong></span> <span class='ocrx_word' id='word_1_366' title='bbox 827 3572 1002 3618; x_wconf 89' lang='lat' dir='ltr'><strong>doceret,</strong></span> <span class='ocrx_word' id='word_1_367' title='bbox 1024 3574 1086 3613; x_wconf 88' lang='lat' dir='ltr'><strong>ed.</strong></span> <span class='ocrx_word' id='word_1_368' title='bbox 1108 3586 1169 3625; x_wconf 93' lang='lat' dir='ltr'><strong>pr.</strong></span> <span class='ocrx_word' id='word_1_369' title='bbox 1334 3574 1363 3597; x_wconf 85' lang='lat'><strong>¹³</strong></span> <span class='ocrx_word' id='word_1_370' title='bbox 1391 3574 1514 3626; x_wconf 89' lang='lat' dir='ltr'><strong>rogo]</strong></span> <span class='ocrx_word' id='word_1_371' title='bbox 1536 3586 1647 3625; x_wconf 88' lang='lat' dir='ltr'><strong>ergo,</strong></span> <span class='ocrx_word' id='word_1_372' title='bbox 1669 3573 1823 3613; x_wconf 90' lang='lat' dir='ltr'><strong>A.B.C.</strong></span> <span class='ocrx_word' id='word_1_373' title='bbox 1839 3572 1901 3613; x_wconf 72' lang='lat' dir='ltr'><strong>ed,</strong></span> <span class='ocrx_word' id='word_1_374' title='bbox 1922 3585 1983 3624; x_wconf 89' lang='lat' dir='ltr'><strong>pr.</strong></span> 
     </span>
    </p>
   </div>
  </div>
 </body>
</html>
