2436 4094
133 318 2228 350 Ἣ

44 408 70 434 ³
126 427 261 465 car-9.
730 416 1297 470 TRIALOGUS.
2024 426 2094 496 65

870 759 1027 810 CAP.
1064 762 1153 812 IX.

665 902 881 962 Quarum
906 896 1063 956 rerum
1087 909 1188 957 sint
1207 910 1344 958 ideae.

122 1084 124 1087 .
189 1038 416 1089 Pseustzs.
497 1039 559 1089 In
600 1041 692 1090 ista
732 1043 936 1092 materia
976 1054 1183 1107 possunt
1223 1047 1307 1096 tibi
1350 1047 1545 1097 credere
1586 1049 1672 1112 qui
1713 1048 1881 1098 volunt
1937 1058 2115 1122 3533}ng

35 1148 39 1152 v
114 1120 332 1186 logicam
354 1130 490 1171 tuam
514 1123 794 1172 inusitatam
823 1140 882 1174 ac
891 1126 1080 1189 cipere;
1123 1128 1211 1177 sed
1243 1144 1389 1192 grave
1414 1130 1615 1190 videtur,
1643 1147 1756 1179 cum
1780 1132 1880 1180 sin·
1936 1132 2172 1223 ξξιᾎξερῇἳῇζξῖ·

1936 1203 1957 1230 p
1981 1204 2068 1224 orum
2089 1199 2198 1224 contra

36 1269 38 1274 y
116 1204 289 1268 guium
319 1205 743 1269 incomplexorum
776 1215 858 1255 aut
891 1209 1132 1271 significat
1164 1211 1498 1271 substantiam,
1524 1221 1606 1261 aut
1637 1213 1878 1276 quantita-
1934 1229 2116 1292 &3133
2117 1230 2164 1292 gre

42 1298 54 1356 J
116 1285 244 1336 tem¹
261 1293 311 1336 et
333 1295 506 1347 cetera,
525 1289 663 1352 quod
688 1289 809 1338 sint²
829 1290 949 1338 tales
972 1290 1141 1353 ydeae,
1162 1308 1288 1356 quae
1312 1309 1404 1342 nec
1430 1302 1542 1342 sunt
1567 1295 1877 1354 substantiae,
2156 1284 2164 1293 ⁰

42 1362 44 1367 ⁸
112 1382 213 1417 nec
249 1369 530 1419 accidentia.
619 1370 731 1420 Imo
774 1373 843 1422 sic
869 1373 1184 1436 intelligendo
1227 1375 1458 1424 terminos
1499 1390 1674 1439 posses
1722 1384 1877 1424 totam

113 1449 479 1515 philosophiam
525 1454 814 1514 subvertere,
866 1471 979 1504 cum
1019 1455 1162 1503 Plato
1209 1457 1420 1518 primum
1466 1458 1647 1505 invenit
1693 1472 1878 1506 nomen

35 1522 38 1523 ⁷
111 1531 287 1596 ydeae,
319 1539 369 1582 et
402 1535 643 1584 sententia
675 1551 764 1584 sua
794 1552 883 1600 per
906 1538 1201 1586 Aristotelem
1234 1546 1308 1586 est
1339 1538 1583 1587 efficacius
1617 1539 1875 1588 destructa.

44 1644 50 1674 3÷
112 1612 167 1663 N
167 1629 227 1664 ec
273 1614 451 1665 abhinc
498 1616 722 1666 inventus
769 1619 857 1668 fuit
904 1618 1243 1683 philosophuS‚
1283 1620 1366 1683 qui
1413 1620 1541 1669 hanc
1583 1623 1876 1670 sententiam

45 1707 50 1711 ’
111 1709 266 1746 ausus
290 1696 456 1746 fuerit⁸
480 1699 731 1749 sustinere.

32 1835 35 1839 Α
101 1825 109 1835 ,
180 1777 457 1829 Phronesz's.
526 1778 691 1829 Nemo
734 1780 880 1830 debet
922 1781 1118 1831 credere
1159 1783 1252 1832 nisi
1286 1783 1555 1832 voluntarie
1593 1784 1793 1843 veritati,
1829 1792 1877 1832 et
1934 1790 2158 1855 greugggffoec

1 1904 3 1906 .
26 1903 38 1910 ,
108 1859 234 1924 quia
256 1867 420 1910 tantus
442 1859 792 1926 philosophus⁴
811 1863 1117 1913 discredidit‘⁵
1135 1865 1319 1913 veritati
1342 1865 1638 1928 infringibili,
1660 1866 1880 1929 displicet

32 1982 34 1987 ,
108 1942 322 1993 :multum
361 1942 508 1993 bonis
521 1958 539 2005 ς
593 1944 708 1994 ideo
754 1944 993 2006 laborant,
1034 1953 1088 1994 ut
1142 1945 1371 1996 homines
1419 1947 1569 1996 fidem
1616 1947 1880 1996 adhibeant

111 2025 311 2075 veritati.
380 2025 527 2075 Ponit
545 2033 710 2076 autem
729 2025 1042 2091 Augustinus,
1068 2028 1203 2091 quod
1225 2028 1370 2077 Plato
1400 2029 1614 2092 primum
1632 2030 1879 2079 adinvenit

20 2140 22 2145 -
111 2121 297 2157 nomen
327 2106 496 2171 ydeae,
522 2108 612 2158 sed
642 2124 721 2158 res
754 2110 861 2173 ipsa
892 2125 1007 2158 cum
1038 2109 1257 2158 Platones
1289 2112 1529 2160 sententia
1560 2120 1634 2160 est
1666 2120 1876 2161 aeterna.

21 2202 24 2208 ’
107 2186 233 2238 Ideo
267 2187 432 2254 lapsus
467 2205 527 2241 ac
560 2205 695 2240 error
728 2207 758 2240 a
781 2193 858 2240 via
893 2192 1106 2241 veritatis
1141 2200 1214 2241 est
1249 2193 1375 2242 adeo
1412 2195 1708 2258 antiquatuS,
1742 2195 1879 2259 quod

77 2317 81 2320 .
103 2271 318 2320 creditur
334 2279 534 2337 propter
552 2273 808 2337 antiquum
832 2289 1046 2323 errorem
1064 2274 1182 2323 illud
1205 2275 1342 2338 quod
1365 2275 1427 2324 de
1450 2276 1580 2325 facto
1603 2284 1676 2325 est
1701 2276 1876 2325 falsum

111 2353 193 2402 vel
224 2353 528 2418 impossibile
563 2369 674 2405 esse
704 2370 904 2404 verum:
954 2356 1086 2405 unde
1121 2348 1411 2420 turpissima
1431 2366 1480 2407 et
1512 2357 1657 2407 fallax
1690 2359 1877 2422 argutia

16 2440 20 2447 ²
78 2442 213 2484 atam
253 2435 306 2485 in
351 2436 647 2501 speculativa
693 2453 843 2502 quarn
890 2438 1088 2488 morali⁶
1133 2440 1336 2488 materia
1383 2447 1471 2499 est,
1514 2455 1613 2503 qua
1650 2439 1873 2489 diabolus

23 2545 46 2554 ,.
107 2516 303 2567 seducit
325 2518 570 2578 miseros⁷,
597 2523 610 2545 ‘
627 2521 667 2569 si
690 2519 754 2568 ad
777 2527 968 2569 tantum
991 2519 1210 2583 tempus⁸
1235 2521 1416 2569 credita
1429 2522 1508 2570 'vel
1531 2523 1709 2571 usitata
1732 2522 1872 2570 fuerit

22 2611 29 2639 1
106 2597 193 2648 illa
222 2600 478 2660 sententia,
501 2615 622 2664 ergo
646 2600 789 2649 vera!
860 2602 924 2650 Et
961 2602 1030 2650 sic
1065 2602 1270 2651 credens
1306 2603 1420 2651 fidei
1456 2604 1720 2666 scripturae
1757 2618 1870 2651 cum

105 2681 267 2731 verbis
302 2682 402 2731 suis
439 2681 587 2732 debet
623 2675 1053 2746 dictam'logicam
1088 2691 1356 2746 acceptare,
1394 2684 1508 2747 quia
1542 2685 1665 2733 sicut
1703 2699 1868 2733 sacrae

34 2811 35 2814 ,
105 2764 371 2828 scripturae
395 2763 648 2823 sententia,
676 2764 746 2812 sic
770 2773 818 2813 et
842 2765 948 2828 ejus
972 2764 1132 2827 logica
1165 2773 1239 2812 est
1262 2780 1291 2813 a
1316 2764 1540 2813 fidelibus
1573 2765 1864 2814 veneranda.

104 2842 255 2895 Unde
271 2853 482 2910 peccant
503 2845 782 2906 mortaliter,
802 2847 885 2910 qui
907 2846 1106 2895 dimissa
1124 2846 1284 2909 logica
1303 2846 1581 2909 scripturae,
1601 2847 1867 2895 innituntur
1907 2859 1912 2864 “

104 2926 527 2986 adinventionibus
566 2928 745 2978 frivolis
791 2928 940 2977 hodie
972 2927 1172 2986 usitatis,
1210 2942 1323 2976 cum
1356 2927 1494 2976 Deus
1531 2928 1640 2991 plus
1684 2928 1867 2991 obligat

19 2994 43 3074 ’
99 3007 330 3060 homines
361 3010 428 3059 ad
459 3010 670 3059 formam
704 3011 966 3059 verborum
1002 3009 1114 3058 fidei
1150 3009 1428 3072 scripturae,
1462 3023 1611 3071 quam
1647 3018 1866 3058 creatura

28 3122 29 3125 =
99 3090 264 3156 aliqua
295 3099 465 3158 posset
499 3091 563 3142 ad
597 3107 710 3141 suas
746 3092 1052 3141 inventiones
1092 3091 1167 3139 vel
1209 3090 1590 3139 consuetudines
1633 3091 1864 3154 obligare,

19 3190 29 3226 J.
106 3173 172 3224 Et
193 3173 310 3224 hinc
340 3172 480 3246 lapsi·
499 3182 612 3224 sunt
647 3174 819 3224 discoli
851 3174 914 3222 ad
947 3181 1135 3222 tantum
1169 3174 1219 3221 in
1243 3171 1449 3231 devium,
1476 3172 1612 3236 quod
1640 3181 1864 3236 reputant

22 3268 45 3306 f
100 3254 264 3321 legem
297 3254 395 3304 Dei
429 3255 645 3305 Summe⁰
680 3255 1032 3320 impossibilem
1072 3262 1121 3304 et
1155 3261 1354 3318 propter
1391 3253 1681 3303 adulterinas
1719 3255 1864 3304 tradi-

24 3446 29 3455 ·
155 3418 172 3444 ¹
199 3418 491 3474 quantitatem]
507 3418 574 3461 vel
593 3419 847 3473 qualitatem,
865 3419 911 3459 B.
928 3418 990 3460 ed.
1005 3432 1067 3472 pr.
1195 3417 1212 3440 ²
1239 3417 1349 3470 quod
1364 3417 1463 3471 sint]
1480 3418 1591 3471 quod
1605 3422 1712 3466 sunt,
1725 3418 1788 3459 ed.
1801 3432 1862 3472 pr.

22 3503 23 3506 =
100 3472 118 3500 ⁸
142 3471 283 3538 fuerit]
302 3473 448 3521 suerat,
468 3474 517 3516 C.
538 3474 602 3515 ed.
623 3487 684 3528 pr.
768 3473 784 3497 ⁴
811 3472 1105 3527 philosophus]
1126 3472 1315 3526 populus,
1335 3472 1398 3512 ed.
1417 3485 1478 3525 pr.
1565 3472 1581 3496 ⁶
1607 3473 1862 3527 discredidit]

18 3545 22 3563 2
100 3527 308 3575 discredit,
328 3528 378 3569 C.
397 3527 461 3570 ed.
481 3541 543 3582 pr.
666 3529 683 3553 ⁶
710 3529 878 3581 morali]
899 3529 942 3568 in
961 3527 1120 3575 morali,
1140 3528 1203 3568 ed.
1223 3540 1284 3579 pr.
1422 3526 1438 3550 ⁷
1465 3526 1655 3580 miseros]
1676 3526 1863 3570 homines

16 3635 19 3638 y
103 3582 287 3630 miseros,
307 3582 364 3624 D.
531 3583 546 3607 ⁸
574 3583 758 3637 tempus]
780 3589 874 3629 tres,
895 3583 957 3624 ed.
978 3595 1038 3635 pr.
1169 3581 1185 3605 ⁹
1213 3580 1391 3635 summe]
1411 3594 1606 3630 summae,
1626 3582 1689 3623 ed.
1710 3595 1770 3636 pr.

173 3665 472 3703 TRIALOGUS.
979 3666 1009 3697 F
