2496 4108
400 465 503 519 292

364 1777 445 1796 cram
501 1778 551 1797 uni

321 1803 558 1842 confirmatio-nis

322 1844 393 1863 num
406 1845 443 1863 ex
457 1845 549 1871 scrip-

322 1879 430 1937 plbssit'.

1082 445 1509 509 JOANNIS
1579 446 1927 496 WICLIF
2237 465 2389 494 uam.

610 597 613 627 ς
638 583 848 635 haberet,
874 583 913 630 si
937 581 999 629 ad
1029 580 1376 630 beatitudinem
1408 580 1547 628 fuerit
1570 580 1831 637 ordinatus,
1857 580 1970 642 quia
1992 579 2110 628 illud
2137 575 2274 642 quod
2295 592 2390 626 nec

639 672 710 711 est
734 679 824 711 nec
849 662 1047 725 poteritl
1073 677 1195 720 esse,
1221 677 1323 710 non
1347 670 1508 725 potest
1541 662 1670 710 aliud
1701 677 1994 710 mensurare.
2065 661 2190 718 Imo,
2214 667 2269 708 ut
2290 658 2390 707 dixi

639 746 868 806 superius,
893 744 1090 806 quilibet
1122 744 1377 792 damnatus
1411 743 1532 791 foret
1556 736 1671 794 tunc
1703 741 2028 790 beatificatus²
2055 757 2202 805 supra
2225 739 2390 790 Chris-

639 834 754 882 tum,
791 834 838 872 et
873 826 1032 873 minus
1069 841 1216 887 quam
1251 826 1422 873 beatus
1459 824 1643 886 aliquis,
1681 839 1793 871 cum
1833 839 1938 871 esse
1975 838 2078 871 non
2114 822 2290 886 poterit
2319 821 2390 870 sic

639 911 820 956 beatus.
891 907 1207 956 Difficultates
1242 916 1403 955 autem
1441 908 1556 955 alias
1582 907 1642 955 de
1679 921 1841 969 poena
1872 921 2043 954 sensus
2075 905 2229 953 taliter
2251 904 2390 952 dam·

639 998 877 1047 natorum,
905 997 953 1036 et
977 990 1230 1051 quomodo
1262 990 1433 1040 melius
1457 996 1530 1036 est
1554 988 1687 1050 ipsos
1712 1003 1818 1035 esse
1851 987 1919 1035 sic
1952 986 2209 1034 damnatos
2243 999 2390 1048 quam

639 1072 842 1119 omnino
891 1086 992 1118 non
1039 1086 1160 1128 esse,
1205 1086 1317 1120 cum
1365 1069 1720 1121 difficultatibus
1763 1069 1881 1129 aliis,
1924 1069 2146 1130 relinquo
2183 1067 2390 1131 posteris

640 1152 1049 1216 perscrutandas⁸.

1353 1484 1512 1534 CAP.
1551 1483 1687 1532 XIV.

1127 1627 1201 1675 De
1224 1633 1506 1676 sacramento
1528 1628 1902 1691 confirmationis.

708 1759 911 1806 Alz'tlzz‘a.
984 1758 1116 1816 Dion
1150 1774 1288 1821 rogo,
1314 1757 1374 1806 de
1407 1766 1712 1806 sacramento
1748 1758 1901 1815 tertio,
1926 1756 2061 1819 quod
2087 1755 2394 1821 Confirmatio

480 1879 497 1897 0
522 1871 565 1898 a„
643 1842 962 1888 communiter
979 1841 1270 1897 nominatur,
1292 1848 1338 1887 et
1356 1841 1514 1902 primo
1540 1840 1600 1887 de
1620 1841 1723 1902 ejus
1743 1839 2024 1887 fundatione
2044 1854 2104 1887 ex
2124 1838 2219 1886 fide
2241 1839 2392 1901 scrip-

642 1930 789 1969 turae.
850 1921 967 1969 Non
985 1922 1116 1968 enim
1135 1921 1320 1968 videtur
1338 1922 1455 1968 mihi
1474 1920 1692 1969 fundatio
1718 1919 1960 1968 sufficiens
1977 1936 2038 1968 ex
2056 1920 2138 1968 illo
2154 1919 2262 1968 Act.
2278 1921 2393 1968 viii.:

644 2009 654 2028 ‘
672 2020 782 2051 cum
816 2004 1061 2051 audissent
1096 1996 1316 2065 apostoli,
1351 2004 1432 2065 qui
1468 2011 1605 2050 erant
1640 2002 2012 2064 Hierosolymis,
2045 2002 2180 2065 quod
2212 2001 2394 2064 recepit

645 2086 859 2134 Samaria
893 2086 1095 2132 verbum
1132 2084 1239 2142 Dei,
1277 2084 1510 2131 miserunt
1546 2085 1610 2132 ad
1645 2098 1732 2131 eos
1768 2083 1965 2131 Petrum
2001 2091 2048 2131 et
2082 2082 2391 2146 Johannem;

642 2169 724 2229 qui
758 2183 869 2214 cum
905 2167 1162 2223 venissent,
1200 2173 1456 2212 oraverunt
1491 2180 1581 2227 pro
1618 2165 1701 2222 eis,
1737 2173 1789 2212 ut
1825 2164 2126 2233 acciperent⁵
2162 2163 2392 2226 Spiritum

644 2246 888 2296 Sanctum’
934 2255 1021 2294 etc.
1099 2246 1176 2292 Ex
1217 2246 1309 2293 isto
1353 2253 1486 2292 textu
1529 2245 1851 2292 communiter
1893 2233 2210 2303 concluditur,
2258 2244 2394 2307 quod

642 2345 786 2391 supra
821 2329 1131 2390 baptismum,
1161 2342 1259 2389 quo
1295 2327 1595 2389 baptisantur
1630 2327 1870 2384 homines,
1907 2334 2099 2387 oportet
2134 2322 2395 2374 confirma·

568 2442 576 2445 —
638 2412 821 2458 tionem
858 2410 1177 2475 apostolicam
1213 2408 1485 2470 superaddi,
1512 2422 1623 2455 cum
1648 2408 1718 2455 sic
1749 2406 1967 2455 fecerunt
1999 2407 2220 2470 apostoli.
2294 2406 2393 2455 Sed

640 2493 782 2538 nimis
818 2491 932 2539 levis
957 2491 1142 2537 videtur
1177 2504 1283 2536 esse
1321 2489 1442 2535 haec
1477 2488 1797 2546 confirmatio,
1824 2489 1937 2550 quia
1972 2488 2067 2536 dici
2089 2497 2256 2551 posset
2278 2503 2394 2554 pro-

638 2573 870 2629 babiliter,
909 2571 1042 2636 quod
1076 2571 1187 2618 licet
1222 2570 1479 2632 baptisatio
1516 2571 1565 2616 in
1602 2552 1801 2617 nomine
1830 2568 1951 2632 sesu
1989 2569 2181 2618 Chrzlrti
2207 2569 2295 2617 fuit
2328 2569 2393 2618 ad

638 2663 829 2716 tempus
862 2654 1031 2709 valida,
1059 2667 1314 2714 quousque
1347 2666 1530 2698 nomen
1559 2651 1688 2698 istud
1713 2648 1893 2699 fuerat⁶
1924 2650 2213 2699 sufficienter
2234 2639 2394 2714 publi-

639 2744 813 2792 catum,
840 2743 1003 2781 tamen
1037 2733 1362 2795 publicatione
1395 2733 1486 2779 hac
1520 2732 1647 2780 facta
1681 2732 1769 2779 fuit
1799 2733 1862 2780 ad
1893 2732 2103 2780 formam
2133 2733 2392 2780 verborum

637 2817 875 2878 evangelii
900 2816 1220 2871 redeundum,
1248 2823 1294 2861 et
1320 2814 1388 2861 sic
1415 2814 1615 2861 nomine
1651 2822 1793 2861 tenus
1829 2814 2054 2876 baptisati
2089 2814 2140 2861 in
2177 2813 2392 2862 Samaria

638 2898 830 2944 fuerunt
871 2897 1081 2958 legitime
1123 2895 1414 2957 baptisandi,
1453 2896 1573 2943 sieut
1611 2895 1834 2957 baptisati
1876 2895 2117 2957 baptismo
2152 2893 2392 2957 Johannis

639 2981 711 3026 vel
746 2980 839 3026 alio
882 2978 1125 3041 baptismo
1166 2976 1444 3039 illegitimo⁷
1480 2985 1591 3024 sunt
1634 2978 1736 3024 sine
1775 2976 1992 3039 periculo
2027 2977 2198 3023 iterum
2233 2975 2389 3038 bapti-

693 3152 704 3174 ¹
735 3150 907 3203 poterit]
947 3154 1097 3202 potest,
1132 3148 1287 3188 A.B.C.
1327 3148 1391 3188 ed.
1431 3161 1492 3200 pr.
1793 3146 1809 3168 ²
1835 3145 2111 3199 beatificatus]
2147 3146 2389 3199 baptisatus,

638 3205 701 3243 ed.
722 3218 783 3256 pr.
955 3205 970 3226 ³
999 3203 1330 3257 perscrutandas]
1351 3201 1671 3254 pertractandas,
1692 3201 1848 3241 A.B.C.
1868 3200 1933 3239 ed.
1963 3213 2024 3253 pr.
2149 3200 2166 3223 ⁴
2193 3200 2296 3252 Dic]
2317 3200 2389 3240 sed

638 3259 716 3303 dic,
739 3259 785 3297 B.
806 3258 962 3310 primae
981 3271 1140 3302 manus,
1161 3257 1224 3296 ed.
1244 3270 1306 3309 pr.
1551 3255 1566 3278 ⁵
1593 3255 1704 3307 quod
1724 3255 1877 3307 recepit
1896 3253 2386 3307 Samaria-acciperent]

637 3326 720 3352 om.
750 3314 815 3358 Α.,
838 3313 883 3351 Β.
903 3312 1059 3364 primae
1086 3324 1243 3356 manus,
1265 3310 1327 3350 ed.
1346 3323 1406 3362 pr.
1472 3310 1616 3351 Codex
1636 3309 1690 3348 D.
1711 3309 1825 3348 addit
1851 3309 1999 3348 verba:
2041 3314 2051 3330 ‘
2065 3309 2248 3348 nondum
2277 3308 2386 3348 enim

638 3366 679 3405 in
700 3379 928 3418 quenquam
958 3379 1099 3406 eorum
1118 3370 1294 3410 venerat,
1315 3365 1385 3403 sed
1405 3364 1598 3416 baptisati
1627 3369 1786 3403 tanturn
1815 3367 1930 3402 erant
1958 3362 2001 3402 in
2029 3364 2195 3402 nomine
2213 3362 2387 3402 Domini
2470 3366 2474 3367 ⁷

639 3421 734 3470 Jesu
751 3435 760 3465 ;
792 3427 890 3460 tunc
903 3421 1170 3472 imponebant
1185 3432 1330 3458 manus
1347 3431 1466 3470 super
1485 3418 1592 3464 illos,
1614 3424 1655 3457 et
1675 3418 1932 3470 accipiebant
1951 3416 2149 3468 Spiritum
2162 3416 2386 3457 Sanctum!

639 3474 654 3495 ⁶
682 3487 832 3514 nornen
847 3475 955 3513 istud
971 3474 1119 3524 fuerat]
1137 3486 1221 3513 non
1241 3478 1326 3512 erat
1346 3473 1467 3517 istud,
1484 3472 1530 3511 B.
1545 3487 1554 3517 ;
1585 3485 1668 3511 non
1683 3471 1814 3512 fuerat
1833 3471 1954 3515 istud,
1971 3471 2023 3510 A.
2039 3470 2196 3522 primae
2210 3483 2356 3511 manus
2373 3484 2382 3515 ;

639 3540 788 3567 nomen
808 3529 916 3567 istud
935 3528 1067 3573 fuerit,
1090 3528 1142 3566 D.
1159 3542 1167 3573 ;
1199 3539 1281 3566 non
1302 3527 1420 3566 fuerit
1440 3526 1560 3572 istud,
1581 3526 1643 3566 ed.
1664 3539 1724 3578 pr.
1889 3525 1904 3547 ⁷
1933 3523 2171 3576 illegitimo]
2189 3523 2383 3576 legitime,

641 3581 686 3618 B.
710 3582 908 3621 secundae
927 3592 1084 3622 manus.
