2436 4094
326 479 426 514 100

1023 441 1447 505 JOANNIS
1517 441 1864 491 WICLIF
2176 459 2315 502 man,

567 576 839 626 hominem¹
873 583 1106 638 tanquam
1139 582 1317 637 partes,
1343 590 1455 622 cum
1487 583 1603 623 tunc
1635 574 1803 623 Deitas
1836 574 1959 623 foret
1990 589 2103 636 pars
2133 575 2314 636 imper-r

567 660 735 707 fectior
758 673 906 720 quam
930 657 1006 704 ille
1031 656 1182 704 homo
1209 658 1536 718 compositus;
1588 672 1680 704 nec
1705 656 1827 704 foret
1853 656 2114 704 similitudo
2150 655 2229 704 illa
2262 655 2315 718 in

570 740 803 803 Symbolo
851 738 914 785 ad
961 738 1267 800 propositum
1309 738 1537 796 fidelium,
1587 738 1673 786 sed
1719 739 1770 785 in
1817 739 2041 786 haereses
2082 737 2316 800 plurimas

566 821 898 877 introductiva,
924 820 1014 867 nisi
1039 820 1114 867 ille
1143 820 1334 881 spiritus
1359 820 1643 867 immortalis
1667 820 1790 868 foret
1815 836 1902 882 per
1926 836 1976 868 se
2001 827 2048 867 et
2073 817 2315 880 complete

565 902 721 950 idem2
744 901 910 949 homo.
989 900 1052 948 Et
1085 902 1123 948 si
1154 901 1390 963 objicitur,
1417 901 1551 963 quod
1575 916 1662 964 per
1686 917 1737 949 se
1769 902 1921 949 homo
1955 909 2028 949 est
2052 898 2244 957 animal,
2269 905 2319 946 et

566 984 743 1031 animal
767 999 853 1045 per
878 998 928 1031 se
953 990 1025 1030 est
1051 998 1243 1044 corpus,
1264 991 1312 1030 et
1336 983 1402 1030 sic
1426 983 1578 1030 homo
1604 998 1691 1045 per
1716 998 1767 1030 se
1787 991 1860 1030 est
1885 997 2076 1044 corpus,
2101 988 2232 1044 patet
2256 995 2317 1042 ex

566 1064 704 1112 dictis
737 1064 874 1112 alibi3
897 1064 1032 1126 quod
1057 1062 1257 1111 ‘homo’
1288 1072 1360 1111 est
1392 1064 1624 1111 terminus
1657 1065 1770 1112 satis
1804 1064 2126 1126 aequivocus;
2162 1077 2317 1124 quan-5

566 1147 727 1208 doque
746 1147 876 1193 enim
895 1145 1047 1193 homo
1066 1146 1177 1192 dicit
1196 1153 1463 1192 creaturam
1482 1146 1766 1194 rationalem
1787 1146 2066 1207 simpliciter
2083 1143 2320 1210 absolute,

565 1237 613 1276 et
637 1227 930 1290 quandoque
963 1234 1231 1274 creaturam
1264 1227 1409 1274 talem
1434 1223 1742 1274 rationalem⁴
1774 1241 1872 1289 quo
1906 1226 1968 1274 ad
2001 1225 2319 1288 aptitudinem

567 1324 853 1372 corpoream
877 1308 928 1354 de
940 1308 1169 1370 possibili,
1198 1315 1244 1354 et
1277 1307 1571 1370 quandoque
1605 1323 1703 1370 quo
1738 1308 1801 1355 ad
1833 1308 2150 1370 aptitudinem
2172 1306 2320 1369 talem

567 1405 851 1453 corpoream
897 1390 1142 1437 actualiter
1189 1391 1454 1436 existentem
1470 1406 1494 1443 ,·
1550 1397 1595 1436 et
1644 1390 1712 1437 sic
1760 1390 1918 1451 primo
1965 1388 2116 1437 modo
2165 1387 2318 1444 homo

567 1473 835 1520 secundum
867 1470 1186 1533 Augustz'num
1219 1486 1322 1518 non
1356 1470 1582 1518 diffinitur
1614 1486 1700 1533 per
1732 1470 1842 1528 hoc,
1869 1470 2002 1533 quod
2035 1479 2108 1530 est
2141 1469 2321 1517 animal

566 1553 797 1601 rationale
823 1561 871 1600 et
895 1553 1111 1610 mortale,
1139 1551 1278 1600 cum⁵
1302 1552 1426 1600 foret
1458 1552 1602 1610 idem,
1629 1553 1790 1615 posito
1825 1552 1959 1615 quod
1992 1552 2146 1601 factus
2178 1551 2325 1600 fuerit

566 1634 863 1692 immortalis,
906 1643 953 1681 et
995 1643 1066 1681 est
1107 1634 1236 1681 idem
1279 1634 1444 1691 homo,
1490 1650 1601 1682 cum
1644 1635 1834 1696 spiritus
1876 1634 2016 1682 fuerit
2052 1650 2082 1691 a
2116 1647 2322 1696 corpore

569 1724 830 1778 separatus.
920 1715 1039 1762 Non
1087 1716 1218 1762 enim
1267 1715 1502 1762 debemus
1551 1712 1861 1773 concedere⁶,
1905 1715 2040 1777 quod
2080 1706 2330 1762 defluente

571 1813 713 1845 carne
761 1797 823 1843 ab
871 1796 1070 1843 homine
1119 1804 1338 1857 tempore
1387 1796 1659 1853 senectutis,
1711 1797 1872 1844 deficit
1918 1796 1992 1844 vel
2045 1796 2324 1844 diminuitur

568 1886 764 1941 propter
782 1878 877 1926 hoc
897 1877 1127 1939 perfectio
1148 1877 1375 1934 hominis,
1397 1878 1482 1925 sed
1502 1878 1662 1939 potius
1687 1877 1998 1925 accedendo⁷
2015 1877 2077 1925 ad
2102 1886 2325 1939 naturam

569 1961 761 2022 spiritus
788 1960 945 2021 magis
978 1959 1234 2020 perficitur.
1306 1959 1369 2005 Et
1401 1967 1636 2020 quantum
1674 1958 1736 2005 ad
1770 1966 2109 2020 argumentum
2134 1957 2324 2020 sophis÷

570 2042 733 2098 ticum,
758 2040 891 2102 quod
925 2041 974 2086 in
998 2040 1078 2086 tali
1104 2039 1299 2087 defluxu
1331 2040 1542 2101 perditur
1574 2041 1839 2087 substantia
1863 2048 1911 2087 et
1935 2055 2038 2088 non
2060 2040 2171 2088 loco
2202 2024 2325 2088 illius

570 2122 826 2184 acquiritur
867 2121 995 2168 aliud
1037 2136 1189 2182 aeque
1230 2122 1431 2178 bonurn,
1473 2136 1592 2182 ergo
1633 2121 1709 2168 ille
1751 2121 1903 2168 homo
1945 2123 2014 2169 sic
2061 2121 2326 2183 diminutus

568 2202 903 2266 imperficitur'3
939 2202 1050 2264 per⁹
1087 2202 1333 2249 defluxum
1349 2217 1534 2261 ;-—non
1567 2202 1784 2264 procedit
1816 2201 1936 2250 haec
1969 2203 2089 2250 ratio
2120 2203 2243 2250 sicut
2274 2203 2325 2265 in

570 2285 749 2342 bestiis,
788 2299 912 2346 quae
946 2291 1056 2331 sunt
1089 2283 1273 2330 ratione
1303 2283 1611 2346 pinguedinis
1635 2284 1858 2332 meliores
1875 2300 1888 2344 ;
1943 2285 2057 2347 quia
2091 2300 2152 2332 ex
2187 2293 2324 2347 parte

570 2367 798 2415 defluenti
824 2374 871 2413 et
894 2372 1026 2428 parte
1053 2366 1157 2423 alia,
1184 2381 1308 2427 quae
1334 2373 1405 2413 est
1428 2366 1714 2413 immortalis
1742 2352 1946 2428 spiritus,
1967 2382 2070 2414 non
2094 2367 2146 2414 fit
2169 2381 2324 2428 unum

571 2448 879 2511 quantitative
905 2455 985 2495 aut
1010 2447 1296 2509 qualitative,
1325 2462 1438 2494 cum
1462 2455 1632 2494 natura
1650 2447 1729 2494 illa
1754 2463 1990 2510 corporea
2015 2449 2075 2496 sit
2098 2431 2323 2511 accidenss

571 2530 675 2577 talis
701 2539 843 2591 atque
869 2536 1099 2576 extranea
1131 2528 1194 2574 illi
1232 2528 1428 2589 spiritui,
1455 2535 1503 2575 et
1530 2529 1596 2576 sic
1632 2528 1740 2576 illilo
1763 2528 1963 2587 homini,
1989 2544 2102 2577 cum
2135 2513 2327 2595 perdita

571 2612 771 2658 materia
806 2610 897 2658 ista
931 2610 993 2657 ad
1030 2625 1132 2657 non
1168 2617 1417 2672 quantum,
1455 2617 1501 2656 et
1537 2610 1733 2658 inducta
1767 2610 1841 2657 vel
1879 2619 2078 2673 accepta
2118 2611 2325 2673 particu-

571 2692 728 2740 lariter
762 2692 836 2739 vel
878 2692 1036 2738 subito
1047 2690 1082 2716 ¹¹
1125 2705 1252 2738 nova
1288 2691 1501 2748 materia,
1544 2691 1668 2738 foret
1703 2692 1931 2739 continue
1974 2692 2104 2740 idem
2146 2693 2325 2751 homo-3

572 2774 694 2821 sicut
717 2773 986 2836 Apostolus
1010 2773 1267 2820 translatus
1294 2772 1355 2819 ad
1389 2772 1592 2830 coelum,
1621 2774 1716 2820 sive
1749 2774 1799 2820 in
1824 2787 2028 2835 corpore
2062 2773 2159 2821 sive
2192 2781 2327 2821 extra

573 2869 763 2916 corpus,
784 2853 915 2902 fuit12
938 2854 1134 2901 indubie
1154 2854 1284 2901 idem
1309 2854 1474 2901 homo.
1546 2853 1691 2901 Unde
1710 2854 1872 2916 posito
1897 2855 1958 2902 de
1977 2854 2071 2902 Dei
2094 2856 2326 2917 potentia,

573 2935 707 2998 quod
745 2935 922 2983 abhinc
962 2950 1116 2997 usque
1160 2935 1221 2982 ad
1263 2934 1521 2982 Romam¹8
1562 2935 1768 2997 figantur
1809 2943 2007 2983 naturae
2045 2950 2325 3001 corporeae,

574 3032 698 3079 quae
743 3017 805 3063 ad
846 3017 1259 3078 organisationem
1301 3016 1568 3063 intellectus
1610 3016 1808 3063 humani
1851 3017 2118 3064 successive
2158 3017 2324 3080 ‘dispor-

575 3105 762 3155 nantur,
788 3105 835 3144 et
859 3098 993 3159 quod
1018 3097 1146 3144 idem
1171 3097 1456 3145 immortalis
1482 3098 1673 3159 spiritus
1707 3099 1974 3146 successive
2008 3113 2120 3146 cum
2152 3098 2325 3164 talibus

631 3217 644 3240 ¹
674 3217 904 3270 hominem]
925 3217 1135 3257 hominem
1156 3217 1378 3262 Christum,
1399 3217 1460 3257 ed.
1482 3230 1542 3269 pr.
1653 3216 1669 3239 2
1696 3217 1824 3269 idem]
1845 3216 1927 3263 ille,
1947 3218 2051 3257 A.B.
2161 3218 2176 3242 ³
2205 3218 2326 3259 dictis

577 3270 694 3323 alibi]
717 3273 778 3311 ed.
799 3285 859 3324 pr.
881 3285 974 3312 cum
994 3271 1258 3311 annotatione
1277 3271 1492 3323 marginali
1512 3271 1676 3316 codicis,
1691 3272 1739 3311 C.
1756 3286 1764 3310 :
1796 3278 1805 3294 ‘
1820 3271 1973 3311 scilicet
1989 3271 2122 3323 primo
2142 3273 2325 3325 capitulo

579 3324 631 3364 de
651 3326 951 3378 compositione
968 3326 1160 3372 hominis,
1181 3326 1399 3365 Tractatus
1414 3325 1621 3377 hueusque
1635 3325 1810 3365 ineditus
1830 3326 1975 3377 Wiclaefi
1989 3325 2047 3365 ita
2066 3325 2325 3366 inscribitur!

578 3376 593 3399 ⁴
621 3379 881 3431 rationalem]
904 3393 986 3420 om.
1008 3380 1110 3420 A.B.
1288 3379 1304 3403 ⁵
1331 3379 1444 3431 cum]
1467 3385 1576 3425 tunc,
1597 3380 1659 3419 ed.
1680 3393 1741 3432 pr.
1918 3379 1934 3402 ⁶
1962 3379 2204 3432 concedere]
2226 3386 2325 3420 tunc

579 3430 817 3485 intelligere,
839 3434 994 3474 A.B.C.
1139 3433 1155 3456 ⁷
1183 3433 1436 3485 accedendo]
1457 3434 1718 3479 attendendo,
1739 3433 1801 3473 ed.
1822 3446 1882 3486 pr.
1994 3433 2009 3456 ⁸
2036 3433 2321 3487 imperficitur]

580 3485 606 3523 i.
622 3498 655 3524 e.
676 3487 982 3538 imperfectione
1001 3487 1185 3527 afficitur.
1337 3488 1352 3509 ⁹
1381 3488 1470 3540 per]
1488 3488 1555 3533 ad,
1575 3488 1676 3527 A.B.
1842 3487 1871 3510 ¹⁰
1898 3486 1977 3539 illi]
1994 3486 2086 3535 tali,
2106 3487 2233 3534 A.B,;
2263 3487 2324 3537 illi

582 3538 666 3584 tali,
688 3540 735 3579 C.
756 3541 818 3580 ed.
840 3555 899 3593 pr.
1036 3541 1064 3564 ¹¹
1094 3541 1158 3582 vel
1177 3541 1333 3593 subito]
1365 3554 1445 3580 om.
1467 3541 1515 3580 Β.
1679 3541 1710 3565 1²
1734 3541 1831 3594 fuit]
1853 3540 1970 3588 foret,
1992 3541 2046 3582 D.
2211 3541 2242 3565 ¹⁸
2268 3542 2323 3597 ad

582 3590 777 3645 Romam]
801 3607 881 3634 om.
902 3594 964 3636 ed.
986 3608 1071 3648 pr.;
1101 3608 1228 3648 usque
1248 3596 1437 3642 Romam,
1459 3596 1507 3635 C.
