2462 4114
373 439 482 498 374

1057 426 1484 490 JOANNIS
1554 427 1900 477 WICLIF
2199 448 2356 479 1.1n.1v.

612 563 872 623 scripturae
897 561 1108 622 logicam
1128 562 1195 608 sic
1215 560 1417 608 mentiri.
1478 560 1772 608 Fabulantur
1790 562 1921 608 enim
1946 561 2009 609 ad
2028 562 2354 611 simulandum

612 658 748 690 suam
774 641 1161 698 sanctimoniam,
1187 640 1320 703 quod
1344 640 1461 688 nihil
1484 641 1691 688 habent1
1716 642 1766 688 in
1790 643 1990 704 proprio
2009 643 2084 690 vel
2107 644 2358 692 communi

611 724 743 785 quod
767 737 867 769 non
892 730 1058 783 posset
1086 722 1341 769 efficaciter
1365 723 1599 780 excusari,
1626 722 1718 770 nisi
1752 722 1958 771 dixerint
1983 738 2036 772 se
2061 739 2166 772 esse
2190 723 2358 779 haere-

610 805 732 851 ticos
757 810 803 849 et
827 803 1046 850 membra
1070 802 1263 860 diaboli,
1290 803 1402 865 quia
1428 810 1614 850 certum
1638 811 1710 851 est
1735 803 1869 866 quod
1903 804 2025 852 sicut
2047 804 2228 854 habent
2251 819 2357 853 esse

610 884 823 933 naturale
848 892 893 931 et
926 885 1058 931 bona
1090 893 1302 942 naturae,
1330 885 1398 932 sic
1429 884 1609 932 habent
1640 885 1791 932 multa
1822 885 1954 932 bona
1984 885 2219 944 fortunae,
2244 901 2358 948 sup-

609 965 796 1029 posito2
820 965 954 1026 quod
977 965 1046 1013 eis
1070 966 1258 1013 insistat
1285 966 1439 1028 gratia
1470 965 1565 1013 hoc
1598 965 1919 1028 pennittens⁸.
1989 963 2138 1014 Ideo4
2173 967 2214 1015 si
2245 982 2358 1015 vere

609 1047 726 1094 nihil
763 1046 1028 1103 habuerint,
1070 1046 1156 1094 sed
1197 1054 1298 1093 tam
1339 1047 1538 1108 copiose
1581 1044 1749 1094 bonis⁵
1791 1047 1958 1095 alienis
1995 1048 2133 1096 abusi
2168 1046 2356 1105 fuerint,

609 1136 723 1175 tunc
760 1135 941 1175 certum
977 1135 1049 1174 est
1084 1127 1218 1189 quod
1244 1135 1354 1174 sunt
1388 1129 1608 1175 membra
1645 1128 1837 1186 diaboli,
1874 1144 1935 1176 ex
1970 1129 2106 1176 titulo
2144 1129 2358 1178 habendi

609 1209 787 1271 aliquid
828 1209 882 1255 a⁶
919 1207 1094 1256 Christi
1136 1210 1290 1270 gratia
1326 1209 1480 1256 alieni.
1567 1207 1719 1267 Quod
1761 1210 1799 1257 si
1839 1209 2032 1271 fingunt
2066 1210 2200 1273 quod
2241 1211 2359 1258 nihil

608 1289 786 1338 habent
821 1290 1015 1337 civiliter
1051 1290 1137 1337 sed
1173 1290 1330 1337 solum
1365 1290 1640 1352 evangelice
1675 1290 1725 1336 in
1760 1291 1959 1352 proprio
1991 1291 2067 1339 vel
2094 1292 2359 1351 communi,

609 1378 724 1419 tunc
768 1379 952 1418 certum
994 1371 1092 1418 est⁷
1133 1386 1243 1418 cum
1283 1372 1493 1434 paribus,
1537 1372 1672 1434 quod
1722 1372 1970 1434 implicant
2010 1387 2202 1441 papam,
2231 1372 2359 1422 Petri

608 1453 836 1500 vicarium
865 1452 1104 1500 dominari
1124 1453 1330 1510 civiliter,
1351 1461 1397 1500 et
1422 1453 1490 1501 sic
1511 1452 1770 1501 Christum.
1831 1452 1894 1501 Et
1918 1468 2031 1501 cum
2054 1454 2124 1502 eis
2146 1454 2258 1502 licet
2280 1453 2358 1502 ut⁸

609 1534 828 1595 inquiunt
862 1533 1114 1591 dominari,
1149 1534 1598 1597 quomodocunque
1635 1533 1855 1582 Christus
1891 1533 2045 1582 fuerat
2078 1535 2357 1584 humanitus

611 1616 903 1673 dominatus,
924 1615 1033 1663 licet
1057 1616 1126 1663 eis
1151 1615 1345 1663 civiliter
1370 1615 1624 1664 dominari.
1684 1614 1790 1663 Ad⁹
1815 1616 1932 1678 quid
1956 1630 2074 1678 ergo
2097 1617 2358 1680 imponunt

612 1696 738 1744 Petri
771 1697 947 1744 vicario
985 1705 1031 1743 et
1067 1698 1135 1744 sic
1168 1696 1312 1744 Petro
1348 1697 1441 1744 tale
1479 1696 1764 1755 dominium,
1796 1711 1909 1744 cum
1945 1712 2036 1744 nec
2060 1696 2229 1747 Petrus
2263 1713 2357 1746 nec

613 1777 831 1826 Christus
867 1778 1022 1840 potuit
1045 1779 1095 1825 in
1131 1785 1256 1826 statu
1278 1779 1359 1826 tali
1394 1779 1547 1826 taliter
1582 1778 1855 1825 dominari?
1914 1777 2171 1841 Numquid
2205 1778 2359 1828 credi-

612 1874 720 1908 mus
756 1859 890 1922 quod
923 1859 974 1906 hi
1009 1859 1176 1907 fratres
1211 1859 1452 1907 excellunt
1483 1858 1744 1917 Christum,
1770 1867 1823 1906 ut
1859 1858 2188 1908 antichristum
2219 1875 2360 1923 prae·

612 1941 774 1987 ficiant
810 1956 954 2002 super
978 1942 1139 2003 regnis
1178 1949 1225 1988 et
1249 1957 1362 1988 eum
1397 1929 1690 1989 constituant
1722 1940 1978 1987 dominum
2014 1941 2359 1990 dominorum?

615 2020 664 2068 Si
695 2021 836 2082 igitur
860 2021 907 2067 hi
943 2021 1111 2069 fratres
1136 2022 1424 2069 verbotenus
1461 2022 1722 2070 excludunt
1758 2037 1787 2069 a
1824 2036 1875 2069 se
1910 2021 2038 2069 istud
2069 2021 2356 2082 dominium,

612 2109 658 2149 et
680 2101 980 2163 imponunt¹⁰
1005 2102 1165 2164 ipsum
1189 2103 1311 2164 patri
1337 2118 1440 2160 suo,
1467 2118 1613 2165 quem
1638 2103 1802 2150 dicunt
1837 2118 1944 2150 esse
1969 2101 2164 2152 Christo
2193 2105 2358 2166 proxi-

612 2197 760 2240 mum,
785 2182 858 2229 vel
883 2191 1075 2244 oportet
1099 2182 1274 2244 ipsos11
1306 2184 1642 2245 blasphemare
1675 2184 1726 2230 in
1753 2183 1998 2232 Christum
2025 2185 2099 2232 vel
2133 2199 2358 2245 asserere,

612 2264 748 2326 quod
789 2263 913 2325 patri
955 2278 1044 2311 suo
1087 2264 1344 2326 imponunt
1386 2265 1682 2326 spiritualem
1725 2266 1967 2318 maculam
2012 2273 2061 2313 et
2099 2281 2358 2315 venenum.

615 2343 710 2392 Sed
751 2352 938 2406 praeter
980 2345 1120 2392 istam
1163 2345 1412 2407 antiquam
1452 2347 1667 2394 toxicam
1707 2354 1754 2393 et
1801 2362 1862 2394 ex
1910 2347 2104 2395 stultitia
2148 2356 2359 2411 praeter-

612 2427 823 2484 missam,
872 2426 1054 2473 videtur
1099 2427 1234 2488 quod
1279 2426 1446 2474 fratres
1501 2427 1786 2489 generaliter
1833 2443 1924 2490 pro
1979 2443 2109 2476 anno
2155 2427 2359 2478 Domini

610 2507 863 2553 millesimo
888 2507 1224 2554 trecentesimo
1234 2506 1270 2534 ¹2
1288 2506 1636 2570 octogesimo13
1661 2509 1876 2556 secundo
1900 2517 2117 2558 recenter
2139 2517 2188 2558 et
2209 2506 2359 2573 parti-

611 2588 830 2635 culariter
866 2587 916 2633 in
953 2603 1042 2635 suo
1080 2588 1288 2636 concilio
1325 2596 1643 2637 terraemotus
1669 2590 1940 2638 Londoniis
1974 2591 2362 2639 intoxicaverunt

609 2684 814 2730 regnum
838 2677 1072 2717 nostrum.
1143 2669 1331 2717 Dicitur
1354 2671 1486 2717 enim
1510 2686 1571 2718 ex
1582 2670 1616 2696 ¹4
1640 2654 1789 2733 gestis
1815 2671 2179 2730 credibilibus¹⁵,
2197 2681 2244 2720 et
2266 2672 2363 2720 fra-

608 2758 703 2797 tres
737 2751 973 2798 sustinent
997 2766 1053 2798 ac
1079 2751 1356 2809 defendunt,
1384 2752 1518 2814 quod
1541 2752 1706 2799 fratres
1716 2752 1751 2778 1⁶
1776 2752 2044 2800 subtiliores
2075 2761 2124 2801 et
2146 2753 2360 2816 maJores

608 2831 784 2879 horum
809 2832 1035 2879 ordinum
1066 2848 1128 2879 ex
1162 2833 1411 2880 communi
1442 2848 1529 2880 suo
1563 2834 1769 2881 concilio
1803 2834 1871 2881 sic
1903 2841 2148 2882 traxerunt
2178 2835 2358 2883 multos

609 2913 871 2975 episcopos
921 2914 982 2960 ad
1030 2921 1284 2961 tractatum
1336 2914 1470 2975 quod
1523 2915 1828 2976 implicarunt
1873 2914 2144 2962 Dominum
2188 2914 2358 2978 Jesum

611 2993 854 3042 Christum
886 3003 934 3042 et
962 2995 1139 3042 multos
1175 3003 1368 3042 sanctos
1402 2996 1520 3057 ejuS,
1546 2995 1804 3057 praecipue
1833 2996 1937 3058 jam
1971 2997 2154 3055 beatOS,
2179 2997 2357 3045 obiisse

664 3162 678 3185 ¹
706 3163 881 3216 habent]
921 3178 1002 3204 om.
1043 3165 1115 3209 C.;
1160 3168 1345 3215 possunt,
1384 3164 1445 3203 ed.
1484 3177 1570 3215 pr.;
1614 3163 1797 3203 fortassis
1835 3177 1884 3203 ex
1918 3164 2166 3216 ‘possident'
2202 3171 2353 3206 ortum.

610 3215 624 3237 ²
654 3218 885 3270 supposito]
906 3231 1108 3270 suppono,
1128 3218 1175 3257 B.
1197 3218 1397 3257 secundae
1416 3230 1572 3257 manus.
1696 3218 1712 3239 3
1738 3218 1998 3271 permittens]
2019 3218 2278 3270 promittens,
2299 3220 2354 3259 A.

609 3268 623 3291 4
652 3270 765 3322 ideo]
787 3276 827 3310 et
847 3272 952 3318 ideo,
974 3273 1026 3311 A.
1207 3271 1223 3294 ⁵
1250 3271 1388 3323 bonis]
1410 3285 1491 3311 om.
1512 3271 1615 3310 Α.Β.
1803 3271 1819 3295 ⁶
1845 3271 1890 3323 a]
1913 3285 1974 3317 ex,
1995 3272 2110 3318 A.C.,
2130 3272 2178 3312 B.
2198 3273 2356 3325 primae

612 3336 768 3370 manus,
789 3325 852 3364 ed.
873 3339 934 3378 pr.
1098 3326 1114 3348 ⁷
1142 3325 1223 3377 est]
1245 3330 1306 3365 est
1325 3326 1482 3372 ceteris,
1505 3325 1551 3364 B.
1572 3325 1728 3377 primae
1746 3339 1904 3372 manus,
1924 3326 1987 3366 ed.
2007 3339 2069 3378 pr.
2249 3326 2266 3350 ⁸
2291 3329 2355 3378 ut]

611 3390 693 3416 om.
715 3378 818 3418 Α.Β.
1054 3380 1069 3402 ⁹
1097 3380 1166 3431 ad]
1185 3386 1241 3425 at,
1262 3380 1326 3419 ed.
1347 3393 1408 3431 pr.
1641 3380 1671 3403 ¹⁰
1697 3379 1934 3432 imponunt]
1955 3380 2186 3432 imponant,
2205 3380 2270 3420 ed.
2290 3394 2352 3432 pr.

611 3431 638 3454 ¹¹
667 3431 799 3484 ipsos]
822 3446 905 3479 eos,
926 3434 989 3472 ed.
1011 3447 1071 3485 pr.
1237 3433 1267 3457 1²
1295 3433 1600 3485 trecentesimo]
1623 3447 1704 3473 om.
1724 3434 1786 3473 ed.
1806 3447 1868 3486 pr.
2016 3434 2046 3457 ¹³
2073 3434 2350 3486 octogesimo]

611 3488 925 3536 septuagesimo,
945 3488 1007 3526 ed.
1030 3501 1115 3539 pr.;
1147 3487 1386 3533 LXXXII⁰‚
1407 3488 1511 3528 A.C.
1534 3488 1616 3533 82⁰,
1639 3487 1685 3526 B.
1941 3486 1970 3512 ¹⁵
1998 3487 2067 3540 ex]
2089 3501 2172 3528 om.
2193 3488 2348 3528 A.B.C.

611 3536 639 3559 ¹⁵
668 3540 948 3592 credibilibus]
972 3541 1215 3588 credibilius,
1235 3542 1383 3581 A.B.C.
1549 3542 1579 3565 ¹⁶
1607 3541 1770 3593 fratres]
1793 3554 1877 3582 om.
1897 3541 1952 3580 D.
2360 3562 2376 3576 e

2456 364 2459 366 .
2447 203 2462 316 ,pac-..m
