2436 4094
1008 439 1432 506 JOANNIS
1500 441 1859 492 WICLIF
2166 462 2327 492 unm.

575 577 826 639 requiritur
851 577 1058 639 speciale
1083 577 1339 639 consilium
1363 575 1457 623 Dei
1481 576 1645 624 nostri.
1716 575 1862 624 Unde
1887 576 1956 624 ira
1980 576 2050 625 sic
2073 576 2239 624 ebullit
2261 576 2326 625 de

574 659 784 720 peccatis
820 659 1086 720 prioribus:
1140 674 1252 707 cum
1284 666 1513 721 peccator
1547 658 1830 720 superbierit
1861 657 2012 706 modo
2045 658 2191 716 dicto,
2223 672 2326 706 non

574 740 730 788 solum
764 740 1051 804 dedignatur
1083 740 1143 789 de
1176 741 1415 803 proximo,
1443 740 1530 787 sed
1561 740 1753 798 invidet,
1779 740 1912 802 quod
1945 739 2327 803 appropinquat¹

572 822 706 869 bono
743 836 846 879 suo,
884 829 932 869 et
969 822 1092 870 ultra
1126 821 1442 879 machinatur,
1481 821 1732 883 quomodo
1771 821 1831 869 de
1866 821 2082 869 bonitate
2117 821 2327 884 proximi

571 903 745 965 poterit
768 903 1010 951 vindicari.
1080 904 1143 951 Et
1167 904 1217 951 in
1250 903 1330 951 illa
1364 903 1640 950 ebullitione
1665 903 1847 950 virtutis
1880 903 2129 951 irascibilis
2161 906 2259 951 cor'
2278 911 2327 952 et

571 985 790 1032 membra
814 986 1031 1048 corporis
1057 986 1379 1033 communiter
1404 985 1656 1047 agitantur.
1726 985 1790 1032 Et
1814 985 1938 1033 illius
1970 985 2069 1033 irae
2103 985 2325 1035 nominat

571 1064 790 1114 Christus
824 1074 920 1114 tres
957 1067 1141 1129 species
1178 1066 1350 1115 Matth.
1385 1082 1456 1114 v.:
1513 1070 1525 1091 ‘
1546 1066 1720 1114 Omnis
1758 1064 1954 1132 (inquit)
1991 1067 2072 1130 qui
2107 1068 2325 1116 irascitur

569 1146 698 1194 fratri
723 1162 826 1206 suo,
852 1164 960 1196 reus
993 1149 1082 1197 erit
1109 1149 1291 1212 judicio
1306 1165 1318 1209 ;
1356 1149 1439 1212 qui
1472 1155 1633 1196 autem
1668 1148 1839 1196 dixerit
1863 1148 1994 1196 fratri
2019 1163 2110 1197 suo
2135 1148 2322 1208 Racha,

567 1244 677 1277 reus
701 1230 787 1277 erit
819 1230 1027 1278 concilio
1040 1246 1053 1289 ;
1098 1231 1180 1293 qui
1212 1239 1373 1279 autem
1407 1230 1576 1278 dixerit
1601 1233 1612 1254 ‘
1628 1229 1789 1287 fatue,’
1815 1245 1925 1278 reus
1950 1231 2036 1278 erit
2069 1220 2325 1292 gehennae

566 1311 745 1373 ignis².’
805 1312 891 1360 Ille
917 1321 1078 1360 autem
1103 1313 1165 1361 ad
1191 1328 1388 1361 sensum
1413 1313 1648 1374 evangelii
1668 1316 1679 1336 ‘
1696 1313 1934 1359 z‘rascz'lur’
1954 1311 2085 1360 fratri
2110 1326 2213 1371 su0,
2238 1313 2323 1375 qui

522 1400 524 1403 “
567 1401 734 1441 contra
769 1393 906 1442 illum
941 1395 1321 1443 irrationabiliter
1356 1395 1406 1442 in
1442 1395 1607 1442 animo
1655 1401 1728 1441 est
1771 1401 2047 1442 commotus
2061 1410 2074 1454 ;
2131 1401 2180 1442 et
2221 1394 2322 1444 sive

565 1474 703 1523 fuerit
738 1477 894 1523 brevis
929 1475 1050 1524 haec
1086 1477 1352 1524 commotio
1390 1476 1486 1524 sive
1522 1475 1759 1533 diuturna,
1787 1475 1886 1522 sive
1923 1490 2036 1523 cum
2061 1475 2212 1538 signis
2235 1491 2322 1524 ex-

563 1557 781 1606 trinsecis
806 1557 903 1605 sive
928 1558 1067 1606 fuerit
1090 1556 1718 1607 irrationabiliscommotio
1744 1556 1892 1604 animi
1918 1556 2046 1605 sine³
2071 1557 2175 1615 illis,
2203 1557 2321 1605 dici-

563 1635 662 1686 tur4
709 1639 776 1687 ira
824 1640 1040 1702 subjecta
1085 1639 1179 1688 Dei
1230 1640 1413 1703 judicio
1469 1638 1533 1687 ad
1578 1638 1854 1686 vindictam.
1947 1637 2094 1686 Unde
2148 1638 2321 1702 legitur

564 1719 735 1768 Matth.
770 1721 848 1768 xii.
885 1721 946 1769 de
972 1721 1180 1780 Christo,
1206 1723 1288 1784 qui
1324 1736 1426 1769 non
1461 1720 1618 1783 potuit
1654 1719 1748 1768 sic-'²
1785 1719 1954 1768 irasci:
2000 1718 2317 1770 ‘arundinem

562 1809 837 1863 quassatam
877 1817 979 1850 non
1015 1803 1287 1865 confringet
1322 1811 1368 1851 et
1404 1802 1579 1850 linum⁶
1616 1801 1859 1864 fumigans
1901 1816 2004 1849 non
2047 1803 2310 1865 extinguet,

562 1883 719 1932 donec
745 1884 903 1946 ejiciat
939 1883 1000 1931 ad
1023 1885 1273 1932 victoriam
1293 1882 1560 1948 judicium.'
1630 1883 1723 1931 Per
1747 1883 2022 1930 arundinem
2046 1884 2322 1948 intelligunt

561 1965 759 2027 quidam
782 1967 1006 2013 robustos
1033 1965 1092 2014 de
1125 1959 1182 2014 se*
1211 1966 1327 2028 ipsis
1359 1966 1561 2013 inaniter
1594 1965 1870 2027 gloriantes,
1895 1964 2014 2013 tales
2038 1965 2170 2012 enim
2204 1974 2317 2015 sunt

560 2047 697 2093 vacui
730 2061 759 2093 a
790 2047 954 2108 gratia,
980 2056 1033 2094 ut
1065 2047 1263 2095 baculus
1296 2047 1591 2094 arundineus
1622 2046 1795 2108 plenus
1830 2047 1962 2109 poris
1977 2062 1990 2106 3
2038 2047 2116 2095 ille
2152 2055 2317 2096 autem

561 2127 820 2189 confringit
845 2128 985 2175 istam
1011 2129 1314 2186 arundinem,
1342 2125 1450 2190 qui⁷
1474 2128 1554 2175 dat
1579 2128 1668 2175 sibi
1701 2128 2013 2175 occasionem
2037 2127 2099 2175 ad
2130 2129 2317 2177 irratio-

560 2209 779 2256 nabiliter
810 2210 1131 2258 irascendum.
1202 2209 1295 2257 Per
1326 2207 1500 2256 linum⁸
1517 2209 1778 2271 sungrans
1812 2208 2084 2271 intelligunt
2116 2211 2316 2272 quidam

561 2291 742 2339 debiles
774 2291 957 2348 virtute,
983 2293 1065 2354 qui
1099 2291 1368 2340 secundum
1401 2291 1610 2353 aliquem
1641 2289 1846 2352 gradum
1878 2290 2087 2338 caritatis
2122 2291 2314 2354 sapiunt

559 2381 606 2420 et
631 2373 832 2434 diligunt
854 2374 1014 2436 legem
1033 2373 1140 2422 Dei.
1212 2373 1387 2421 Talem
1411 2380 1573 2419 autem
1598 2371 1884 2419 arundinem
1910 2372 2007 2419 sive
2032 2372 2185 2420 linum
2208 2387 2312 2423 non

559 2453 817 2516 confregit⁹
843 2453 1061 2502 Christus
1095 2469 1186 2502 nec
1219 2454 1479 2512 extinxitw,
1516 2453 1602 2501 sed
1634 2453 1798 2516 potius
1830 2453 1880 2499 in
1904 2452 2154 2502 virtutibus
2177 2455 2315 2517 vigo-

557 2536 690 2583 ravit.
761 2535 823 2583 Et
847 2544 1044 2598 propter
1074 2536 1188 2584 istas
1223 2536 1433 2583 rationes
1465 2533 1765 2583 convincet*
1791 2533 2024 2592 Christus,
2050 2543 2099 2583 et
2123 2536 2310 2598 specia-
2362 2585 2368 2589 ,

555 2617 659 2664 liter
695 2617 743 2663 in
779 2617 855 2664 die
887 2617 1066 2680 judicii,
1104 2617 1366 2680 singulos¹²
1399 2617 1637 2665 inimicos.
1708 2616 1796 2664 Ille
1832 2623 1995 2664 autem
2035 2617 2087 2665 in
2122 2619 2315 2666 secundo

545 2699 710 2761 gradu
743 2698 857 2747 dicit
889 2699 1018 2746 fratri
1053 2714 1142 2747 suo
1170 2704 1180 2724 ‘
1196 2697 1398 2758 Racha,'
1426 2699 1509 2761 qui
1542 2714 1654 2746 cum
1689 2699 1760 2745 ira
1791 2698 2063 2760 prorumpit
2093 2699 2145 2746 in
2167 2700 2314 2748 verba

554 2781 797 2828 derisoria.
866 2779 1039 2827 Racha
1067 2781 1198 2828 enim
1222 2781 1488 2843 interJectio
1515 2788 1588 2828 est
1608 2780 1867 2828 deridentis
1881 2795 1894 2839 ;
1931 2787 1978 2827 et
2001 2780 2062 2828 de
2086 2781 2168 2828 tali
2192 2796 2311 2830 con-

554 2862 713 2909 sulunt
744 2861 860 2909 boni
885 2862 1057 2923 angeli,
1091 2862 1130 2909 si
1156 2862 1243 2910 erit
1267 2870 1466 2924 propter
1497 2861 1852 2909 vehementiam
1886 2861 2162 2910 iracundiae
2187 2877 2307 2910 con-

554 2944 821 2991 demnatus.
896 2942 992 2990 Sed
1024 2943 1074 2990 in
1107 2944 1238 2990 terlio
1253 2944 1416 3005 gradu
1440 2943 1516 2991 ille
1550 2942 1663 2990 dicit
1695 2942 1826 2989 fratri
1853 2942 1990 2990 su0¹⁸
2015 2941 2200 3007 ‘fatue,'
2225 2945 2309 3006 qui

554 3041 665 3072 cum
700 3026 770 3072 ira
805 3024 995 3071 animae
1031 3024 1302 3087 prorumpit
1343 3024 1394 3070 in
1429 3025 1575 3071 verba
1617 3023 1982 3081 contumeliosa,
2020 3025 2308 3074 scandalosa

551 3107 760 3170 proximi
784 3106 857 3154 vel
881 3105 1168 3167 blasphema
1181 3120 1195 3164 ς
1233 3112 1280 3152 et
1303 3105 1410 3153 talis
1434 3113 1507 3153 est
1530 3119 1639 3152 reus
1664 3104 1918 3166 gehennae
1943 3105 2069 3167 ignis
2094 3121 2155 3154 ex
2184 3105 2309 3157 foliis

606 3270 620 3293 ¹
649 3268 968 3322 appropinquat]
990 3268 1260 3320 approximat,
1281 3267 1437 3308 A.B.C.
1459 3266 1522 3306 ed.
1541 3279 1603 3319 pr.
1799 3265 1815 3288 ²
1842 3266 1988 3306 verba:
2017 3267 2304 3321 reus—ignis’]

553 3337 634 3363 om.
657 3324 703 3363 B.
725 3324 881 3376 primae
900 3336 1057 3369 manus,
1077 3323 1140 3362 ed.
1161 3335 1223 3374 pr.
1443 3321 1459 3344 ³
1487 3320 1592 3373 sine]
1615 3320 1710 3366 sive,
1730 3320 1793 3360 ed.
1809 3334 1870 3373 pr.
2090 3320 2106 3344 4
2132 3322 2302 3375 dicitur]

552 3378 699 3417 dicitur
717 3384 867 3424 autem,
888 3377 991 3416 ΑΒ.
1157 3378 1172 3399 ⁵
1199 3375 1278 3428 sic]
1299 3377 1369 3422 ita,
1390 3375 1437 3415 B.
1453 3375 1609 3428 primae
1627 3388 1784 3420 manUS,
1804 3375 1867 3413 ed.
1881 3387 1942 3427 pr.
2085 3380 2088 3381 ⁷
2108 3375 2124 3398 ⁶
2150 3375 2301 3430 linum]

552 3431 702 3477 lumen,
723 3432 770 3471 Β.
936 3431 950 3453 ⁷
980 3430 1067 3483 qui]
1090 3443 1204 3483 quae,
1225 3431 1288 3470 ed.
1310 3444 1370 3482 pr.
1496 3430 1511 3452 Β
1538 3429 1688 3480 linum]
1710 3428 1859 3474 lumen,
1880 3428 2040 3468 A.B.D.
2161 3430 2177 3452 ⁹
2205 3443 2302 3470 con·

552 3485 692 3537 fregit]
714 3485 943 3537 confringit,
964 3485 1066 3525 AB.
1260 3485 1291 3508 1⁰
1318 3483 1507 3536 extinxit]
1530 3483 1741 3534 extinguit,
1763 3483 1809 3522 B.
2006 3483 2037 3506 ¹¹
2064 3483 2300 3537 convincet]

553 3539 769 3585 convincit,
790 3540 852 3579 ed.
873 3553 934 3591 pr.
1042 3542 1044 3544 ’
1146 3538 1177 3563 ¹²
1203 3538 1405 3591 singulos]
1427 3551 1499 3591 per
1520 3537 1713 3590 singulos,
1735 3537 1780 3576 B.
1801 3536 1957 3590 primae
1975 3549 2133 3584 manus,
2154 3537 2218 3578 ed.
2238 3552 2299 3591 pr.

553 3591 581 3614 ¹³
611 3592 704 3643 suo]
726 3606 807 3633 orn.
828 3594 889 3633 ed.
911 3607 970 3645 pr.
994 3593 1049 3632 D.

2047 3675 2232 3710 WICLIF
