2496 4108
19 498 26 511 ,
104 477 255 514 ω...
697 459 808 508 TR
826 460 917 509 [Α
943 461 991 509 L
1014 462 1058 510 0
1078 461 1125 510 G
1150 461 1267 510 US.
2001 453 2104 525 289

173 591 443 642 Phroneszlr.
516 593 680 644 Placet
703 594 837 659 quod
861 596 930 644 sic
954 596 1167 644 inculcas
1192 596 1339 644 dubia
1363 597 1478 644 satis
1502 594 1705 658 pulchra
1719 610 1732 655 ;
1771 594 1858 642 sed

104 673 290 724 videtur
335 675 468 734 mihi,
517 676 653 739 quod
699 677 856 725 modus
900 678 1164 740 singularis
1219 678 1453 740 puniendi
1503 678 1762 725 damnatos
1810 677 1861 723 in

103 754 296 806 inferno
329 757 594 806 viatoribus
632 766 686 806 ut
720 759 1043 808 communiter
1079 766 1151 806 est
1187 759 1396 821 ignotus,
1427 759 1661 820 generalis
1695 766 1862 805 tamen

104 837 261 886 modus
291 839 548 901 puniendi¹
573 839 834 888 damnatos
866 854 927 886 ex
959 841 1208 902 principiis
1242 840 1353 887 fidei
1384 841 1498 888 satis
1534 839 1861 901 cognoscitur.

104 911 329 967 Poenam
349 927 511 968 autem
532 919 697 969 damni
715 935 946 969 vocamus
971 921 1220 979 damnum,
1247 922 1381 984 quod
1402 923 1534 984 justo
1554 921 1648 968 Dei
1669 920 1856 983 judicio
1922 933 2085 1003 3333ae
2100 933 2158 961 dis-

105 1008 180 1049 est
202 1000 500 1063 inflictum23.
529 1011 578 1051 et
601 1001 715 1050 illud
741 999 1003 1050 damnum³
1027 1018 1118 1051 nec
1146 1011 1218 1050 est
1243 1011 1378 1051 actus
1413 1018 1505 1051 nec
1538 1003 1743 1064 qualitas
1777 1001 1865 1049 sed
1923 1010 2025 1064 {⁰2⁰³
2038 1000 2141 1028 ‘'mm“

106 1081 309 1145 privatio
338 1097 399 1131 ex
425 1084 637 1132 carentia
659 1085 818 1142 boni⁴,
845 1084 979 1147 quod
1003 1092 1075 1132 est
1099 1100 1160 1132 ex
1185 1084 1279 1132 Dei
1313 1086 1466 1147 gratia
1489 1085 1539 1132 in
1562 1084 1730 1131 beatis,
1802 1082 1865 1131 Et
1923 1077 2043 1098 ⁵⁵⁵⁵⁵

106 1159 175 1209 sic
204 1159 510 1224 distinguitur
532 1175 694 1225 poena
719 1162 886 1210 damni
911 1170 958 1210 et
989 1177 1152 1225 poena
1186 1178 1361 1210 sensus
1395 1171 1628 1225 tanquam
1662 1162 1865 1224 privatio

104 1249 155 1291 et
177 1250 314 1291 actus
337 1243 612 1292 immanens
637 1244 711 1292 vel
735 1245 940 1307 qualitas
965 1245 1184 1307 positiva.
1257 1244 1321 1292 Et
1346 1260 1407 1293 ex
1432 1245 1534 1292 istis
1567 1244 1865 1307 quandoque

105 1322 243 1373 intuli
266 1324 608 1374 conclusiones
634 1325 807 1388 dignas
831 1327 1082 1375 memoria.

178 1403 370 1465 Prima,
396 1406 532 1470 quod
555 1408 605 1455 in
635 1407 877 1456 damnatis
907 1422 1071 1471 poena
1107 1408 1272 1456 damni
1308 1416 1382 1456 est
1404 1408 1645 1457 infinitum
1681 1411 1872 1474 gravior

105 1501 268 1549 poena
285 1502 470 1547 sensuS,
491 1489 605 1551 quia
629 1505 742 1538 curn
767 1490 1225 1552 quantumcunque⁵
1242 1491 1375 1553 gravi
1399 1505 1562 1552 poena
1587 1507 1757 1540 sensus
1778 1500 1870 1540 stat

103 1569 367 1628 beatitudo,
387 1578 439 1618 ut
463 1579 596 1634 patet
616 1571 677 1619 de
696 1570 919 1631 Christo;
958 1571 1045 1620 sed
1064 1586 1254 1633 poenae
1274 1571 1440 1618 damni
1459 1581 1700 1634 repugnat
1718 1573 1871 1620 beati-

103 1650 224 1700 tudo
258 1650 536 1701 formaliter.
607 1652 729 1701 Ideo
760 1669 874 1701 cum
905 1653 1147 1700 infinitum
1180 1668 1412 1715 magnam
1445 1668 1660 1715 poenam
1694 1669 1869 1702 sensus

104 1739 268 1795 potest
320 1732 474 1784 bomo
531 1735 658 1798 juste
700 1734 898 1783 sufferre
946 1734 1008 1783 ad
1054 1735 1390 1782 evacuandum
1438 1735 1528 1782 sibi
1577 1744 1863 1798 perpetuam

16 1873 22 1877 ,
104 1827 321 1877 poenam
343 1813 526 1874 damni,
549 1815 736 1864 videtur
768 1816 1092 1874 manifestum,
1117 1817 1251 1878 quod
1282 1831 1444 1878 poena
1477 1817 1643 1864 damni
1678 1818 1736 1865 sit
1761 1817 1870 1865 infi-

106 1896 264 1946 nitum
281 1896 475 1961 gravior
492 1911 656 1960 poena
674 1913 872 1957 sensus;
911 1913 1025 1946 cum
1044 1898 1176 1945 enim
1194 1897 1329 1945 illae⁶
1348 1913 1538 1960 poenae
1559 1898 1655 1946 sint
1672 1899 1873 1946 rationis

105 1984 207 2029 tam
230 1971 439 2044 disparis
464 1979 601 2041 quod
635 1994 739 2028 non
763 1987 993 2042 poterunt
1030 1980 1289 2042 coaequari
1326 1980 1389 2028 ad
1423 1980 1646 2039 invicem,
1672 1995 1775 2027 non
1800 1995 1872 2028 se-

105 2059 280 2123 quitur,
310 2060 358 2110 'si
391 2075 492 2109 una
526 2061 584 2109 sit
617 2061 861 2110 infinitum
895 2062 1088 2124 gravior
1123 2076 1271 2124 quam
1307 2061 1502 2124 reliqua,
1541 2062 1677 2124 quod
1712 2076 1876 2125 poena

103 2142 297 2207 gravior
318 2141 379 2191 sit
400 2142 642 2192 infinitum
676 2145 850 2207 gravis,
921 2143 1029 2191 Nec
1054 2151 1128 2191 est
1162 2143 1434 2206 putandum
1467 2144 1603 2206 quod
1627 2145 1874 2207 quantitas

104 2223 350 2288 gravitatis
373 2239 565 2288 poenae
598 2225 765 2274 damni
790 2226 974 2275 attendi
1008 2226 1151 2274 debet
1185 2225 1464 2288 simpliciter
1496 2241 1649 2288 penes
1679 2227 1870 2289 quanti·

104 2313 256 2359 tatem
279 2307 531 2356 commodi
554 2307 690 2371 quod
725 2323 828 2357 non
851 2307 998 2356 habet
1033 2309 1102 2356 sic
1138 2308 1348 2370 punitus,
1376 2308 1490 2370 quia
1526 2309 1594 2357 sic
1630 2308 1874 2356 infinitum

105 2388 266 2453 gravis
289 2387 414 2436 foret
437 2389 680 2452 quaelibet
703 2405 867 2452 poena
892 2390 1072 2438 damni.
1144 2389 1308 2437 Nemo
1329 2390 1460 2437 enirn
1484 2389 1632 2437 habet
1656 2405 1872 2452 poenam

105 2469 274 2522 damni
297 2470 392 2518 nisi
414 2470 491 2519 ille
523 2471 608 2534 qui
641 2487 743 2520 non
781 2471 928 2520 habet
960 2473 1061 2520 imo
1095 2472 1178 2535 qui
1212 2480 1342 2520 caret
1375 2471 1642 2519 commodo
1668 2471 1872 2519 infinito,

106 2551 231 2604 Ideo
273 2551 315 2600 si
354 2567 510 2615 penes
552 2554 872 2616 quantitatem
913 2553 1020 2602 talis
1062 2553 1447 2602 non-habitionis
1489 2553 1589 2600 sive
1632 2553 1873 2600 carentiae

105 2633 367 2686 attenditur
401 2634 609 2697 gravitas
643 2649 835 2697 poenae
872 2634 1052 2692 damni,
1079 2635 1211 2682 nulla
1246 2635 1352 2683 talis
1381 2649 1545 2697 poena
1568 2633 1691 2682 foret
1715 2634 1873 2696 major

107 2729 258 2780 quam
274 2715 473 2779 reliqua,
498 2716 584 2765 sed
608 2715 731 2764 foret
756 2717 998 2779 quaelibet
1022 2717 1223 2764 infinita.
1294 2715 1415 2763 Ideo
1442 2715 1555 2774 dixi,
1581 2715 1778 2778 quando
1806 2715 1874 2762 fui

101 2797 282 2863 junior,
318 2798 455 2862 quod
489 2799 731 2862 quantitas
766 2813 957 2861 poenae
994 2798 1162 2846 damni
1198 2797 1459 2845 attenditur
1491 2811 1646 2860 penes
1681 2796 1874 2859 quanti-

106 2884 257 2928 tatem
281 2880 547 2938 commodi,
571 2879 705 2943 quod
730 2879 989 2928 damnatus
1013 2880 1226 2937 haberet,
1248 2880 1287 2926 si
1312 2879 1519 2942 ipsemet
1543 2893 1645 2926 non
1669 2886 1874 2941 poneret
1943 2878 1949 2884 ‘

108 2961 304 3011 obicem
338 2962 390 3010 in
423 2961 693 3025 peccando,
766 2961 866 3010 Sed
889 2962 1040 3010 modo
1066 2969 1267 3025 apparet
1291 2960 1409 3008 mihi
1433 2959 1559 3007 istud
1591 2959 1873 3022 inbrigabile

107 3050 308 3109 propter
347 3043 525 3093 multa:
578 3044 738 3107 primo
781 3044 894 3107 quia
934 3043 1195 3107 positivum
1237 3050 1285 3091 et
1325 3042 1610 3106 privativum
1657 3056 1759 3089 non
1804 3041 1874 3089 sic

108 3132 338 3189 poterunt
371 3126 646 3190 coaequari,
679 3126 899 3175 secundo
933 3126 1060 3190 quia,
1095 3124 1235 3173 cum⁷
1268 3124 1437 3173 omnia
1471 3138 1596 3186 quae
1633 3122 1873 3182 evenient,

165 3282 182 3309 ²
208 3282 253 3324 in
278 3281 712 3336 inferno—puniendi]
744 3297 828 3324 om.
858 3283 922 3330 Β.
952 3284 1006 3323 A.
1038 3283 1196 3337 primae
1228 3295 1398 3329 manus;
1439 3282 1674 3335 generalem
1702 3279 1875 3321 modum

111 3337 500 3456 -fflosciturmn
466 3338 541 3385 C;
571 3338 807 3416 generalem
826 3338 1357 3391 modum—cognoscimus,
1378 3336 1442 3377 cd.
1463 3349 1525 3389 pr.
1718 3334 1875 3429 ²‹111130d

109 3444 265 3498 judicio
283 3450 346 3486 est
298 3391 655 3492 ummilictumB’I').
672 3392 874 3433 infimum
911 3393 1146 3487 dffugffiltligd
1166 3393 1380 3498 deimxfflm]
1403 3388 1791 3523 ἓὲἓῗὸἓῗΒξέεἴὲᾶ.
1811 3402 1875 3498 p?

113 3499 129 3523 ⁴
155 3513 207 3541 ex
225 3500 405 3541 carentia
422 3501 543 3552 boni]
564 3501 664 3541 boni
684 3505 726 3541 et
745 3496 937 3547 carentia,
958 3500 1071 3553 ed.p
1450 3497 1873 3552 ⁵quantumcunque]

113 3565 223 3649 quaned
199 3558 440 3662 piamque,
461 3555 514 3596 A.
518 3555 566 3595 B.
569 3555 618 3596 C.
639 3554 703 3596 ed.
724 3568 785 3608 pr.
942 3514 1104 3608 ‘illape]
1122 3554 1273 3601 nullae,
1294 3555 1357 3595 ed.
1379 3567 1441 3607 pr.
1605 3552 1620 3577 ⁷
1649 3552 1766 3606 cum]
1788 3565 1874 3594 om.

183 3691 483 3727 TRIALOGUS.
977 3694 1009 3725 U
