2424 4120
379 456 486 509 430

309 2053 402 2081 porro
417 2046 501 2074 varia

310 2081 444 2108 facinora
456 2088 536 2108 com-

310 2115 441 2143 mittunt.

1061 437 1489 502 JOANNIS
1547 437 1911 518 WICLIF.
2223 457 2352 493 cans

617 574 873 635 religiones
913 571 1034 620 tales
1074 571 1247 620 vanas¹
1287 572 1536 620 dimittere.
1607 571 2084 635 Quomodocunque,
2120 574 2357 636 inquiunt,

618 655 723 702 talis
746 654 955 715 loquitur
978 652 1029 699 in
1061 653 1151 701 ista
1182 653 1392 710 materia,
1419 668 1532 701 cum
1563 661 1663 700 tam
1694 653 1900 701 honesta
1932 661 1979 702 et
2009 662 2110 723 tam
2139 654 2268 702 utilis
2301 654 2360 703 sit

618 742 783 782 nostra
823 735 1142 792 observantia,
1185 733 1418 782 debemus
1461 735 1619 796 ipsam
1667 734 1896 782 omnino²
1936 735 2258 794 conservare³,
2299 742 2362 794 et,

619 816 764 863 sicut4
787 823 947 877 patres
971 815 1271 863 instituerunt
1280 814 1311 874 ⁵,
1337 830 1426 878 pro
1453 815 1734 862 defensione
1756 815 1875 877 legis
1899 803 2275 880 Domini'usque
2299 816 2364 864 ad

618 906 826 944 mortem
875 897 1132 958 praecipue
1174 897 1330 958 ipsam
1372 896 1645 944 defendere.
1723 895 2027 955 Recolerent,
2070 897 2205 960 quod
2241 898 2363 947 sicut

617 977 930 1039 Augustinus,
956 976 1263 1035 BenedictuS,
1289 977 1577 1025 Dominicus
1602 973 1676 1024 et⁶
1700 976 1983 1026 Franciscus
2007 993 2058 1026 se
2089 978 2270 1027 habent
2300 979 2364 1027 ad

619 1057 877 1115 Christum,
899 1058 966 1106 sic
990 1058 1156 1120 regula
1181 1060 1277 1106 sive
1296 1059 1464 1120 religio
1490 1073 1541 1105 se
1560 1057 1707 1106 habet
1731 1058 1794 1105 ad
1816 1058 2033 1120 regulam
2050 1058 2124 1107 vel
2141 1059 2363 1108 ordinem

619 1138 960 1196 Christianum,
984 1154 1097 1187 cum
1116 1140 1236 1187 tales
1257 1140 1542 1187 adinventae
1560 1138 1753 1200 regulae
1777 1139 1936 1186 multis
1960 1147 2138 1188 nocent
2151 1156 2165 1199 ;
2199 1148 2365 1188 tamen

616 1220 861 1268 luciferine
887 1228 1206 1282 praesumunt
1229 1220 1418 1282 regulas
1449 1219 1740 1267 universales
1772 1219 1959 1267 tradere
1982 1221 2363 1284 quibuscunque,

619 1316 742 1364 quos
788 1301 983 1349 ordines
1028 1301 1093 1348 illi
1137 1301 1371 1348 voluerint
1418 1299 1706 1362 decipiendo
1753 1299 1994 1359 inducere,
2043 1316 2155 1350 cum
2199 1310 2364 1351 tamen

619 1382 796 1429 debent
827 1382 963 1439 scire,
989 1382 1124 1444 quod
1158 1382 1438 1429 universalis
1464 1381 1708 1429 Dominus
1741 1396 1883 1444 super
1913 1381 2018 1430 illos
2050 1384 2197 1432 variat
2229 1399 2365 1432 com-

617 1463 868 1526 plexiones
914 1471 1095 1511 aetates
1153 1471 1199 1510 et
1245 1470 1480 1525 tempora,
1530 1462 1800 1510 secundum
1855 1478 2003 1525 quam
2053 1465 2365 1513 variationem

618 1545 864 1606 expediret
887 1559 1017 1592 nunc
1043 1545 1111 1592 sic
1137 1552 1183 1592 et
1207 1559 1338 1591 nunc
1364 1544 1496 1591 aliter
1524 1544 1725 1591 militare
1743 1560 1757 1603 ;
1805 1544 1972 1606 regula
2003 1553 2164 1593 autem
2190 1545 2366 1596 Christi

619 1641 719 1672 non
759 1626 826 1673 sic
869 1626 1050 1687 obligat
1092 1640 1412 1688 quoscunque
1455 1626 1516 1672 ad
1554 1624 1881 1672 indifferenter
1922 1640 2012 1687 pro
2053 1625 2164 1674 loco
2210 1635 2365 1676 aetate

619 1707 987 1769 complexione⁷
1015 1715 1063 1755 et
1096 1715 1318 1769 tempore
1350 1706 1668 1755 militandum.
1738 1705 1859 1754 Ideo
1894 1707 2015 1754 sicut
2046 1708 2212 1769 regula
2243 1710 2366 1772 sapit

618 1789 1067 1850 praesumptionem
1103 1787 1454 1850 blasphemiam
1487 1795 1534 1835 et
1567 1788 1890 1849 arrogantiam
1923 1803 2067 1850 supra
2089 1788 2266 1848 Deum,
2297 1790 2366 1838 sic

618 1869 829 1931 religiosi
863 1870 1027 1916 talium
1061 1870 1287 1917 ordinum
1320 1885 1406 1932 per
1438 1868 1755 1931 hypocrisim⁸
1788 1868 2084 1918 defensionis
2116 1885 2230 1920 suae
2258 1871 2365 1919 reli-

619 1951 778 2012 gionis
803 1951 1018 1998 novellae
1043 1958 1358 2012 praesumunt
1382 1965 1432 1998 se
1459 1949 1626 2012 supra⁹
1651 1950 1902 2012 apostolos
1927 1951 2149 2000 exaltare.

694 2030 850 2078 Tertio
874 2031 1032 2079 deficit
1057 2032 1146 2078 ista
1171 2030 1358 2078 novella
1382 2031 1549 2092 religio
1575 2032 2048 2092 possessionatorum
2071 2033 2366 2096 implicando

622 2127 673 2160 se
713 2112 1125 2170 inconvenientiis,
1148 2117 1149 2120 ’
1169 2127 1293 2174 quae
1335 2111 1398 2159 ad
1439 2112 1761 2159 deviationem
1796 2121 2159 2175 praesumptam
2194 2129 2223 2162 a
2257 2114 2366 2177 lege

621 2192 822 2240 Domini
848 2194 1199 2241 constituuntur
1207 2192 1256 2241 ¹⁰.
1327 2191 1404 2239 Ex
1428 2192 1507 2239 illa
1539 2192 1735 2255 quidem
1766 2193 1977 2241 novitate
2001 2203 2251 2244 assumunt
2275 2196 2366 2244 sibi

622 2277 959 2339 possessiones
995 2277 1336 2339 temporalium
1370 2276 1493 2324 ultra
1528 2291 1676 2338 quam
1711 2292 1772 2325 ex
1807 2276 1914 2339 lege
1946 2276 2041 2326 Dei
2075 2278 2134 2326 sit
2168 2277 2366 2335 licitum,

621 2357 972 2406 introducunt¹¹
999 2358 1143 2405 etiam
1175 2372 1352 2419 pueros
1385 2357 1709 2405 fraudulenter
1738 2357 1789 2405 in
1822 2373 1963 2405 suum
1993 2358 2215 2407 ordinem
2245 2357 2367 2406 ultra

623 2454 770 2501 quam
805 2440 973 2486 caritas
1008 2439 1215 2500 proximi
1241 2453 1293 2486 se
1329 2437 1556 2496 extendit,
1583 2445 1631 2485 et
1667 2438 1734 2486 sic
1769 2438 1975 2487 furando
2010 2447 2110 2487 tam
2143 2439 2367 2488 homines

623 2534 769 2582 quam
805 2519 1089 2582 temporalia
1124 2519 1510 2581 praevaricantur
1545 2518 1865 2581 multipliciter
1901 2526 2068 2568 contra
2103 2519 2367 2569 secundam

621 2600 859 2648 tabulam:
896 2615 998 2647 non
1022 2600 1152 2649 enim
1176 2599 1419 2647 honorant
1435 2607 1488 2647 ut
1507 2600 1574 2647 sic
1583 2598 1620 2625 ¹²
1638 2608 1856 2648 sanctam
1874 2608 2077 2648 matrem
2095 2601 2366 2664 ecclesiam,

623 2682 708 2729 sed
753 2681 1022 2729 occidunt¹⁸
1071 2681 1247 2728 multos
1304 2680 1617 2742 spiritualiter,
1659 2680 2021 2729 moechantur¹⁴
2067 2681 2368 2745 spiritualiter

623 2777 736 2811 cum
782 2762 1057 2811 adulterinis
1103 2761 1293 2824 regulis,
1341 2760 1558 2809 furantur
1566 2761 1602 2787 ¹⁵
1649 2762 1934 2824 temporalia
1978 2762 2210 2811 ecclesiae
2251 2778 2363 2811 cum

622 2843 788 2891 fraude
829 2843 1109 2906 hypocrisis,
1153 2851 1199 2890 et
1240 2842 1516 2890 testantur¹⁰
1557 2850 1724 2890 contra
1764 2843 2016 2891 ecclesiam
2063 2843 2366 2893 simulatione

623 2923 876 2972 falsissima
889 2939 976 2986 per
995 2924 1135 2986 signa
1153 2939 1240 2971 sua
1258 2923 1487 2970 fallaciter
1505 2923 1710 2985 palliata,
1727 2931 1774 2971 et
1793 2924 1860 2975 sic
1879 2924 2148 2972 inordinate
2167 2925 2367 2988 cupiunt

624 3013 767 3068 atque
793 3004 1112 3053 desiderant1⁷
1135 3005 1266 3051 bona
1290 3003 1498 3066 proximi
1522 3011 1570 3051 et
1593 3003 1824 3052 familiam
1848 3019 1986 3053 suam
2018 3006 2186 3054 vivam.
2259 3005 2367 3055 Nec

677 3134 692 3158 1
720 3133 863 3185 vanas]
885 3135 1028 3178 bonas,
1048 3133 1097 3174 C.
1288 3131 1304 3154 2
1332 3132 1522 3184 omnino]
1544 3132 1792 3179 omnimode,
1812 3133 1867 3172 A.
2061 3133 2076 3157 ⁸
2103 3135 2365 3188 conservare]

623 3187 927 3232 deconservare,
948 3187 997 3227 C.
1161 3184 1177 3208 ⁴
1204 3186 1327 3237 sicut]
1349 3186 1419 3231 sic,
1441 3186 1490 3225 C.
1623 3186 1639 3209 ⁵
1666 3186 1947 3240 instituerunt]
1966 3187 2213 3235 institerunt,
2231 3189 2364 3230 a.b.C.

622 3241 638 3264 ⁶
667 3241 728 3293 et]
750 3254 832 3281 om.
853 3241 986 3281 a.b.C.
1177 3239 1193 3262 ⁷
1221 3245 1366 3286 aetate,
1386 3239 1688 3292 complexione]
1709 3254 1791 3281 om.
1813 3241 1861 3282 C.
2053 3242 2068 3265 ⁸
2094 3242 2364 3295 hypocrisim]

624 3295 942 3347 impositionem,
963 3295 1012 3334 C.
1255 3294 1271 3317 ⁹
1299 3293 1440 3346 supra]
1463 3306 1597 3345 super,
1617 3295 1749 3334 a.b.C.
1987 3295 2018 3320 ¹⁰
2045 3296 2366 3349 constituuntur]

626 3354 927 3394 construuntur,
947 3349 1026 3388 a.b.
1306 3348 1335 3371 11
1364 3348 1647 3400 introducunt]
1669 3348 1773 3400 conj.
1794 3349 2034 3396 Introducit,
2054 3351 2209 3395 A.a.b.;
2239 3350 2367 3391 intro-

625 3402 751 3448 duxit,
773 3403 822 3442 C.
1109 3400 1139 3425 12
1165 3406 1212 3440 ut
1232 3401 1310 3453 sic]
1332 3414 1414 3441 om.
1435 3402 1483 3441 C.
1757 3402 1787 3426 ¹⁸
1814 3402 2025 3455 occidunt]
2047 3403 2209 3450 occidit,
2229 3404 2365 3444 A.a.b.

625 3454 656 3479 ¹4
683 3455 967 3508 moechantur]
988 3455 1238 3502 moechatur,
1258 3456 1362 3501 a.b.;
1392 3455 1662 3495 moechantur
1680 3455 1952 3508 spiritualiter,
1973 3469 2054 3497 om.
2074 3457 2128 3497 A.
2249 3457 2280 3482 ¹⁵
2307 3457 2368 3498 fu-

626 3510 783 3560 rantur]
805 3510 972 3555 furatur,
991 3510 1070 3549 a.b.
1309 3509 1340 3533 ¹⁶
1367 3509 1584 3560 testantur]
1605 3514 1788 3555 testatur,
1808 3510 1943 3550 A.a.b.
2142 3509 2172 3536 ¹⁷
2199 3511 2367 3562 cupiunt

627 3568 747 3614 atque
764 3562 1014 3615 desiderant]
1036 3563 1148 3616 cupit
1168 3567 1290 3615 atque
1309 3562 1522 3609 desiderat,
1544 3563 1601 3603 sic
1619 3576 1745 3603 omnes
1762 3563 1855 3603 libri
1875 3563 1993 3605 MSS.
