2456 4088
133 501 286 534 cum.
427 539 433 541 -
743 477 1309 543 TRIALOGUS.

132 613 288 663 homo
320 613 641 678 indisponitur
675 614 738 664 ad
773 615 1118 664 tentationibus
1153 616 1490 674 resistendum,
1516 623 1564 665 et
1600 617 1651 665 fit
1686 616 1888 680 pronior

133 695 200 746 ad
243 697 455 760 peccatis
497 698 737 760 suggestis
778 697 852 745 vel
892 698 1154 761 propositis
1190 697 1529 746 innuendum¹.
1603 698 1712 746 Fuit
1753 698 1886 746 enim

129 777 283 828 homo
306 778 358 826 in
381 778 607 841 paradiso
631 779 819 842 positus
850 778 1064 828 habens²
1096 779 1465 842 dispositionem
1498 781 1716 843 corporis
1748 788 1886 827 natu-

130 860 296 919 ralem,
323 861 594 909 secundum
627 876 775 924 quam
800 869 974 923 -posset
996 870 1232 924 perpetuo
1257 862 1360 910 sine
1385 862 1698 911 intercidente
1730 870 1886 910 morte

129 941 316 1001 durare,
351 951 400 991 et
434 941 610 990 viando
648 942 699 990 in
740 942 966 1005 paradiso
1002 958 1090 1005 per
1125 950 1318 1006 tempus
1360 944 1575 993 notabile
1614 944 1738 992 foret
1781 944 1886 991 sine

129 1030 286 1071 morte
317 1023 392 1071 vel
422 1039 586 1086 poena
617 1024 680 1072 ad
713 1023 941 1073 coelestia
972 1024 1342 1086 quodammodo
1375 1026 1622 1084 exaltatuS,
1649 1034 1886 1088 perpetuo

130 1113 178 1154 et
217 1105 361 1169 plene
402 1105 753 1154 beatificandus
795 1107 845 1153 in
886 1106 1056 1169 patria.
1138 1106 1201 1154 Et
1243 1122 1354 1155 cum
1396 1115 1544 1156 status
1585 1107 1797 1155 hominis
1838 1107 1888 1154 in

126 1187 356 1252 paradiso
379 1188 525 1251 positi
550 1188 621 1246 sit,
642 1202 741 1250 quo
766 1186 828 1236 ad
852 1188 1167 1236 substantiam
1193 1204 1346 1247 suam,
1368 1197 1517 1237 status
1537 1190 1587 1237 in
1611 1204 1710 1252 quo
1734 1189 1887 1236 homo

126 1269 254 1318 mori
293 1270 482 1333 poterit,
526 1277 574 1318 et
612 1269 778 1317 habito
821 1270 956 1317 bono
998 1270 1232 1332 regimine
1276 1272 1495 1333 corporis
1537 1287 1598 1318 ex
1641 1269 1888 1318 influentia

128 1351 335 1410 animae,
360 1366 556 1414 semper
588 1358 755 1414 posset
792 1366 894 1398 non
919 1352 1057 1410 mori,
1084 1367 1286 1400 necesse
1320 1351 1406 1400 fuit
1432 1352 1566 1415 quod
1603 1353 1765 1400 anima
1801 1366 1888 1399 sua

127 1429 410 1482 recedente³
446 1449 475 1481 a
509 1432 622 1482 Deo
657 1448 744 1496 per
779 1440 1050 1495 peccatum,
1090 1442 1137 1481 et
1172 1449 1259 1496 per
1289 1449 1599 1496 consequens
1635 1434 1887 1482 deficiente

127 1514 223 1564 Dei
256 1514 532 1564 influentia⁴
555 1529 655 1579 quo
691 1514 755 1563 ad
790 1514 1019 1573 animam,
1046 1514 1237 1563 deficiat
1273 1516 1377 1578 ejus
1411 1515 1660 1564 influentia
1695 1531 1794 1578 quo
1825 1515 1885 1563 ad

126 1611 320 1661 corpus·
389 1596 584 1646 Etcum
607 1597 759 1645 homo
785 1596 972 1659 positus
996 1596 1081 1644 fuit
1106 1597 1156 1645 in
1180 1598 1408 1660 paradiso
1429 1598 1480 1645 in
1505 1598 1709 1646 minimo
1733 1597 1888 1660 gradu

126 1679 460 1743 proportionis
493 1679 544 1727 in
577 1678 703 1743 quo⁵
726 1678 850 1727 vitae
884 1679 1178 1740 perpetuitas
1211 1688 1379 1741 posset
1408 1687 1547 1737 stare,
1575 1694 1777 1727 necesse
1802 1678 1888 1726 fuit

126 1762 289 1811 statim
323 1761 693 1824 proportionem
727 1759 858 1808 illam
893 1758 1099 1807 deficere
1136 1768 1183 1808 et
1221 1760 1472 1808 hominem
1509 1761 1784 1808 necessitari
1825 1760 1888 1808 ad

124 1851 335 1891 mortem
358 1850 406 1891 et
428 1858 615 1907 poenas
649 1841 867 1904 corporis
898 1841 1222 1890 subeundum.
1294 1841 1358 1890 Et
1390 1842 1542 1890 homo
1578 1849 1630 1889 ut
1654 1842 1740 1890 fuit
1773 1857 1887 1904 pro-

125 1925 354 1989 pinquior
376 1940 494 1974 suae
527 1923 812 1987 perfectioni
849 1923 1139 1986 primaevae,
1167 1923 1255 1971 fuit
1287 1924 1569 1987 longaevior
1593 1925 1643 1970 in
1668 1938 1887 1986 corpore,

124 2005 198 2054 et⁰
239 2005 420 2065 fortior,
462 2005 720 2069 pulchrior,
763 2014 812 2055 et
853 2004 1126 2064 decentior3
1182 2012 1229 2052 et
1276 2004 1325 2051 in
1373 2018 1608 2066 processu
1655 2005 1888 2067 temporis

124 2086 500 2150 multiplicantur
546 2102 821 2146 aerumnae,
867 2102 989 2151 quas
1045 2086 1359 2134 necessitatus
1416 2093 1489 2133 est
1534 2085 1687 2133 homo
1735 2086 1888 2134 modo

124 2169 300 2227 subire,
324 2177 378 2217 ut
401 2176 698 2217 contestatur
721 2169 843 2217 fides
868 2169 1169 2231 scripturaes
1214 2166 1473 2215 Pulchrum
1502 2166 1699 2229 quidem
1724 2175 1809 2225 est,
1836 2175 1888 2214 ut

124 2249 247 2299 fides
269 2250 499 2299 historiae
524 2250 815 2314 scripturae⁷
848 2251 1105 2299 conveniat
1137 2245 1377 2311 undique⁸
1402 2248 1591 2307 rationi,
1617 2256 1664 2296 et
1687 2249 1886 2296 homine

122 2332 284 2381 luente
332 2331 526 2395 culpam
568 2332 831 2403 propriam,
881 2331 1119 2380 ordinatio
1160 2330 1255 2378 Dei
1302 2337 1550 2378 remaneat
1596 2331 1885 2379 omnimodo

123 2413 383 2478 inculpata.
450 2412 515 2461 Et
550 2421 683 2477 patet
719 2429 866 2462 causa
901 2413 1287 2462 necessitationis
1322 2411 1535 2460 hominis
1572 2412 1635 2459 ad
1659 2420 1882 2471 mortem,

121 2503 170 2545 et
194 2494 448 2559 quomodo
482 2509 628 2543 causa
659 2495 781 2543 illius
816 2496 986 2543 mortis
1019 2503 1067 2542 et
1100 2493 1315 2542 defectus
1349 2495 1566 2556 corporis
1598 2494 1798 2541 humani
1823 2510 1882 2542 ex

123 2586 328 2642 peccato
364 2577 588 2636 exoritur,
626 2593 728 2625 non
767 2593 829 2625 ex
865 2576 991 2625 Deo.
1062 2576 1125 2623 Et
1163 2577 1232 2624 sic
1268 2575 1389 2623 fides
1425 2576 1686 2638 scripturae
1729 2576 1881 2638 quad-

122 2658 318 2724 ruplex⁹
342 2666 507 2707 manet
537 2658 681 2725 plene
713 2658 1030 2720 inculpabilis,
1064 2666 1111 2705 et
1144 2658 1305 2705 omnis
1338 2672 1500 2719 poena
1533 2657 1788 2704 exoritur¹⁰
1820 2673 1880 2705 ex

121 2749 328 2807 peccato
351 2741 588 2804 *primario
621 2747 668 2788 et
692 2755 753 2788 ex
787 2740 890 2787 aliis
923 2739 1135 2802 peccatis
1166 2739 1513 2801 posterioribus
1546 2754 1735 2800 poenae
1761 2739 1879 2787 aliae

2022 497 2120 535 211

1945 703 2049 731 Status
2064 703 2195 732 hominis

1944 737 1975 764 in
1990 738 2134 778 paradiso

1944 778 2047 806 posm.

123 2830 496 2886 consequentes.
555 2821 692 2870 Deus
717 2830 878 2869 autem
903 2835 1155 2882 nunquam
1180 2819 1352 2882 infligit
1377 2834 1590 2881 poenam
1615 2820 1689 2867 vel
1713 2829 1879 2882 posset
1929 2828 1935 2833 ‘

121 2904 355 2969 infligere,
381 2903 475 2952 nisi
496 2910 698 2966 peccata
721 2901 1056 2950 antecedentia
1081 2902 1175 2949 sint
1199 2901 1249 2947 in
1275 2915 1433 2948 causa.
1482 2957 1487 2963 ³

189 2986 415 3035 Pseustzlr.
485 2983 640 3032 Miror
674 2982 926 3047 quomodo
965 2997 1068 3030 non
1109 2981 1350 3030 erubescis
1393 2989 1576 3029 tantam
1619 2981 1878 3044 scripturae

121 3084 289 3120 sacrae
313 3066 603 3117 evidentiam
627 3065 872 3125 colorare;
910 3079 1012 3112 non
1036 3065 1167 3111 enirn
1192 3071 1265 3111 est
1299 3078 1446 3112 causa
1478 3063 1606 3126 prior
1631 3063 1879 3126 signabilis

123 3151 185 3201 de
209 3150 405 3200 veritate
437 3146 713 3198 historica¹¹
737 3161 861 3211 quae
886 3147 1057 3203 evenit,
1083 3153 1135 3193 ut
1167 3145 1274 3208 quis
1306 3153 1466 3207 potest
1499 3144 1558 3193 de
1591 3145 1717 3192 bello
1752 3144 1878 3193 Tro-

181 3311 193 3334 ¹
222 3306 496 3360 innuendum]
518 3304 841 3352 immanendum,
863 3304 935 3350 B.;
967 3302 1243 3348 annuendum,
1263 3302 1327 3342 ed.
1348 3315 1410 3355 pr.
1657 3301 1673 3324 ²
1700 3301 1875 3355 habens]

124 3363 294 3408 habent,
313 3361 377 3403 ed.
397 3374 459 3415 pr.
583 3362 599 3384 ³
630 3359 861 3412 recedente]
883 3358 1088 3403 recedens,
1109 3358 1172 3398 ed.
1193 3370 1253 3409 pr.
1462 3356 1477 3378 ⁴
1504 3356 1734 3409 influentia]
1757 3356 1878 3409 plena

125 3417 351 3463 influentia,
371 3415 529 3457 A.B.C.
551 3415 613 3456 ed.
635 3428 696 3467 pr.
861 3414 876 3437 ⁵
905 3413 948 3452 in
967 3413 1068 3465 quo]
1092 3412 1134 3451 in
1154 3425 1246 3464 qua,
1268 3412 1316 3451 C.
1338 3411 1400 3450 ed.
1422 3423 1483 3463 pr.
1667 3410 1684 3434 ⁶
1712 3410 1772 3463 et]
1795 3424 1877 3452 om.

125 3472 191 3513 ed.
211 3485 274 3526 pr.
449 3469 465 3492 ⁷
495 3468 596 3510 fides
614 3468 810 3509 historiae
830 3468 1054 3520 scripturae
1073 3465 1309 3517 conveniat]
1333 3464 1432 3504 fides
1451 3464 1666 3504 conveniat
1685 3465 1879 3506 historiae

125 3525 362 3580 scripturae,
397 3524 554 3564 A.B.C.
585 3523 648 3564 ed.
680 3536 741 3576 pr.
852 3522 868 3546 ⁸
895 3521 1092 3574 undique]
1115 3532 1347 3571 verumque,
1371 3519 1524 3559 A.B.C.
1546 3519 1701 3571 primae
1720 3533 1877 3561 manus.

125 3574 143 3604 ⁶
171 3577 442 3633 quadruplex]
465 3577 796 3631 quadrupliciter,
813 3577 862 3617 C.
883 3576 946 3616 ed.
968 3589 1029 3628 pr.
1142 3575 1171 3598 ¹⁰
1199 3573 1395 3626 exoritur]
1415 3573 1555 3618 oritur,
1575 3573 1627 3613 A.
1740 3573 1768 3598 ¹¹
1798 3575 1878 3615 his-

130 3633 284 3687 toxica]
305 3632 400 3674 libri
419 3645 545 3673 manu
565 3632 719 3685 scripti,
738 3632 959 3682 hystoriam,
979 3630 1193 3669 historiaca.

967 3714 1046 3747 1³2

1940 2988 2089 3023 Argutiae
2124 2997 2170 3016 ro·

1936 3022 2075 3050 feruntur
2111 3031 2129 3050 e

1937 3056 2058 3090 peccati
2071 3056 2189 3091 origine

1937 3095 1968 3118 et
1981 3090 2179 3119 necessitate.
