2496 4108
38 482 45 489 ,
114 459 267 495 cmxv.
709 442 820 493 ‘TR
838 446 929 494 IA
953 447 999 494 L
1024 448 1068 497 O
1089 448 1135 498 G
1162 448 1279 499 US.
2003 469 2108 523 303

814 775 973 826 CAP.
1009 776 1174 827 XVII.

446 905 522 956 De
532 910 812 971 possessione
833 912 1151 972 temporalium
1175 910 1295 959 clero
1318 927 1534 960 concessa.

181 1033 407 1105 Pseustzs.
478 1036 617 1088 Licet
653 1039 776 1088 haec
813 1042 962 1089 verba
1003 1057 1149 1104 saepe
1191 1050 1361 1090 contra
1397 1051 1541 1105 caput
1578 1051 1715 1092 tuum
1753 1060 1867 1107 pro·
1926 1061 2118 1094 Argumenta

111 1119 288 1180 tuleris,
313 1118 498 1169 videtur
532 1129 698 1169 tamen
733 1121 868 1185 quod
891 1131 991 1171 tam
1026 1124 1148 1172 ratio
1184 1139 1332 1187 quam
1365 1133 1644 1173 sanctorum
1669 1127 1867 1174 canoni·
1923 1102 2171 1190 Ξὲῗξζξῖἐῇῡζω

110 1202 238 1252 satio
262 1211 372 1251 tuae
397 1204 662 1252 sententiae
696 1204 1045 1254 contradicunt.
1117 1205 1242 1265 Quis
1266 1206 1397 1254 enim
1430 1207 1616 1255 dubitat
1639 1209 1758 1271 quin
1789 1208 1866 1257 lex
1923 1196 2160 1269 ῧξιῗὲἒῖῗῦἓέἱή

111 1283 291 1334 Christi
313 1284 495 1333 nedum
518 1286 690 1335 tolerat
714 1286 802 1334 sed
833 1286 992 1349 exigit,
1018 1295 1071 1335 ut
1101 1287 1206 1350 ejus
1239 1303 1379 1336 servo
1411 1290 1675 1352 praecipuo
1708 1290 1867 1338 debite
1922 1264 2113 1332 3333?oe

110 1366 163 1415 in
209 1365 556 1430 temporalibus
596 1366 921 1417 ministretur?
991 1367 1127 1417 Deus
1169 1369 1300 1416 enim
1348 1370 1430 1432 qui
1472 1385 1574 1418 non
1618 1369 1777 1419 deficit
1817 1372 1868 1419 in

109 1450 377 1513 majoribus
410 1458 467 1499 ut
487 1451 632 1499 bonis
667 1452 848 1514 gratiae
872 1459 936 1499 et·
955 1460 1170 1509 naturae,
1194 1466 1296 1499 non
1333 1450 1494 1500 deficit
1518 1454 1666 1502 servis
1696 1454 1794 1502 suis
1817 1454 1868 1501 in

109 1530 364 1591 minimis¹‚
405 1531 680 1595 cujusmodi
723 1541 835 1581 sunt
871 1534 1005 1581 bona
1043 1530 1278 1581 fortunae.
1355 1533 1580 1582 Similiter
1621 1532 1732 1583 licet
1773 1535 1869 1584 evi-

109 1613 303 1663 dentiae
339 1622 451 1663 tuae
486 1615 672 1674 tollant,
707 1616 843 1679 quod
878 1616 1121 1679 praelatus
1155 1617 1207 1663 in
1239 1617 1425 1665 clericis
1461 1633 1564 1665 non
1601 1619 1745 1666 debet
1779 1619 1870 1667 ista

109 1697 366 1760 requirere,
405 1697 493 1746 sed
535 1697 597 1746 de
637 1698 806 1760 paucis
847 1696 1195 1760 temporalibus
1238 1699 1523 1757 contentari,
1564 1707 1729 1748 tamen
1766 1715 1868 1748 non

109 1793 394 1841 praesumes
440 1793 670 1837 asserere,
713 1777 831 1842 quin
878 1779 988 1827 licet
1029 1779 1242 1827 dominis
1289 1781 1637 1842 temporalibus
1684 1781 1867 1829 clericis

108 1859 208 1909 suis
231 1859 368 1908 titulo
391 1860 716 1909 eleemosinae
749 1860 840 1909 ista
863 1859 991 1918 dare,
1019 1861 1132 1923 quia
1164 1861 1234 1909 sic
1267 1862 1574 1924 extingueres
1607 1863 1868 1925 quamlibet

106 1942 456 1992 eleemosinam
474 1942 790 2004 corporalem.
866 1941 1088 1990 Similiter
1112 1942 1270 1990 clerici
1295 1952 1501 2006 possunt
1520 1944 1867 2007 aliquantulum

106 2024 285 2073 habere
320 2023 442 2080 haec
477 2024 763 2086 temporalia
797 2031 844 2073 et
879 2025 994 2073 satis
1031 2040 1176 2088 parce
1211 2025 1381 2084 vivere,
1420 2041 1512 2074 nec
1549 2027 1667 2075 citra
1701 2028 1869 2076 omnia

104 2106 195 2155 erit
218 2113 368 2154 status
381 2121 395 2166 3
432 2120 551 2169 ergo
575 2114 779 2168 possunt
802 2105 979 2154 habere
1004 2106 1126 2155 haec
1151 2108 1436 2170 temporalia
1455 2108 1692 2157 servando
1717 2111 1867 2172 parsi-

107 2187 340 2246 moniam,
383 2186 505 2235 sicut
545 2186 763 2237 fecerunt
804 2187 1026 2250 apostoli.
1113 2187 1176 2236 Et
1219 2188 1288 2236 sic
1336 2189 1545 2237 creditur
1586 2188 1865 2238 Sz‘lvestrum

106 2267 280 2317 fecisse
314 2275 364 2316 et
399 2268 578 2316 multos
616 2268 749 2326 alios,
786 2283 911 2331 quos
949 2270 1246 2318 canonisavit
1281 2270 1499 2319 ecclesia.
1572 2271 1700 2320 Cum
1736 2274 1866 2320 enim

106 2349 227 2400 haec
250 2350 535 2413 temporalia
567 2351 660 2398 sint
692 2358 936 2399 creaturae
961 2350 1177 2400 divinae2
1200 2360 1248 2400 et
1274 2367 1365 2415 per
1397 2368 1704 2416 consequens
1729 2354 1866 2403 valde

107 2432 256 2491 bona,
280 2431 398 2495 quid
421 2440 567 2480 nocet
598 2432 778 2480 habere
808 2433 916 2495 ipsa
941 2447 1054 2481 cum
1078 2434 1223 2482 bonis
1255 2434 1495 2492 maximis,
1522 2450 1635 2483 eum
1659 2436 1865 2484 multum

107 2529 196 2578 per
219 2513 446 2562 accidens
468 2513 699 2577 prosunt⁸
722 2513 843 2562 illis?

173 2595 444 2644 Phroneszs.
514 2594 676 2643 Claret
716 2594 834 2642 mihi
874 2610 935 2642 ex
978 2595 1183 2657 decupla
1223 2596 1320 2644 fide
1359 2598 1622 2659 scripturae
1662 2600 1866 2662 allegata
1919 2612 2086 2643 diluuntur.

105 2677 341 2741 superiuS,
382 2691 531 2740 quam
572 2677 812 2725 credimus
853 2691 910 2724 os
951 2675 1155 2723 Domini
1195 2676 1412 2725 locutum
1458 2678 1622 2738 fuisse,
1666 2680 1865 2728 clericos

105 2767 301 2824 nostros
325 2766 374 2807 et
396 2758 664 2822 specialiter
699 2766 918 2820 tempore
951 2757 1071 2819 legis
1102 2759 1282 2820 gratiae
1316 2759 1493 2808 debere
1529 2762 1597 2808 sic
1622 2762 1792 2821 vivere,
1818 2771 1867 2811 et

101 2855 220 2890 cum
254 2839 475 2889 Christus
506 2839 642 2888 Deus
678 2847 726 2887 et
760 2839 911 2887 homo
947 2839 1077 2887 istud
1114 2841 1389 2903 praecipiat,
1428 2850 1559 2904 patet
1594 2843 1726 2906 quod
1764 2859 1865 2892 non
1933 2884 1938 2890 „

101 2921 260 2987 diligit
300 2921 574 2970 Dominum
613 2920 783 2985 Jesum
825 2919 1085 2979 Christum,
1128 2922 1211 2983 qui
1259 2923 1531 2971 notabiliter
1577 2924 1699 2973 haec
1747 2941 1865 2974 con-

104 3003 292 3062 temnit,
326 3011 375 3052 et
404 3018 492 3067 per
522 3018 828 3065 consequens
864 3003 1422 3052 excommunicationem
1452 3005 1864 3056 horribilissimam

103 3083 314 3147 incurrit,
351 3100 464 3132 cum
506 3085 755 3148 apostolus
797 3084 925 3132 dicat
965 3099 984 3130 1
1029 3083 1246 3133 Corinth.
1284 3086 1467 3144 ultimo,
1507 3091 1518 3112 ‘
1535 3088 1572 3135 si
1614 3089 1722 3150 quis
1763 3105 1865 3138 non

103 3174 234 3215 amat
264 3165 535 3215 Dominum
565 3166 735 3231 Jesum
760 3165 1020 3224 Christum,
1048 3167 1106 3215 sit
1139 3166 1424 3216 anathema.'
1494 3168 1558 3217 Et
1591 3185 1701 3218 cum
1735 3171 1865 3219 idem

103 3247 166 3295 sit
212 3262 374 3296 amare
416 3247 663 3297 Christum
705 3257 752 3296 et
795 3248 954 3311 legem
997 3263 1135 3296 suam
1176 3249 1393 3312 implere,
1436 3259 1568 3314 patet
1609 3252 1743 3315 quod
1790 3253 1866 3302 isti

101 3329 300 3394 praelati
325 3330 594 3394 specialiter
618 3331 687 3379 sic
712 3331 1050 3379 inobedientes
1074 3331 1167 3393 legi
1193 3331 1394 3381 Domini
1425 3333 1673 3381 incurrunt
1697 3331 1866 3397 grave⁴

101 3410 373 3460 anathema.
446 3410 547 3459 Ista
570 3419 733 3460 autem
758 3412 1203 3460 excommunicatio
1229 3429 1258 3461 a
1284 3413 1463 3476 Spiritu
1485 3414 1666 3463 Sancto
1687 3415 1866 3465 inflicta

155 3541 170 3565 ¹
198 3540 399 3594 minimis]
421 3541 611 3586 nummis,
631 3540 694 3580 ed.
717 3554 777 3593 pr.
910 3540 925 3563 ²
954 3547 1163 3581 creaturae
1184 3542 1366 3594 divinae]
1389 3549 1574 3583 creatura
1595 3543 1687 3590 Dei,
1711 3544 1864 3586 A.B.C·

101 3594 166 3635 ed.
188 3607 249 3648 pr.
413 3595 428 3618 ⁸
457 3595 649 3648 prosunt]
672 3595 844 3648 prosint,
866 3595 917 3634 A.
1085 3595 1098 3618 ⁴
1126 3596 1270 3648 grave]
1292 3597 1468 3649 gravius,
1490 3598 1552 3638 ed.
1576 3610 1636 3650 pr.
