2436 4094
147 434 280 471 m...
744 414 854 463 TR
877 413 967 463 [Α
990 415 1038 463 L
1062 415 1105 464 ο
1125 414 1173 464 G
1198 412 1317 464 υς.
1476 393 1479 397 ’
1730 435 1735 440 -
2043 399 2158 478 1511

148 548 317 613 hujus¹
341 548 475 617 dubii
497 549 750 613 requiritur
773 549 909 607 scire,
933 563 1087 611 penes
1111 548 1230 611 quid
1254 547 1363 610 capi
1394 547 1569 595 debeat
1587 545 1902 594 individuatio

147 637 476 694 peccatorum.
544 630 610 678 Et
639 630 837 688 videtur,
871 630 1007 693 quod
1038 638 1254 692 peccata,
1281 630 1403 678 sicut
1435 628 1621 676 formae
1653 627 1902 690 positivae,

145 711 431 760 individuari
478 711 688 760 debeant
734 713 798 760 ab
844 711 1095 769 efficiente,
1143 727 1173 760 a
1218 719 1453 773 tempore,
1498 717 1547 758 et
1595 725 1624 758 a
1670 700 1919 771 subjecto.

147 791 368 856 Effict'ens
390 801 464 842 est
487 793 707 842 diabolus
729 793 806 841 vel
829 808 976 842 causa
1007 801 1170 842 creata
1193 793 1445 855 objectiva,
1470 807 1531 839 ex
1565 806 1662 854 qua
1693 803 1906 853 peccans

147 875 462 924 occasionem
493 874 682 923 sinistre
715 874 891 938 accipit
921 874 985 922 ad
1021 874 1342 937 peccandum.
1418 872 1613 934 Tempus
1646 879 1809 920 autem
1833 879 1906 918 est

146 970 377 1005 mensura
407 962 738 1018 temporanea,
764 955 815 1003 in
847 970 946 1018 qua
977 956 1085 1018 quis
1108 955 1276 1018 incipit
1307 970 1510 1017 peccare
1544 961 1626 1002 aut
1649 960 1907 1016 peccatum
1926 961 1954 1018 Ἰ
2011 982 2014 986 Δ

148 1037 400 1086 continuat
421 1037 531 1100 plus
555 1037 630 1085 vel
652 1037 828 1085 minus.
901 1035 1160 1100 Subjectum
1186 1045 1348 1085 autem
1372 1037 1560 1100 peccati
1585 1044 1657 1084 est
1690 1043 1909 1083 creatura

74 1135 77 1138 ·
147 1119 219 1169 sic
237 1133 463 1182 peccans.
524 1110 624 1167 Sed
643 1118 738 1167 alio
757 1118 909 1167 modo
928 1119 1242 1167 individuatio
1267 1119 1455 1181 peccati
1479 1118 1665 1181 capitur
1685 1131 1908 1182 commu·
1980 1110 1996 1134 ²

0 1156 34 1228 ξ
147 1201 258 1250 nius
281 1215 312 1248 a
333 1199 494 1249 forma
509 1215 634 1263 quae
659 1200 818 1259 efficit,
839 1208 886 1248 et
904 1215 934 1248 a
958 1201 1192 1264 subject'0‚
1212 1200 1323 1248 licet
1341 1208 1533 1263 tempus
1558 1201 1618 1247 sit
1642 1198 1785 1246 aliud.
1843 1197 1908 1245 Et

147 1288 265 1348 tunc
297 1282 484 1341 dicitus,
508 1281 643 1344 quod
664 1282 714 1331 in
736 1283 986 1344 praescitis
1010 1283 1176 1330 omnia
1199 1289 1401 1345 peccata
1419 1281 1623 1330 redeunt
1642 1295 1768 1343 quae
1793 1295 1909 1342 pec·
1967 1285 2213 1354 {ssgssfflfigta

0 1323 17 1395 ᾗ
147 1370 392 1413 caverunt.
452 1362 564 1411 Imo
597 1364 873 1426 quicunque
898 1363 1186 1412 reiteraverit
1219 1364 1349 1412 idem
1373 1370 1630 1426 peccatum
1655 1363 1706 1409 in
1731 1361 1907 1424 specie,
1967 1354 2110 1383 meunt·

0 1438 22 1492 t*
146 1445 260 1496 licet
293 1452 551 1508 peccatum
586 1446 759 1494 iterum
796 1446 856 1494 sit
890 1446 1101 1493 deletum
1134 1446 1421 1494 contritione
1430 1444 1462 1502 ²,
1487 1445 1619 1492 idem
1651 1440 1908 1507 peccatum

0 1493 19 1554 ξ
149 1527 322 1577 dicitur
345 1527 500 1576 redire
523 1535 571 1575 et
602 1527 756 1576 horno
789 1529 840 1575 in
870 1528 1032 1590 ipsum
1064 1527 1274 1575 incidere
1298 1527 1373 1575 vel
1397 1527 1670 1584 recidivam,
1694 1525 1772 1574 ut³
1794 1540 1908 1588 pec-

0 1570 26 1757 }
149 1618 312 1660 catum
337 1609 396 1658 sit
418 1609 550 1658 idem
573 1609 836 1658 formaliter
859 1610 911 1656 in
935 1609 1183 1672 subjecto;
1220 1616 1269 1656 et
1293 1609 1363 1656 sic
1392 1609 1617 1671 punietur
1639 1608 1908 1656 recidivans

148 1707 241 1755 pro
263 1699 468 1755 peccato
488 1691 763 1754 praeterito,
789 1705 902 1738 cum
926 1680 1094 1752 ipsum'
1118 1690 1201 1737 dat
1225 1690 1553 1748 occasionem,
1578 1697 1631 1737 ut
1664 1690 1715 1737 in
1738 1703 1910 1752 pecca-

147 1782 253 1823 tum
291 1773 532 1836 posterius
571 1772 823 1820 incidatur.
909 1771 1044 1819 Nota
1084 1780 1250 1820 tamen
1296 1771 1432 1833 quod
1478 1771 1664 1818 habitus
1711 1771 1911 1818 vitiosus

149 1855 338 1919 peccati
379 1854 684 1917 distinguitur
724 1854 788 1902 ab
828 1860 952 1910 actu,
990 1867 1103 1900 cum
1143 1860 1392 1900 remaneat
1432 1861 1545 1900 actu
1585 1852 1912 1914 temporaliter

149 1932 382 2000 pereunte
396 1951 410 1996 3
448 1943 496 1984 et
522 1934 738 1983 defectus
763 1934 1069 1997 distinguitur
1093 1935 1155 1982 ab
1178 1934 1360 1992 habitu,
1387 1949 1500 1982 cum
1532 1948 1635 1981 non
1660 1933 1912 1982 assistente

147 2018 232 2067 tali
275 2017 443 2066 habitu
488 2017 676 2075 vitioso,
723 2024 973 2065 remaneat
1019 2015 1236 2064 defectus
1279 2015 1503 2078 justitiae.
1593 2016 1716 2064 Ideo
1766 2030 1911 2077 saepe

150 2100 324 2150 dieitur
356 2107 558 2163 peccata
592 2098 762 2156 redire,
799 2113 912 2146 cum
949 2113 1202 2161 nunquam
1244 2098 1523 2162 defecerant
1558 2097 1646 2146 sed
1681 2097 1911 2145 continue

150 2181 451 2239 assistebant,
476 2188 530 2228 ut
564 2188 697 2244 patet
731 2180 782 2227 in
818 2180 1040 2242 personis
1077 2195 1180 2228 non
1217 2180 1432 2228 contritis
1466 2180 1555 2228 sed
1590 2180 1640 2227 in
1665 2179 1910 2227 voluntate

151 2262 389 2328 peccandi
422 2262 834 2325 permanentibus.
905 2260 1053 2310 Unde
1090 2262 1231 2309 dolor
1255 2262 1566 2324 imperfectus
1601 2261 1814 2309 hominis
1851 2261 1911 2309 de

0 2359 7 2396 ι’
151 2353 359 2412 peccato
382 2351 583 2392 vocatur
606 2345 800 2402 altrum,
826 2351 874 2391 et
900 2343 1040 2391 dolor
1063 2343 1305 2406 perfectus
1338 2343 1511 2391 dicitur
1534 2344 1762 2401 contrz‘tz'O,
1788 2357 1912 2406 quae

0 2429 5 2459 1
154 2427 328 2476 dicitur
357 2426 516 2475 solum
548 2434 665 2474 tunc
697 2425 856 2474 inesse
881 2426 1082 2488 quando
1106 2434 1294 2473 tantum
1326 2425 1542 2487 disponit
1574 2425 1826 2472 hominem
1851 2424 1915 2472 ad

153 2510 342 2557 bonum
372 2506 568 2566 virtutis,
602 2515 837 2569 quantum
869 2515 1127 2569 peccatum
1165 2508 1297 2569 prius
1330 2507 1621 2569 indisposuit
1646 2491 1709 2555 ad
1732 2506 1913 2554 malum

153 2591 264 2650 vitii,
291 2589 427 2653 quod
450 2588 575 2637 sicut
597 2588 746 2637 solius
769 2587 863 2635 Dei
888 2596 962 2636 est
993 2588 1280 2646 concedere,
1306 2589 1374 2636 sic
1408 2588 1556 2635 solius
1580 2587 1675 2636 Dei
1708 2596 1781 2635 est
1803 2602 1912 2650 per-

154 2672 280 2721 fecte
313 2685 626 2734 cognoscere.
697 2668 868 2717 Petrus
899 2677 1063 2717 autem
1094 2684 1155 2716 ex
1188 2669 1452 2732 negatione
1479 2668 1657 2717 Christi
1682 2669 1770 2716 fuit
1795 2683 1914 2716 con-

153 2754 347 2803 tritione
372 2751 663 2815 dispositior‚
682 2750 908 2798 humilior
931 2758 1075 2813 atque
1101 2750 1298 2798 solidior
1317 2750 1380 2798 ad
1405 2750 1674 2798 cavendum
1698 2758 1913 2812 peccata,

155 2850 307 2899 quam
328 2834 496 2883 fuisset
519 2834 690 2882 ceteris
722 2832 930 2895 paribus,
956 2832 996 2879 si
1029 2846 1132 2880 non
1163 2831 1214 2879 in
1247 2832 1378 2879 illam
1410 2831 1766 2893 blasphemiam
1795 2831 1927 2879 inci-‘

156 2917 320 2967 disset.
389 2916 512 2964 Ideo
548 2915 663 2964 dicit
694 2914 1004 2977 Augustinus,
1038 2913 1174 2975 quod
1209 2913 1370 2960 multis
1405 2912 1684 2961 hominibus
1716 2914 1916 2976 prodest

158 3013 247 3063 per
281 2997 523 3055 accidens,
548 2996 599 3044 in
634 2995 786 3042 multa
820 3002 1021 3057 peccata
1056 2994 1276 3041 enormia
1314 2993 1556 3042 incidisse.
1625 2993 1690 3042 Et
1730 2994 1916 3042 videtur

112 3078 126 3083 ’
159 3080 295 3144 quod
317 3079 599 3143 praescituS‚
625 3077 736 3125 licet
767 3076 984 3124 videatur
1017 3075 1267 3134 contrituS,
1294 3076 1456 3123 deficit
1479 3076 1669 3122 tamen⁴
1694 3090 1915 3124 commu-

160 3162 284 3210 niter
306 3177 336 3210 a
360 3160 652 3209 contritione
684 3166 732 3207 et
765 3174 851 3221 per
883 3172 1192 3219 consequens
1224 3172 1252 3204 a
1285 3157 1471 3219 peccati
1504 3157 1756 3204 commissi
1788 3157 1915 3205 dele-

159 3243 307 3301 tione,
333 3242 442 3291 licet
464 3241 770 3305 propositum
795 3248 842 3287 et
867 3247 1003 3287 actus
1027 3240 1214 3302 peccati
1248 3239 1320 3286 sui
1355 3239 1417 3286 ad
1450 3246 1643 3301 tempus
1678 3238 1918 3286 deficiant.

161 3324 395 3374 Defectus
419 3324 565 3382 enim,
585 3338 685 3386 quo
709 3322 974 3385 praescitus
993 3321 1042 3368 in
1068 3321 1433 3383 comparatione
1460 3320 1521 3367 ad
1546 3321 1818 3379 contritum,
1845 3320 1920 3368 in⁵

220 3454 233 3478 ¹
261 3451 399 3505 hujus]
420 3451 542 3497 illius,
564 3451 720 3494 A.B.C.
742 3451 804 3493 ed.
826 3464 886 3504 pr.
998 3449 1013 3471 ²
1041 3448 1304 3500 contritione]
1328 3449 1656 3502 compunctione,
1679 3449 1731 3488 A.
1751 3430 1937 3502 primae,‘

164 3506 434 3615 {ffligffcaungae
452 3519 609 3553 manus.
883 3505 897 3529 ³
927 3504 992 3556 ut]
1015 3516 1121 3549 cum,
1142 3503 1204 3544 ed.
1227 3516 1287 3556 pr.
1536 3503 1549 3526 ⁴
1580 3503 1737 3557 tamen]
1759 3517 1840 3545 om.
1864 3504 1918 3545 D.

318 3591 328 3609 ,
395 3592 405 3602 .

0 3814 11 4093 -r-2v2-2-mr„w-
0 3466 12 3802 -wr-q—“mr-
0 3415 6 3446 «ψ
0 3349 5 3381 νυ
0 3312 7 3326 1-
0 3158 2 3162 ν
0 3111 2 3113 -
2 3041 7 3044 ,
0 2996 18 3020 ,7
0 2821 10 2970 2va-.-=.2<=
0 2759 9 2799 52...
0 2658 7 2735 ,-,,,.
