2496 4108
398 438 503 510 318

1095 434 1520 499 JOANNIS
1582 435 1934 486 WICLIF
2234 456 2390 485 ΜΕΝ.

636 569 773 617 Isaac
808 576 856 616 et
889 568 1070 626 talium,
1096 569 1210 617 satis
1246 567 1543 631 propinque1
1579 569 1786 631 cognati.
1857 567 1964 616 Nec
1999 577 2219 632 superest
2246 570 2384 627 ratio,

635 665 782 712 quare
817 665 917 696 non
954 650 1023 697 sic
1058 649 1221 698 liceret
1256 649 1416 707 hodie,
1454 651 1547 697 nisi
1582 650 1796 698 humana
1831 650 2086 708 ordinatio,
2111 665 2235 713 quae
2271 650 2387 698 dicit

634 746 735 777 non
754 731 913 778 solum
938 746 998 777 ex
1016 731 1308 793 cognatione
1334 731 1420 779 sed
1439 747 1500 779 ex
1525 732 1752 782 affinitate
1777 746 1997 779 amorem
2014 732 2139 780 inter
2161 731 2387 780 homines

635 811 832 869 dilatari,
859 819 905 859 et
931 826 1077 860 causa
1100 812 1220 860 haec
1245 812 1503 860 hominum
1527 820 1599 861 est
1623 813 1770 860 nimis
1795 813 1982 861 debilis.

701 892 782 940 Ad
813 894 997 940 tertiam
1028 901 1162 942 tuam
1194 895 1462 941 instantiam
1497 894 1621 952 dic0‚
1656 894 1791 957 quod
1822 894 2094 956 procreatio
2125 893 2202 941 vel
2234 893 2386 942 active

632 974 706 1021 vel
741 975 929 1036 passive
965 975 1063 1024 θεῖ2
1085 977 1136 1023 in
1171 976 1366 1026 femina.
1439 976 1546 1024 Nec
1570 976 1711 1024 video
1748 991 1897 1038 quare
1933 977 2133 1038 gignere
2165 977 2226 1024 sit
2247 991 2386 1024 ‘com-

632 1071 779 1104 mune
812 1057 874 1104 ad
904 1072 1090 1104 marem
1123 1066 1172 1106 et
1203 1058 1448 1116 feminam,
1484 1059 1602 1121 quin
1633 1059 1820 1105 ratione
1846 1057 2084 1106 consimili
2114 1073 2385 1120 procreare,

633 1152 744 1184 cum
790 1139 979 1200 utrique
1027 1140 1282 1186 conveniat
1328 1139 1516 1201 prolem
1566 1139 1848 1201 producere.
1942 1137 2050 1186 Nec
2097 1145 2170 1186 est
2215 1138 2387 1186 incon-

630 1220 828 1266 veniens
839 1219 867 1277 3,
894 1220 1028 1282 quod
1052 1221 1146 1268 sint
1171 1220 1269 1268 duo
1293 1220 1600 1268 matrimonia
1626 1235 1675 1268 se
1700 1220 1763 1267 ad
1786 1220 1992 1267 invicem
2025 1220 2388 1282 consequentia,

633 1302 754 1348 sieut
779 1309 888 1348 sunt
914 1302 1036 1349 duae
1062 1302 1406 1359 similitudines,
1428 1303 1467 1350 si
1491 1310 1563 1349 est
1587 1317 1685 1349 una
1699 1317 1712 1360 3
1749 1309 2080 1348 verumtamen
2103 1301 2387 1364 utrumque*

631 1384 992 1430 matrimonium
1016 1384 1340 1446 principaliter
1365 1392 1435 1432 est
1459 1384 1510 1430 in
1529 1384 1647 1440 vir0,
1668 1383 1782 1430 ideo
1806 1381 1956 1430 uxor⁶
1980 1381 2123 1430 debet
2147 1381 2387 1430 honorare

632 1465 783 1511 virum
820 1465 1094 1526 diligentius
1131 1480 1279 1527 quam
1304 1481 1331 1512 e
1357 1473 1538 1522 contra,
1565 1465 1615 1511 in
1651 1464 1788 1526 cujus
1827 1465 2020 1525 signum
2055 1463 2226 1511 mulier
2259 1463 2388 1512 facta

632 1554 703 1593 est
727 1561 787 1592 ex
811 1546 926 1601 viro,
954 1561 1054 1593 non
1079 1547 1147 1593 vir
1183 1562 1245 1593 ex
1280 1546 1476 1603 femina,
1501 1553 1555 1593 ut
1590 1553 1722 1607 patet
1746 1544 1873 1592 Gen.
1901 1545 1962 1592 iii.
1978 1560 1991 1604 ;
2041 1543 2188 1592 debet
2221 1552 2387 1593 tamen

630 1627 752 1674 inter
775 1627 907 1688 ipsos
933 1643 1038 1675 esse
1064 1636 1231 1676 mutua
1255 1628 1448 1675 dilectio
1474 1628 1676 1686 socialis,
1702 1628 1754 1674 in
1786 1627 1924 1689 cujus
1961 1627 2155 1689 signum
2187 1641 2291 1674 non
2323 1642 2386 1675 ex

633 1709 785 1770 capite
805 1709 879 1756 vel
903 1709 1027 1770 pede
1053 1710 1137 1756 viri
1161 1709 1288 1757 facta
1312 1717 1384 1757 est
1408 1710 1576 1756 mulier
1596 1709 1683 1757 sed
1708 1724 1769 1756 ex
1794 1716 1945 1766 costa,
1967 1708 2030 1756 ad
2053 1707 2386 1756 denotandum

633 1791 765 1852 quod
790 1806 891 1837 non
929 1791 1072 1838 debet
1097 1807 1203 1839 esse
1228 1792 1329 1839 viro
1356 1791 1529 1839 ancilla
1554 1806 1645 1838 nec
1671 1791 1870 1838 domina
1896 1789 1981 1838 sed
2007 1791 2141 1838 socia
2162 1789 2385 1839 lateralis.

632 1872 695 1918 Et
731 1872 798 1920 sic
835 1873 1057 1920 concedo
1093 1874 1190 1930 tibi,
1220 1873 1355 1935 quod
1380 1875 1512 1921 bona
1548 1873 1762 1935 conjugii
1787 1880 1897 1920 sunt
1933 1872 2023 1920 sibi
2055 1871 2384 1926 accidentalia.

635 1951 732 2000 Sed
768 1968 956 2011 noscas,
984 1953 1117 2015 quod
1145 1955 1259 2002 satis
1296 1962 1367 2001 est
1404 1969 1509 2002 esse
1545 1953 1733 2015 prolem
1767 1954 1819 2000 in
1854 1953 2016 2015 aliquo
2041 1960 2261 2016 tempore
2297 1953 2385 2001 etsi

630 2050 732 2081 non
759 2036 984 2082 continue
1011 2043 1165 2083 stante
1191 2036 1435 2097 conjugio,
1456 2036 1578 2083 sicut
1601 2049 1703 2082 non
1729 2041 1921 2096 oportet
1945 2034 2080 2097 quod
2095 2034 2166 2082 vir
2190 2048 2385 2097 semper

631 2116 784 2163 solvat
809 2116 1038 2173 debitum,
1067 2117 1153 2163 sed
1179 2118 1292 2164 satis
1317 2124 1388 2164 est
1413 2116 1547 2178 quod
1582 2116 1734 2163 solvat
1762 2115 1812 2162 in
1835 2124 2055 2178 tempore
2085 2119 2384 2178 opportuno,

630 2197 761 2245 Alias
786 2205 950 2244 autem
976 2197 1277 2244 difficultates
1303 2197 1363 2245 de
1387 2197 1574 2258 legibus
1606 2196 1831 2244 humanis
1855 2204 2137 2258 pertranseo
2163 2197 2381 2256 credens,

630 2278 762 2340 quod
788 2279 923 2325 multi
948 2294 1008 2325 ex
1033 2278 1289 2325 affectione
1314 2278 1529 2325 indebita
1553 2279 1926 2340 conjunguntur,
1953 2278 2076 2325 sicut
2092 2278 2227 2326 multi
2245 2278 2382 2327 inde-

629 2359 725 2406 bite
751 2367 1044 2421 separantur.
1116 2359 1332 2406 Primum
1362 2367 1494 2421 patet
1521 2359 1710 2406 Tobiae
1734 2360 1808 2416 vi.,
1834 2373 1950 2406 nam
1975 2367 2162 2422 septem
2185 2360 2270 2407 viri
2294 2375 2382 2422 per

629 2440 939 2487 Asmodeum
959 2440 1206 2487 diabolum
1232 2456 1344 2487 cum
1371 2440 1546 2502 copula
1571 2441 1694 2487 filiae
1715 2439 1904 2501 Raguel
1929 2440 2076 2489 Sarae
2093 2441 2282 2489 fuerant
2301 2441 2379 2504 ju-

628 2521 816 2582 gulati⁶‚
837 2521 966 2568 unde
994 2529 1130 2568 sexto
1157 2521 1365 2582 capitulo
1392 2522 1459 2568 sic
1483 2521 1710 2569 habetur:
1751 2526 1761 2545 ⁶
1779 2521 1915 2568 Dixit
1938 2522 2138 2584 angelus
2157 2522 2380 2585 Raphael

630 2603 832 2660 Tobiae,
860 2603 1115 2650 ostendam
1150 2603 1235 2650 tibi
1270 2603 1352 2665 qui
1390 2611 1514 2661 sunt,
1548 2603 1722 2666 quibus
1757 2603 2031 2666 praevalere
2066 2611 2228 2666 potest
2263 2604 2377 2652 dae-

630 2684 864 2731 monium’
892 2684 1007 2731 etc.⁷

684 2813 698 2837 1
726 2812 973 2866 propinque]
995 2813 1225 2866 propinqui.
1246 2813 1302 2852 D.
1437 2811 1454 2835 2
1482 2812 1562 2864 est]
1585 2817 1647 2852 est
1665 2816 1718 2858 et,
1739 2812 1795 2852 D.
1904 2811 1920 2835 ⁸
1947 2811 2254 2864 inconveniens]
2275 2825 2374 2853 con-

630 2868 808 2914 veniens,
829 2867 891 2907 ed.
911 2881 973 2920 pr.
1111 2866 1126 2889 4
1153 2866 1387 2918 utrumque]
1410 2881 1492 2906 orn.
1514 2867 1576 2906 ed.
1596 2880 1658 2919 pr.
1787 2866 1803 2889 ⁵
1830 2865 1950 2918 uxor]
1971 2865 2128 2913 mulier,
2150 2865 2197 2905 B.
2216 2866 2374 2919 primae

631 2935 786 2960 manus.
1033 2921 1049 2944 ⁶
1077 2921 1226 2973 copula
1245 2921 1351 2960 filiae
1371 2920 1530 2972 Raguel
1550 2921 1674 2960 Sarae
1692 2920 1852 2960 fuerant
1868 2920 2063 2973 jugulati]
2084 2920 2373 2972 copularentur

629 2975 737 3014 filiae
756 2975 914 3026 Raguel
933 2975 1056 3015 Sarae
1071 2975 1246 3027 jugulati
1265 2976 1482 3027 perierunt,
1504 2975 1659 3014 A.B.C.
1679 2975 1742 3014 ed.
1763 2988 1824 3027 pr.
2028 2973 2044 2998 ⁷
2073 2973 2165 3014 libri
2185 2975 2234 3016 C.
2256 2980 2296 3016 et
2317 2975 2373 3014 D.

630 3035 776 3069 cuneta
794 3030 918 3069 verba
935 3043 1125 3069 versuum
1149 3039 1197 3081 17
1218 3035 1259 3069 et
1285 3030 1330 3068 18
1350 3029 1519 3082 capituli
1538 3029 1640 3069 sexti
1657 3029 1752 3069 libri
1766 3028 1927 3068 Tobiae
1945 3033 2147 3081 repetunt.

2443 692 2471 710 ‚r
