2436 4094
60 435 62 439 ⁷
145 461 278 498 cara.
740 443 1315 514 *TRIALOGUS

2052 457 2120 509 99

73 613 80 619 -
145 568 325 642 spiritu
354 589 517 628 creato
557 578 633 627 vel
674 578 1002 642 intelligentia,
1045 587 1279 643 tanquam
1327 587 1464 643 parte
1510 579 1658 629 altera
1704 577 1894 627 formali
1982 604 1988 605 ff

57 702 62 704 ,
94 707 97 710 Α
143 660 433 725 qualitativa,
459 668 695 724 tanquam
721 662 925 709 omnino
952 662 1203 721 distinctiS,
1229 663 1541 725 componitur
1563 676 1689 710 unus
1712 660 1866 709 homo
1881 666 1902 719 ;'

144 741 234 792 scd
254 743 391 806 quod
412 749 670 805 utrumque
690 742 764 790 vel
781 751 983 807 utraque
1007 751 1180 792 natura
1203 744 1262 793 sit
1287 745 1419 793 idem
1437 744 1590 792 homo
1616 745 1665 791 in
1688 756 1895 791 numero

53 816 57 818 ’
145 822 220 873 vel
254 839 482 888 persona,
506 825 699 888 spiritus
735 840 822 887 per
860 840 912 873 se
949 833 996 874 et
1032 834 1203 874 natura
1238 840 1476 888 corporea
1499 825 1869 888 participatione
1883 841 1896 885 ;

145 904 268 954 sicut
302 906 624 969 concipimuS,
650 906 786 968 quod
820 905 1040 955 Christus
1065 907 1325 969 assumpsit
1358 906 1626 954 humanam
1658 915 1897 965 naturam,

47 971 58 1041 gs
143 986 255 1036 licet
290 986 357 1036 ibi
391 987 452 1036 sit
487 987 738 1036 diversitas
775 988 889 1036 satis
924 988 1098 1050 ampla.
1170 986 1279 1035 Nec
1303 988 1445 1035 video
1482 988 1600 1050 quin
1629 987 1899 1051 Apostolus

141 1067 362 1132 intelligit
394 1070 704 1133 appropriate
739 1085 826 1132 per
861 1077 1084 1118 naturam
1119 1069 1249 1118 illam
1285 1085 1572 1132 corpoream
1610 1074 1622 1094 ‘
1638 1070 1898 1118 animalem

143 1149 426 1210 hominem,'
469 1158 518 1199 et
563 1165 652 1214 per
692 1149 826 1198 illum
876 1151 1095 1213 spiritum
1139 1155 1151 1176 ‘
1167 1151 1464 1213 spiritualem
1510 1150 1781 1199 hominem’
1825 1151 1899 1198 vel

144 1234 158 1256 ‘
176 1231 485 1291 interiorem,'
527 1233 611 1294 qui
652 1240 862 1295 possunt
902 1233 1102 1295 intelligi
1144 1242 1196 1281 ut
1238 1242 1437 1281 naturae
1481 1233 1697 1296 dispares
1732 1233 1807 1282 vel
1847 1241 1899 1280 ut

142 1313 319 1363 eadem
335 1314 655 1377 personalitas
674 1315 937 1378 disparium
956 1324 1250 1364 naturarum.
1324 1315 1456 1364 Sicut
1475 1317 1606 1364 enim
1629 1316 1680 1364 in
1699 1317 1900 1364 materia

143 1394 207 1444 de
231 1395 470 1445 Trinitate
494 1403 592 1445 tres
617 1411 695 1445 res
731 1404 855 1445 sunt*
878 1396 1002 1445 una¹
1029 1398 1308 1456 substantia,
1344 1413 1446 1445 non
1483 1413 1709 1461 persona,
1744 1399 1814 1446 sic
1850 1399 1899 1445 in

143 1477 344 1526 materia
368 1477 431 1526 de
453 1477 786 1527 incarnatione
810 1487 858 1526 et
883 1479 1238 1542 compositione
1263 1479 1474 1528 hominis
1498 1479 1676 1528 multae
1701 1488 1900 1528 naturae

145 1558 262 1608 satis
287 1558 506 1623 dispares
532 1567 642 1608 sunt
668 1559 842 1608 eadem
867 1574 1105 1623 persona;
1149 1568 1196 1609 et
1221 1561 1290 1608 sic
1323 1560 1560 1623 quidquid
1584 1560 1804 1623 intelligit
1827 1561 1901 1609 vel

144 1643 398 1704 cognoscit
438 1642 659 1691 animalis
697 1642 864 1700 hom0,
902 1641 1074 1690 etiam²
1107 1642 1324 1705 intelligit
1366 1650 1413 1691 et
1454 1645 1708 1706 cognoscit
1748 1642 1901 1690 homo

142 1723 342 1772 interior
363 1731 411 1772 et
434 1740 463 1772 e
487 1732 670 1772 contra.

210 1804 276 1854 Et
299 1805 394 1854 sic-⁰·
416 1806 674 1869 spiritualis
710 1806 863 1854 homo
900 1806 976 1854 vel
1011 1805 1088 1854 ille
1125 1813 1314 1854 creatus
1351 1806 1559 1869 spirituS,
1585 1807 1806 1869 quamvis
1843 1806 1902 1854 sit
1959 1829 2060 1884 mem:

141 1894 400 1936 extensum
438 1887 569 1936 mole
610 1902 846 1950 magnum
886 1890 954 1949 (et
996 1889 1064 1936 sic
1100 1888 1163 1936 de
1199 1889 1400 1936 caeteris
1436 1887 1903 1951 praedicationibus⁴

142 1983 269 2034 quae
303 1971 498 2034 corpori
533 1970 796 2019 formaliter
830 1971 1130 2032 inexistunt)‚
1156 1986 1259 2019 non
1294 1978 1460 2019 tamen
1493 1970 1778 2029 extenditur,
1805 1968 1904 2019 est⁵

141 2051 273 2101 mole
304 2066 528 2116 magnus,
553 2053 627 2100 vel
659 2052 812 2101 taliter
844 2052 1108 2101 formaliter
1140 2052 1442 2100 informatus.
1513 2052 1578 2101 Et
1609 2052 1686 2100 ille
1718 2052 1903 2100 videtur

142 2148 253 2184 esse
271 2149 443 2184 sensus
464 2134 698 2198 Symboli‚
719 2135 853 2198 quod
871 2139 883 2160 ‘
901 2136 1024 2183 sicut
1043 2135 1206 2183 anima
1224 2134 1470 2184 rationalis
1486 2142 1533 2182 et
1553 2150 1666 2183 caro
1685 2150 1812 2184 unus
1829 2144 1901 2184 est

141 2215 310 2274 home,
335 2216 402 2264 ita
432 2215 570 2265 Deus
605 2224 653 2265 et
686 2216 839 2265 homo
874 2232 1001 2265 unus
1037 2225 1111 2265 est
1147 2215 1399 2265 Christus!
1471 2216 1578 2265 Nec
1595 2217 1745 2266 *video
1783 2218 1901 2281 quin

142 2311 254 2347 vere
302 2298 624 2362 intelligentes
673 2298 808 2362 quod
864 2299 1028 2347 anima
1068 2298 1355 2347 intellectiva
1396 2299 1456 2346 sit
1494 2299 1631 2361 pars⁶
1671 2299 1899 2358 hominiS,

141 2378 280 2429 valde
320 2381 640 2444 aequivocant
679 2380 1003 2444 intelligentes
1044 2396 1132 2443 per
1173 2380 1389 2428 animam
1430 2380 1769 2430 intellectivam
1815 2383 1899 2430 ab·

141 2461 390 2512 stractive⁷
412 2462 760 2511 animationem
784 2463 1015 2526 corporis,
1041 2477 1166 2525 quae
1192 2462 1242 2510 fit
1266 2477 1327 2510 ex
1360 2463 1728 2525 participatione
1754 2463 1899 2512 creati

22 2523 23 2526 Ἴ
62 2533 64 2535 ’
141 2544 348 2608 spiritus.
421 2544 502 2592 Sic
527 2551 689 2592 autem
709 2543 933 2592 concedit
956 2543 1242 2602 Arzlrloteles,
1263 2543 1398 2606 quod
1417 2545 1660 2606 appetitus
1681 2545 1899 2593 animalis

141 2623 382 2675 hominis⁸
403 2634 476 2675 est
498 2625 867 2688 participatione
892 2624 1151 2683 rationaIiS‚
1177 2632 1226 2672 et
1257 2639 1344 2687 per
1367 2624 1498 2672 idem
1521 2625 1600 2673 illa
1632 2628 1794 2674 anima
1826 2634 1898 2674 est

140 2707 508 2771 participatione
563 2707 824 2765 rationalis,
873 2714 920 2754 et
967 2721 1055 2769 per
1111 2721 1418 2768 consequens
1465 2721 1577 2768 pars
1623 2706 1898 2768 qualitativa

35 2780 52 2847 f
138 2787 353 2838 hominis
375 2803 479 2837 non
503 2796 575 2838 est
600 2788 779 2837 animal
803 2786 1115 2846 irrationale⁹,
1138 2786 1224 2835 sed
1247 2786 1448 2845 realiter,
1467 2787 1578 2835 licet
1595 2788 1738 2846 varie,
1764 2787 1895 2835 idem

138 2870 307 2922 homo,
377 2871 495 2921 Non
519 2873 650 2921 enim
685 2872 989 2935 concipimus
1021 2870 1157 2933 quod
1182 2871 1241 2919 sit
1274 2869 1472 2933 aliquod
1495 2870 1739 2918 vinculum
1763 2870 1896 2918 colli-

139 2949 265 3018 gans
297 2953 430 3003 illum
469 2953 795 3002 immortalem
837 2953 1056 3016 spiritum
1097 2959 1145 3000 et
1170 2951 1298 2999 illam
1334 2959 1556 2999 naturam
1592 2966 1896 3015 corpoream,

59 3030 73 3049 ³
146 3035 331 3086 faciens
370 3051 524 3085 unum
564 3051 627 3085 ex
667 3036 757 3085 illis
799 3035 1039 3083 ambobus
1085 3042 1319 3096 tanquam
1361 3034 1590 3096 partibus,
1634 3033 1898 3097 quamvis¹⁰

141 3118 469 3182 compositum
501 3117 691 3166 excedit
724 3117 894 3166 ambas
928 3117 978 3164 in
1010 3115 1350 3179 perfectione¹¹
1387 3115 1603 3174 naturali,
1637 3116 1758 3164 sicut
1795 3132 1896 3166 non

143 3199 460 3264 concipimus,
492 3200 628 3263 quod
663 3199 800 3248 Deus
840 3207 888 3247 et
929 3198 1080 3246 homo
1123 3197 1394 3261 qualitative
1430 3200 1727 3248 constituunt
1764 3199 1896 3248 illum

360 3357 444 3386 om.
460 3345 513 3386 A.
517 3345 564 3386 B.
674 3344 691 3368 ²
718 3344 860 3390 homo,
875 3343 1018 3397 etiam]
1034 3356 1116 3384 om.
1133 3343 1181 3384 C.
1199 3342 1261 3383 ed.
1282 3356 1356 3396 pr..
1369 3343 1534 3389 animal,
1550 3343 1742 3399 intelligit
1757 3344 1898 3388 homo.

141 3397 159 3424 ⁸
186 3399 313 3442 Etsic
346 3399 540 3448 secundo,
555 3400 619 3441 ed.
787 3397 1220 3452 ⁴praedicationibus]
1238 3397 1591 3450 praedicabilibus,
1609 3399 1662 3441 A.
1773 3402 1788 3424 ⁶
1781 3401 1897 3478 est]

145 3453 244 3508 quia
260 3459 336 3502 est,
355 3453 420 3495 ed.
438 3467 500 3508 p.r
662 3412 794 3508 rpars]
817 3466 1004 3507 persona,
1026 3452 1078 3492 A.
1082 3452 1152 3498 B.;
1184 3465 1278 3504 pars
1297 3464 1486 3505 persona,
1506 3453 1570 3493 ed.
1590 3466 1653 3507 pr.
1781 3454 1899 3497 ’.αδ

145 3507 355 3562 stractive]
375 3467 636 3555 absliractam
659 3509 710 3549 A.
715 3509 760 3548 Β.
765 3509 814 3549 C.
979 3507 995 3531 ⁸
1023 3505 1221 3558 hominis]
1253 3506 1494 3553 communis,
1516 3507 1568 3547 A.
1572 3508 1620 3548 B.
1769 3509 1786 3534 θ
1814 3523 1899 3551 non

143 3568 206 3604 est
225 3562 378 3604 animal
397 3562 651 3617 irrationale]
672 3576 756 3605 non
776 3562 910 3603 solum
929 3567 991 3601 est
1010 3560 1163 3601 animal
1185 3560 1395 3606 rationale.
1417 3561 1469 3601 A.
1473 3561 1518 3601 Β.
1523 3562 1571 3602 C.
1701 3564 1732 3588 ¹⁰
1760 3577 1899 3618 quam-

145 3617 223 3673 vis]
240 3629 426 3671 quarum,
446 3617 511 3659 ed.
531 3631 592 3671 pr.
786 3618 814 3641 ¹¹
845 3616 888 3657 in
907 3613 1176 3669 perfectione]
1198 3614 1516 3667 imperfectione.
1537 3616 1599 3658 ed.
1617 3630 1678 3670 pr.

980 3699 1070 3733 112
