<?xml version="1.0" encoding="UTF-8"?>
<!DOCTYPE html PUBLIC "-//W3C//DTD XHTML 1.0 Transitional//EN"
    "http://www.w3.org/TR/xhtml1/DTD/xhtml1-transitional.dtd">
<html xmlns="http://www.w3.org/1999/xhtml" xml:lang="en" lang="en">
 <head>
  <title>
</title>
<meta http-equiv="Content-Type" content="text/html;charset=utf-8" />
  <meta name='ocr-system' content='tesseract 3.04.00' />
  <meta name='ocr-capabilities' content='ocr_page ocr_carea ocr_par ocr_line ocrx_word'/>
</head>
<body>
  <div class='ocr_page' id='page_1' title='image "./trialoguscumsupp00wycluoft_0380.png"; bbox 0 0 2462 4114; ppageno 0'>
   <div class='ocr_carea' id='block_1_1' title="bbox 1062 401 2362 466">
    <p class='ocr_par' dir='ltr' id='par_1_1' title="bbox 1062 401 2362 466">
     <span class='ocr_line' id='line_1_1' title="bbox 1062 401 2362 466; baseline 0 -15"><span class='ocrx_word' id='word_1_1' title='bbox 1062 401 1484 466; x_wconf 83' lang='lat' dir='ltr'><em>JOANNIS</em></span> <span class='ocrx_word' id='word_1_2' title='bbox 1553 401 1898 451; x_wconf 84' lang='lat' dir='ltr'><em>WICLIF</em></span> <span class='ocrx_word' id='word_1_3' title='bbox 2211 422 2362 451; x_wconf 63' lang='lat' dir='ltr'>mam</span> 
     </span>
    </p>
   </div>
   <div class='ocr_carea' id='block_1_2' title="bbox 571 533 2361 1087">
    <p class='ocr_par' dir='ltr' id='par_1_2' title="bbox 571 533 2361 1087">
     <span class='ocr_line' id='line_1_2' title="bbox 618 533 2360 600; baseline -0.001 -15"><span class='ocrx_word' id='word_1_4' title='bbox 618 546 851 600; x_wconf 88' lang='lat' dir='ltr'>perpetuo</span> <span class='ocrx_word' id='word_1_5' title='bbox 877 544 986 583; x_wconf 90' lang='lat' dir='ltr'>sunt</span> <span class='ocrx_word' id='word_1_6' title='bbox 1011 535 1200 582; x_wconf 87' lang='lat' dir='ltr'>affidati.</span> <span class='ocrx_word' id='word_1_7' title='bbox 1277 533 1477 592; x_wconf 80' lang='lat' dir='ltr'><em>Quintus</em></span> <span class='ocrx_word' id='word_1_8' title='bbox 1507 534 1676 582; x_wconf 82' lang='lat' dir='ltr'>abusus</span> <span class='ocrx_word' id='word_1_9' title='bbox 1707 542 1792 593; x_wconf 90' lang='lat' dir='ltr'>est,</span> <span class='ocrx_word' id='word_1_10' title='bbox 1819 536 1954 597; x_wconf 92' lang='lat' dir='ltr'>quod</span> <span class='ocrx_word' id='word_1_11' title='bbox 1985 535 2153 584; x_wconf 88' lang='lat' dir='ltr'>fratres</span> <span class='ocrx_word' id='word_1_12' title='bbox 2185 537 2360 584; x_wconf 85' lang='lat' dir='ltr'>menti·-</span> 
     </span>
     <span class='ocr_line' id='line_1_3' title="bbox 616 616 2357 680; baseline 0 -15"><span class='ocrx_word' id='word_1_13' title='bbox 616 627 759 666; x_wconf 91' lang='lat' dir='ltr'>untur</span> <span class='ocrx_word' id='word_1_14' title='bbox 794 633 845 666; x_wconf 90' lang='lat' dir='ltr'>se</span> <span class='ocrx_word' id='word_1_15' title='bbox 881 633 988 665; x_wconf 88' lang='lat' dir='ltr'>esse</span> <span class='ocrx_word' id='word_1_16' title='bbox 1014 616 1205 664; x_wconf 90' lang='lat' dir='ltr'>Christo</span> <span class='ocrx_word' id='word_1_17' title='bbox 1231 617 1496 664; x_wconf 93' lang='lat' dir='ltr'>simillimos</span> <span class='ocrx_word' id='word_1_18' title='bbox 1532 617 1582 663; x_wconf 91' lang='lat' dir='ltr'>in</span> <span class='ocrx_word' id='word_1_19' title='bbox 1616 617 1845 679; x_wconf 86' lang='lat' dir='ltr'>pauperie</span> <span class='ocrx_word' id='word_1_20' title='bbox 1874 626 1921 664; x_wconf 94' lang='lat' dir='ltr'>et</span> <span class='ocrx_word' id='word_1_21' title='bbox 1956 631 2357 680; x_wconf 89' lang='lat' dir='ltr'>quorumcunque</span> 
     </span>
     <span class='ocr_line' id='line_1_4' title="bbox 616 698 2359 762; baseline 0 -15"><span class='ocrx_word' id='word_1_22' title='bbox 616 700 953 762; x_wconf 86' lang='lat' dir='ltr'>temporalium</span> <span class='ocrx_word' id='word_1_23' title='bbox 984 698 1309 762; x_wconf 84' lang='lat' dir='ltr'>possessione,</span> <span class='ocrx_word' id='word_1_24' title='bbox 1336 706 1384 746; x_wconf 91' lang='lat' dir='ltr'>et</span> <span class='ocrx_word' id='word_1_25' title='bbox 1416 699 1484 746; x_wconf 93' lang='lat' dir='ltr'>sic</span> <span class='ocrx_word' id='word_1_26' title='bbox 1508 699 1558 745; x_wconf 92' lang='lat' dir='ltr'>in</span> <span class='ocrx_word' id='word_1_27' title='bbox 1583 698 1809 746; x_wconf 90' lang='lat' dir='ltr'>domibus</span> <span class='ocrx_word' id='word_1_28' title='bbox 1833 699 2062 747; x_wconf 88' lang='lat' dir='ltr'>reditibus</span> <span class='ocrx_word' id='word_1_29' title='bbox 2090 706 2139 747; x_wconf 86' lang='lat' dir='ltr'>et</span> <span class='ocrx_word' id='word_1_30' title='bbox 2160 700 2359 762; x_wconf 91' lang='lat' dir='ltr'>quibus-</span> 
     </span>
     <span class='ocr_line' id='line_1_5' title="bbox 616 772 2356 844; baseline 0 -16"><span class='ocrx_word' id='word_1_31' title='bbox 616 796 806 843; x_wconf 92' lang='lat' dir='ltr'>cunque</span> <span class='ocrx_word' id='word_1_32' title='bbox 825 780 1170 842; x_wconf 87' lang='lat' dir='ltr'>temporalibus</span> <span class='ocrx_word' id='word_1_33' title='bbox 1195 795 1319 842; x_wconf 89' lang='lat' dir='ltr'>quae</span> <span class='ocrx_word' id='word_1_34' title='bbox 1343 779 1459 841; x_wconf 92' lang='lat' dir='ltr'>ipsis</span> <span class='ocrx_word' id='word_1_35' title='bbox 1484 777 1722 826; x_wconf 86' lang='lat' dir='ltr'>attinent¹.</span> <span class='ocrx_word' id='word_1_36' title='bbox 1795 778 1892 827; x_wconf 89' lang='lat' dir='ltr'>Sed</span> <span class='ocrx_word' id='word_1_37' title='bbox 1915 787 2102 829; x_wconf 89' lang='lat' dir='ltr'>certum</span> <span class='ocrx_word' id='word_1_38' title='bbox 2125 772 2198 829; x_wconf 81' lang='lat' dir='ltr'>est</span> <span class='ocrx_word' id='word_1_39' title='bbox 2221 780 2356 844; x_wconf 90' lang='lat' dir='ltr'>quod</span> 
     </span>
     <span class='ocr_line' id='line_1_6' title="bbox 614 859 2361 926; baseline 0.001 -18"><span class='ocrx_word' id='word_1_40' title='bbox 614 862 664 908; x_wconf 91' lang='lat' dir='ltr'>in</span> <span class='ocrx_word' id='word_1_41' title='bbox 683 861 778 909; x_wconf 95' lang='lat' dir='ltr'>hoc</span> <span class='ocrx_word' id='word_1_42' title='bbox 798 861 1103 909; x_wconf 91' lang='lat' dir='ltr'>committunt</span> <span class='ocrx_word' id='word_1_43' title='bbox 1126 861 1176 908; x_wconf 91' lang='lat' dir='ltr'>in</span> <span class='ocrx_word' id='word_1_44' title='bbox 1196 860 1441 908; x_wconf 89' lang='lat' dir='ltr'>Christum</span> <span class='ocrx_word' id='word_1_45' title='bbox 1463 859 1799 922; x_wconf 91' lang='lat' dir='ltr'>blasphemum</span> <span class='ocrx_word' id='word_1_46' title='bbox 1818 861 2155 926; x_wconf 84' lang='lat' dir='ltr'>mendacium;</span> <span class='ocrx_word' id='word_1_47' title='bbox 2193 861 2361 910; x_wconf 90' lang='lat' dir='ltr'>Chris-</span> 
     </span>
     <span class='ocr_line' id='line_1_7' title="bbox 614 941 2359 1004; baseline 0.001 -14"><span class='ocrx_word' id='word_1_48' title='bbox 614 951 690 990; x_wconf 88' lang='lat' dir='ltr'>tus</span> <span class='ocrx_word' id='word_1_49' title='bbox 727 943 858 990; x_wconf 92' lang='lat' dir='ltr'>enim</span> <span class='ocrx_word' id='word_1_50' title='bbox 893 957 1144 1004; x_wconf 91' lang='lat' dir='ltr'>nunquam</span> <span class='ocrx_word' id='word_1_51' title='bbox 1181 941 1444 989; x_wconf 88' lang='lat' dir='ltr'>aedificavit</span> <span class='ocrx_word' id='word_1_52' title='bbox 1479 942 1758 990; x_wconf 91' lang='lat' dir='ltr'>humanitus</span> <span class='ocrx_word' id='word_1_53' title='bbox 1791 942 1964 990; x_wconf 74' lang='lat' dir='ltr'>talem2</span> <span class='ocrx_word' id='word_1_54' title='bbox 1994 957 2234 1001; x_wconf 89' lang='lat' dir='ltr'>mansum,</span> <span class='ocrx_word' id='word_1_55' title='bbox 2257 943 2359 991; x_wconf 89' lang='lat' dir='ltr'>imo</span> 
     </span>
     <span class='ocr_line' id='line_1_8' title="bbox 571 1024 2360 1087; baseline 0.001 -17"><span class='ocrx_word' id='word_1_56' title='bbox 571 1076 573 1079; x_wconf 51' lang='grc'><strong>,</strong></span> <span class='ocrx_word' id='word_1_57' title='bbox 614 1024 896 1086; x_wconf 86' lang='lat' dir='ltr'>repugnavit</span> <span class='ocrx_word' id='word_1_58' title='bbox 943 1024 1086 1071; x_wconf 87' lang='lat' dir='ltr'>statui</span> <span class='ocrx_word' id='word_1_59' title='bbox 1134 1038 1249 1071; x_wconf 90' lang='lat' dir='ltr'>suae</span> <span class='ocrx_word' id='word_1_60' title='bbox 1292 1024 1597 1071; x_wconf 87' lang='lat' dir='ltr'>innocentiae</span> <span class='ocrx_word' id='word_1_61' title='bbox 1640 1024 1774 1086; x_wconf 93' lang='lat' dir='ltr'>quod</span> <span class='ocrx_word' id='word_1_62' title='bbox 1819 1024 1968 1072; x_wconf 89' lang='lat' dir='ltr'>libros</span> <span class='ocrx_word' id='word_1_63' title='bbox 2007 1024 2267 1087; x_wconf 91' lang='lat' dir='ltr'>pecuniam</span> <span class='ocrx_word' id='word_1_64' title='bbox 2311 1032 2360 1073; x_wconf 88' lang='lat' dir='ltr'>et</span> 
     </span>
    </p>
   </div>
   <div class='ocr_carea' id='block_1_3' title="bbox 516 1104 2359 1168">
    <p class='ocr_par' dir='ltr' id='par_1_3' title="bbox 516 1104 2359 1168">
     <span class='ocr_line' id='line_1_9' title="bbox 516 1104 2359 1168; baseline 0.002 -18"><span class='ocrx_word' id='word_1_65' title='bbox 516 1129 531 1149; x_wconf 81' lang='lat' dir='ltr'>s</span> <span class='ocrx_word' id='word_1_66' title='bbox 613 1106 722 1152; x_wconf 92' lang='lat' dir='ltr'>talia</span> <span class='ocrx_word' id='word_1_67' title='bbox 745 1105 944 1152; x_wconf 89' lang='lat' dir='ltr'>visibilia</span> <span class='ocrx_word' id='word_1_68' title='bbox 977 1104 1094 1152; x_wconf 77' lang='lat' dir='ltr'>sibi3</span> <span class='ocrx_word' id='word_1_69' title='bbox 1119 1104 1394 1152; x_wconf 89' lang='lat' dir='ltr'>cumularet.</span> <span class='ocrx_word' id='word_1_70' title='bbox 1468 1104 1644 1153; x_wconf 82' lang='lat' dir='ltr'>Sextus</span> <span class='ocrx_word' id='word_1_71' title='bbox 1667 1105 1841 1152; x_wconf 81' lang='lat' dir='ltr'>abusus</span> <span class='ocrx_word' id='word_1_72' title='bbox 1863 1105 2063 1153; x_wconf 88' lang='lat' dir='ltr'>fratrum</span> <span class='ocrx_word' id='word_1_73' title='bbox 2088 1113 2161 1154; x_wconf 90' lang='lat' dir='ltr'>est</span> <span class='ocrx_word' id='word_1_74' title='bbox 2186 1104 2359 1168; x_wconf 88' lang='lat' dir='ltr'>Symo-</span> 
     </span>
    </p>
   </div>
   <div class='ocr_carea' id='block_1_4' title="bbox 302 2910 454 2971">
    <p class='ocr_par' dir='ltr' id='par_1_4' title="bbox 302 2910 454 2971">
     <span class='ocr_line' id='line_1_10' title="bbox 302 2910 454 2944; baseline 0 -7"><span class='ocrx_word' id='word_1_75' title='bbox 302 2910 454 2944; x_wconf 82' lang='lat' dir='ltr'>Septimus</span> 
     </span>
     <span class='ocr_line' id='line_1_11' title="bbox 319 2945 376 2971; baseline 0.018 -1"><span class='ocrx_word' id='word_1_76' title='bbox 319 2945 376 2971; x_wconf 89' lang='lat' dir='ltr'>bus</span> 
     </span>
    </p>
   </div>
   <div class='ocr_carea' id='block_1_5' title="bbox 301 2966 509 3010">
    <p class='ocr_par' dir='ltr' id='par_1_5' title="bbox 301 2966 509 3010">
     <span class='ocr_line' id='line_1_12' title="bbox 301 2966 509 3010; baseline 0.01 -6"><span class='ocrx_word' id='word_1_77' title='bbox 301 2966 421 3006; x_wconf 75' lang='lat' dir='ltr'>molesti</span> <span class='ocrx_word' id='word_1_78' title='bbox 431 2983 509 3010; x_wconf 85' lang='lat' dir='ltr'>sunt,</span> 
     </span>
    </p>
   </div>
   <div class='ocr_carea' id='block_1_6' title="bbox 612 1186 2359 1656">
    <p class='ocr_par' dir='ltr' id='par_1_6' title="bbox 612 1186 2359 1656">
     <span class='ocr_line' id='line_1_13' title="bbox 614 1186 2359 1249; baseline 0.001 -17"><span class='ocrx_word' id='word_1_79' title='bbox 614 1186 752 1234; x_wconf 90' lang='lat' dir='ltr'>niaca</span> <span class='ocrx_word' id='word_1_80' title='bbox 776 1186 995 1233; x_wconf 91' lang='lat' dir='ltr'>collectio</span> <span class='ocrx_word' id='word_1_81' title='bbox 1020 1186 1358 1248; x_wconf 89' lang='lat' dir='ltr'>temporalium</span> <span class='ocrx_word' id='word_1_82' title='bbox 1390 1202 1475 1248; x_wconf 92' lang='lat' dir='ltr'>per</span> <span class='ocrx_word' id='word_1_83' title='bbox 1499 1186 1712 1234; x_wconf 90' lang='lat' dir='ltr'>officium</span> <span class='ocrx_word' id='word_1_84' title='bbox 1746 1187 1814 1235; x_wconf 91' lang='lat' dir='ltr'>sic</span> <span class='ocrx_word' id='word_1_85' title='bbox 1848 1186 2140 1234; x_wconf 89' lang='lat' dir='ltr'>simulatorie</span> <span class='ocrx_word' id='word_1_86' title='bbox 2171 1186 2359 1249; x_wconf 89' lang='lat' dir='ltr'>praedi-</span> 
     </span>
     <span class='ocr_line' id='line_1_14' title="bbox 615 1266 2359 1330; baseline 0.001 -16"><span class='ocrx_word' id='word_1_87' title='bbox 615 1267 769 1315; x_wconf 89' lang='lat' dir='ltr'>candi.</span> <span class='ocrx_word' id='word_1_88' title='bbox 842 1266 1060 1315; x_wconf 92' lang='lat' dir='ltr'>Christus</span> <span class='ocrx_word' id='word_1_89' title='bbox 1095 1267 1227 1314; x_wconf 91' lang='lat' dir='ltr'>enim</span> <span class='ocrx_word' id='word_1_90' title='bbox 1264 1267 1426 1315; x_wconf 90' lang='lat' dir='ltr'>docuit</span> <span class='ocrx_word' id='word_1_91' title='bbox 1462 1282 1578 1315; x_wconf 89' lang='lat' dir='ltr'>suos</span> <span class='ocrx_word' id='word_1_92' title='bbox 1609 1267 1870 1330; x_wconf 92' lang='lat' dir='ltr'>discipulos</span> <span class='ocrx_word' id='word_1_93' title='bbox 1900 1267 2135 1316; x_wconf 90' lang='lat' dir='ltr'>Matthaei</span> <span class='ocrx_word' id='word_1_94' title='bbox 2158 1283 2220 1327; x_wconf 71' lang='lat' dir='ltr'>x„</span> <span class='ocrx_word' id='word_1_95' title='bbox 2245 1283 2359 1316; x_wconf 91' lang='lat' dir='ltr'>cum</span> 
     </span>
     <span class='ocr_line' id='line_1_15' title="bbox 612 1347 2358 1412; baseline 0.001 -16"><span class='ocrx_word' id='word_1_96' title='bbox 612 1350 758 1411; x_wconf 90' lang='lat' dir='ltr'>gratis</span> <span class='ocrx_word' id='word_1_97' title='bbox 783 1356 1068 1410; x_wconf 92' lang='lat' dir='ltr'>acceperant</span> <span class='ocrx_word' id='word_1_98' title='bbox 1092 1363 1121 1395; x_wconf 91' lang='lat' dir='ltr'>a</span> <span class='ocrx_word' id='word_1_99' title='bbox 1139 1347 1250 1396; x_wconf 92' lang='lat' dir='ltr'>Deo</span> <span class='ocrx_word' id='word_1_100' title='bbox 1270 1349 1521 1396; x_wconf 90' lang='lat' dir='ltr'>scientiam</span> <span class='ocrx_word' id='word_1_101' title='bbox 1545 1349 1901 1411; x_wconf 89' lang='lat' dir='ltr'>evangelisandi</span> <span class='ocrx_word' id='word_1_102' title='bbox 1925 1358 2068 1412; x_wconf 90' lang='lat' dir='ltr'>atque</span> <span class='ocrx_word' id='word_1_103' title='bbox 2091 1350 2358 1412; x_wconf 88' lang='lat' dir='ltr'>potentiam</span> 
     </span>
     <span class='ocr_line' id='line_1_16' title="bbox 614 1429 2358 1492; baseline 0.001 -15"><span class='ocrx_word' id='word_1_104' title='bbox 614 1430 843 1478; x_wconf 90' lang='lat' dir='ltr'>miracula</span> <span class='ocrx_word' id='word_1_105' title='bbox 866 1429 1088 1488; x_wconf 90' lang='lat' dir='ltr'>faciendi,</span> <span class='ocrx_word' id='word_1_106' title='bbox 1109 1429 1243 1492; x_wconf 90' lang='lat' dir='ltr'>quod</span> <span class='ocrx_word' id='word_1_107' title='bbox 1267 1430 1413 1491; x_wconf 90' lang='lat' dir='ltr'>gratis</span> <span class='ocrx_word' id='word_1_108' title='bbox 1440 1430 1608 1477; x_wconf 90' lang='lat' dir='ltr'>darent</span> <span class='ocrx_word' id='word_1_109' title='bbox 1642 1430 1746 1491; x_wconf 91' lang='lat' dir='ltr'>ipsa</span> <span class='ocrx_word' id='word_1_110' title='bbox 1781 1431 2049 1492; x_wconf 88' lang='lat' dir='ltr'>egentibus,</span> <span class='ocrx_word' id='word_1_111' title='bbox 2076 1431 2198 1479; x_wconf 89' lang='lat' dir='ltr'>sicut</span> <span class='ocrx_word' id='word_1_112' title='bbox 2221 1430 2358 1479; x_wconf 90' lang='lat' dir='ltr'>Deus</span> 
     </span>
     <span class='ocr_line' id='line_1_17' title="bbox 614 1511 2358 1574; baseline 0.002 -15"><span class='ocrx_word' id='word_1_113' title='bbox 614 1519 661 1559; x_wconf 92' lang='lat' dir='ltr'>et</span> <span class='ocrx_word' id='word_1_114' title='bbox 695 1511 812 1560; x_wconf 90' lang='lat' dir='ltr'>boni</span> <span class='ocrx_word' id='word_1_115' title='bbox 848 1511 1005 1574; x_wconf 87' lang='lat' dir='ltr'>angeli</span> <span class='ocrx_word' id='word_1_116' title='bbox 1042 1511 1158 1558; x_wconf 92' lang='lat' dir='ltr'>dant</span> <span class='ocrx_word' id='word_1_117' title='bbox 1193 1512 1462 1573; x_wconf 88' lang='lat' dir='ltr'>gratissime</span> <span class='ocrx_word' id='word_1_118' title='bbox 1498 1526 1585 1558; x_wconf 90' lang='lat' dir='ltr'>sua</span> <span class='ocrx_word' id='word_1_119' title='bbox 1620 1511 1764 1558; x_wconf 90' lang='lat' dir='ltr'>dona.</span> <span class='ocrx_word' id='word_1_120' title='bbox 1835 1512 1898 1559; x_wconf 93' lang='lat' dir='ltr'>Et</span> <span class='ocrx_word' id='word_1_121' title='bbox 1933 1512 2002 1560; x_wconf 90' lang='lat' dir='ltr'>sic</span> <span class='ocrx_word' id='word_1_122' title='bbox 2041 1512 2160 1560; x_wconf 90' lang='lat' dir='ltr'>istae</span> <span class='ocrx_word' id='word_1_123' title='bbox 2198 1521 2358 1562; x_wconf 88' lang='lat' dir='ltr'>sectae</span> 
     </span>
     <span class='ocr_line' id='line_1_18' title="bbox 613 1592 2170 1656; baseline 0.001 -15"><span class='ocrx_word' id='word_1_124' title='bbox 613 1594 807 1641; x_wconf 88' lang='lat' dir='ltr'>fratrum</span> <span class='ocrx_word' id='word_1_125' title='bbox 833 1602 943 1641; x_wconf 88' lang='lat' dir='ltr'>sunt</span> <span class='ocrx_word' id='word_1_126' title='bbox 967 1593 1286 1656; x_wconf 89' lang='lat' dir='ltr'>multipliciter</span> <span class='ocrx_word' id='word_1_127' title='bbox 1311 1594 1361 1639; x_wconf 93' lang='lat' dir='ltr'>in</span> <span class='ocrx_word' id='word_1_128' title='bbox 1385 1593 1571 1640; x_wconf 89' lang='lat' dir='ltr'>haeresi</span> <span class='ocrx_word' id='word_1_129' title='bbox 1598 1592 1891 1656; x_wconf 88' lang='lat' dir='ltr'>Symoniaca</span> <span class='ocrx_word' id='word_1_130' title='bbox 1913 1594 2170 1642; x_wconf 86' lang='lat' dir='ltr'>involutae.</span> 
     </span>
    </p>
   </div>
   <div class='ocr_carea' id='block_1_7' title="bbox 1283 1983 1687 2031">
    <p class='ocr_par' dir='ltr' id='par_1_7' title="bbox 1283 1983 1687 2031">
     <span class='ocr_line' id='line_1_19' title="bbox 1283 1983 1687 2031; baseline 0 0"><span class='ocrx_word' id='word_1_131' title='bbox 1283 1983 1440 2031; x_wconf 88' lang='lat' dir='ltr'><strong>CAP.</strong></span> <span class='ocrx_word' id='word_1_132' title='bbox 1479 1983 1687 2031; x_wconf 90' lang='lat' dir='ltr'>XXXV.</span> 
     </span>
    </p>
   </div>
   <div class='ocr_carea' id='block_1_8' title="bbox 1001 2111 1962 2178">
    <p class='ocr_par' dir='ltr' id='par_1_8' title="bbox 1001 2111 1962 2178">
     <span class='ocr_line' id='line_1_20' title="bbox 1001 2111 1962 2178; baseline 0.001 -19"><span class='ocrx_word' id='word_1_133' title='bbox 1001 2111 1306 2175; x_wconf 75' lang='lat' dir='ltr'>Persequitur</span> <span class='ocrx_word' id='word_1_134' title='bbox 1329 2115 1523 2161; x_wconf 77' lang='lat' dir='ltr'>ulterius</span> <span class='ocrx_word' id='word_1_135' title='bbox 1530 2115 1756 2178; x_wconf 83' lang='lat' dir='ltr'>fratrum</span> <span class='ocrx_word' id='word_1_136' title='bbox 1780 2114 1962 2161; x_wconf 83' lang='lat' dir='ltr'>abusus.</span> 
     </span>
    </p>
   </div>
   <div class='ocr_carea' id='block_1_9' title="bbox 532 2239 2356 3282">
    <p class='ocr_par' dir='ltr' id='par_1_9' title="bbox 612 2239 2356 2628">
     <span class='ocr_line' id='line_1_21' title="bbox 678 2239 2353 2306; baseline 0.003 -19"><span class='ocrx_word' id='word_1_137' title='bbox 678 2241 880 2291; x_wconf 81' lang='lat' dir='ltr'>Alz&#39;tlzz&#39;a.</span> <span class='ocrx_word' id='word_1_138' title='bbox 950 2241 1111 2305; x_wconf 91' lang='lat' dir='ltr'>Rogo,</span> <span class='ocrx_word' id='word_1_139' title='bbox 1150 2243 1293 2291; x_wconf 91' lang='lat' dir='ltr'>frater</span> <span class='ocrx_word' id='word_1_140' title='bbox 1328 2240 1628 2301; x_wconf 81' lang='lat' dir='ltr'>Phronesis4‚</span> <span class='ocrx_word' id='word_1_141' title='bbox 1666 2239 1981 2306; x_wconf 84' lang='lat' dir='ltr'>persequere⁶</span> <span class='ocrx_word' id='word_1_142' title='bbox 2023 2241 2084 2291; x_wconf 89' lang='lat' dir='ltr'>de</span> <span class='ocrx_word' id='word_1_143' title='bbox 2125 2242 2227 2291; x_wconf 87' lang='lat' dir='ltr'>aliis</span> <span class='ocrx_word' id='word_1_144' title='bbox 2267 2258 2353 2292; x_wconf 87' lang='lat' dir='ltr'>sex</span> 
     </span>
     <span class='ocr_line' id='line_1_22' title="bbox 612 2322 2356 2387; baseline 0.002 -18"><span class='ocrx_word' id='word_1_145' title='bbox 612 2322 810 2370; x_wconf 89' lang='lat' dir='ltr'>fratrum</span> <span class='ocrx_word' id='word_1_146' title='bbox 835 2325 1078 2382; x_wconf 88' lang='lat' dir='ltr'>abusibus,</span> <span class='ocrx_word' id='word_1_147' title='bbox 1105 2325 1225 2372; x_wconf 90' lang='lat' dir='ltr'>sicut</span> <span class='ocrx_word' id='word_1_148' title='bbox 1251 2326 1468 2386; x_wconf 88' lang='lat' dir='ltr'>superius</span> <span class='ocrx_word' id='word_1_149' title='bbox 1487 2325 1747 2387; x_wconf 89' lang='lat' dir='ltr'>promisisti</span> <span class='ocrx_word' id='word_1_150' title='bbox 1756 2325 1786 2382; x_wconf 81' lang='lat'>⁶,</span> <span class='ocrx_word' id='word_1_151' title='bbox 1808 2324 1921 2386; x_wconf 92' lang='lat' dir='ltr'>quia</span> <span class='ocrx_word' id='word_1_152' title='bbox 1943 2339 2045 2372; x_wconf 89' lang='lat' dir='ltr'>non</span> <span class='ocrx_word' id='word_1_153' title='bbox 2069 2324 2215 2374; x_wconf 87' lang='lat' dir='ltr'>claret</span> <span class='ocrx_word' id='word_1_154' title='bbox 2237 2325 2356 2372; x_wconf 88' lang='lat' dir='ltr'>mihi</span> 
     </span>
     <span class='ocr_line' id='line_1_23' title="bbox 614 2404 2355 2467; baseline 0.002 -17"><span class='ocrx_word' id='word_1_155' title='bbox 614 2404 863 2465; x_wconf 93' lang='lat' dir='ltr'>quomodo</span> <span class='ocrx_word' id='word_1_156' title='bbox 899 2414 1085 2453; x_wconf 92' lang='lat' dir='ltr'>reatum</span> <span class='ocrx_word' id='word_1_157' title='bbox 1122 2406 1323 2453; x_wconf 90' lang='lat' dir='ltr'>istorum</span> <span class='ocrx_word' id='word_1_158' title='bbox 1361 2407 1599 2453; x_wconf 90' lang='lat' dir='ltr'>abusuum</span> <span class='ocrx_word' id='word_1_159' title='bbox 1637 2413 1838 2467; x_wconf 90' lang='lat' dir='ltr'>possent</span> <span class='ocrx_word' id='word_1_160' title='bbox 1862 2406 2079 2463; x_wconf 89' lang='lat' dir='ltr'>evadere,</span> <span class='ocrx_word' id='word_1_161' title='bbox 2104 2406 2196 2454; x_wconf 89' lang='lat' dir='ltr'>nisi</span> <span class='ocrx_word' id='word_1_162' title='bbox 2229 2405 2355 2454; x_wconf 89' lang='lat' dir='ltr'>forte</span> 
     </span>
     <span class='ocr_line' id='line_1_24' title="bbox 613 2485 2353 2551; baseline 0.003 -20"><span class='ocrx_word' id='word_1_163' title='bbox 613 2485 810 2532; x_wconf 88' lang='lat' dir='ltr'>redeant</span> <span class='ocrx_word' id='word_1_164' title='bbox 834 2486 895 2533; x_wconf 93' lang='lat' dir='ltr'>ad</span> <span class='ocrx_word' id='word_1_165' title='bbox 919 2487 1078 2548; x_wconf 91' lang='lat' dir='ltr'>legem</span> <span class='ocrx_word' id='word_1_166' title='bbox 1102 2487 1300 2534; x_wconf 87' lang='lat' dir='ltr'>liberam</span> <span class='ocrx_word' id='word_1_167' title='bbox 1324 2486 1440 2550; x_wconf 90' lang='lat' dir='ltr'>Jesu</span> <span class='ocrx_word' id='word_1_168' title='bbox 1465 2486 1654 2544; x_wconf 90' lang='lat' dir='ltr'>Christi,</span> <span class='ocrx_word' id='word_1_169' title='bbox 1681 2488 1794 2549; x_wconf 92' lang='lat' dir='ltr'>quia</span> <span class='ocrx_word' id='word_1_170' title='bbox 1817 2487 1987 2549; x_wconf 89' lang='lat' dir='ltr'>regula</span> <span class='ocrx_word' id='word_1_171' title='bbox 2014 2500 2183 2535; x_wconf 89' lang='lat' dir='ltr'>eorum</span> <span class='ocrx_word' id='word_1_172' title='bbox 2206 2495 2353 2551; x_wconf 76' lang='lat' dir='ltr'>atque</span> 
     </span>
     <span class='ocr_line' id='line_1_25' title="bbox 613 2566 2343 2628; baseline 0.002 -16"><span class='ocrx_word' id='word_1_173' title='bbox 613 2566 793 2628; x_wconf 91' lang='lat' dir='ltr'>religio,</span> <span class='ocrx_word' id='word_1_174' title='bbox 818 2575 869 2614; x_wconf 92' lang='lat' dir='ltr'>ut</span> <span class='ocrx_word' id='word_1_175' title='bbox 894 2567 1010 2613; x_wconf 89' lang='lat' dir='ltr'>mihi</span> <span class='ocrx_word' id='word_1_176' title='bbox 1034 2567 1234 2626; x_wconf 90' lang='lat' dir='ltr'>videtur,</span> <span class='ocrx_word' id='word_1_177' title='bbox 1261 2569 1519 2615; x_wconf 90' lang='lat' dir='ltr'>necessitat</span> <span class='ocrx_word' id='word_1_178' title='bbox 1543 2568 1607 2615; x_wconf 94' lang='lat' dir='ltr'>ad</span> <span class='ocrx_word' id='word_1_179' title='bbox 1629 2568 1748 2615; x_wconf 91' lang='lat' dir='ltr'>haec</span> <span class='ocrx_word' id='word_1_180' title='bbox 1773 2568 1912 2615; x_wconf 89' lang='lat' dir='ltr'>mala.</span> <span class='ocrx_word' id='word_1_181' title='bbox 2339 2588 2343 2591; x_wconf 95' lang='lat'>·</span> 
     </span>
    </p>

    <p class='ocr_par' dir='ltr' id='par_1_10' title="bbox 532 2647 2354 3282">
     <span class='ocr_line' id='line_1_26' title="bbox 679 2647 2353 2712; baseline 0.002 -19"><span class='ocrx_word' id='word_1_182' title='bbox 679 2647 950 2694; x_wconf 76' lang='lat' dir='ltr'>Phronesz’s.</span> <span class='ocrx_word' id='word_1_183' title='bbox 1021 2647 1183 2695; x_wconf 90' lang='lat' dir='ltr'>Placet</span> <span class='ocrx_word' id='word_1_184' title='bbox 1206 2649 1323 2695; x_wconf 92' lang='lat' dir='ltr'>mihi</span> <span class='ocrx_word' id='word_1_185' title='bbox 1348 2649 1481 2710; x_wconf 92' lang='lat' dir='ltr'>quod</span> <span class='ocrx_word' id='word_1_186' title='bbox 1509 2657 1608 2696; x_wconf 91' lang='lat' dir='ltr'>tam</span> <span class='ocrx_word' id='word_1_187' title='bbox 1639 2650 1869 2697; x_wconf 89' lang='lat' dir='ltr'>subtiliter</span> <span class='ocrx_word' id='word_1_188' title='bbox 1901 2649 2119 2712; x_wconf 88' lang='lat' dir='ltr'>concipis</span> <span class='ocrx_word' id='word_1_189' title='bbox 2142 2648 2353 2698; x_wconf 87' lang='lat' dir='ltr'>radicem</span> 
     </span>
     <span class='ocr_line' id='line_1_27' title="bbox 613 2729 2354 2792; baseline 0.003 -18"><span class='ocrx_word' id='word_1_190' title='bbox 613 2729 818 2776; x_wconf 90' lang='lat' dir='ltr'>malitiae</span> <span class='ocrx_word' id='word_1_191' title='bbox 842 2729 1015 2775; x_wconf 94' lang='lat' dir='ltr'>horum</span> <span class='ocrx_word' id='word_1_192' title='bbox 1039 2729 1251 2787; x_wconf 89' lang='lat' dir='ltr'>fratrum,</span> <span class='ocrx_word' id='word_1_193' title='bbox 1273 2730 1359 2777; x_wconf 93' lang='lat' dir='ltr'>sed</span> <span class='ocrx_word' id='word_1_194' title='bbox 1382 2731 1593 2792; x_wconf 92' lang='lat' dir='ltr'>procede</span> <span class='ocrx_word' id='word_1_195' title='bbox 1618 2731 1859 2778; x_wconf 89' lang='lat' dir='ltr'>studendo</span> <span class='ocrx_word' id='word_1_196' title='bbox 1883 2731 2078 2779; x_wconf 89' lang='lat' dir='ltr'>ulterius</span> <span class='ocrx_word' id='word_1_197' title='bbox 2101 2738 2150 2779; x_wconf 87' lang='lat' dir='ltr'>et</span> <span class='ocrx_word' id='word_1_198' title='bbox 2170 2731 2354 2779; x_wconf 89' lang='lat' dir='ltr'>videbis</span> 
     </span>
     <span class='ocr_line' id='line_1_28' title="bbox 614 2800 2353 2874; baseline 0.001 -16"><span class='ocrx_word' id='word_1_199' title='bbox 614 2809 994 2858; x_wconf 81' lang='lat' dir='ltr'>catenationem⁷</span> <span class='ocrx_word' id='word_1_200' title='bbox 1034 2811 1226 2867; x_wconf 91' lang='lat' dir='ltr'>diaboli,</span> <span class='ocrx_word' id='word_1_201' title='bbox 1269 2800 1520 2874; x_wconf 88' lang='lat' dir='ltr'>quomodo</span> <span class='ocrx_word' id='word_1_202' title='bbox 1562 2813 1653 2859; x_wconf 92' lang='lat' dir='ltr'>sibi</span> <span class='ocrx_word' id='word_1_203' title='bbox 1701 2820 1811 2860; x_wconf 90' lang='lat' dir='ltr'>sunt</span> <span class='ocrx_word' id='word_1_204' title='bbox 1855 2812 2162 2874; x_wconf 91' lang='lat' dir='ltr'>multiplicius</span> <span class='ocrx_word' id='word_1_205' title='bbox 2207 2811 2353 2874; x_wconf 86' lang='lat' dir='ltr'>ligati.</span> 
     </span>
     <span class='ocr_line' id='line_1_29' title="bbox 533 2891 2353 2956; baseline 0.003 -19"><span class='ocrx_word' id='word_1_206' title='bbox 533 2944 539 2950; x_wconf 92' lang='lat'>.</span> <span class='ocrx_word' id='word_1_207' title='bbox 611 2891 811 2938; x_wconf 80' lang='lat' dir='ltr'>Primus</span> <span class='ocrx_word' id='word_1_208' title='bbox 847 2900 1008 2939; x_wconf 91' lang='lat' dir='ltr'>autem</span> <span class='ocrx_word' id='word_1_209' title='bbox 1044 2894 1237 2939; x_wconf 78' lang='lat' dir='ltr'>istorum</span> <span class='ocrx_word' id='word_1_210' title='bbox 1267 2909 1356 2940; x_wconf 81' lang='lat' dir='ltr'>sex</span> <span class='ocrx_word' id='word_1_211' title='bbox 1387 2893 1608 2940; x_wconf 82' lang='lat' dir='ltr'>abusuum</span> <span class='ocrx_word' id='word_1_212' title='bbox 1644 2901 1804 2955; x_wconf 91' lang='lat' dir='ltr'>potest</span> <span class='ocrx_word' id='word_1_213' title='bbox 1836 2892 1931 2941; x_wconf 92' lang='lat' dir='ltr'>dici</span> <span class='ocrx_word' id='word_1_214' title='bbox 1963 2892 2200 2953; x_wconf 83' lang='lat' dir='ltr'>oneratio,</span> <span class='ocrx_word' id='word_1_215' title='bbox 2231 2893 2353 2956; x_wconf 83' lang='lat' dir='ltr'>qua⁸</span> 
     </span>
     <span class='ocr_line' id='line_1_30' title="bbox 532 2953 2354 3035; baseline 0.002 -15"><span class='ocrx_word' id='word_1_216' title='bbox 532 2953 557 2972; x_wconf 65' lang='lat'>¹⁵</span> <span class='ocrx_word' id='word_1_217' title='bbox 611 2981 780 3020; x_wconf 85' lang='lat' dir='ltr'>contra</span> <span class='ocrx_word' id='word_1_218' title='bbox 826 2972 1071 3021; x_wconf 88' lang='lat' dir='ltr'>Christum</span> <span class='ocrx_word' id='word_1_219' title='bbox 1118 2981 1165 3020; x_wconf 94' lang='lat' dir='ltr'>et</span> <span class='ocrx_word' id='word_1_220' title='bbox 1211 2988 1352 3021; x_wconf 91' lang='lat' dir='ltr'>suum</span> <span class='ocrx_word' id='word_1_221' title='bbox 1398 2975 1673 3035; x_wconf 90' lang='lat' dir='ltr'>apostolum</span> <span class='ocrx_word' id='word_1_222' title='bbox 1720 2982 1833 3021; x_wconf 91' lang='lat' dir='ltr'>sunt</span> <span class='ocrx_word' id='word_1_223' title='bbox 1876 2974 2096 3022; x_wconf 91' lang='lat' dir='ltr'>fidelibus</span> <span class='ocrx_word' id='word_1_224' title='bbox 2143 2975 2354 3024; x_wconf 89' lang='lat' dir='ltr'>onerosi.</span> 
     </span>
     <span class='ocr_line' id='line_1_31' title="bbox 611 3054 2354 3119; baseline 0.002 -18"><span class='ocrx_word' id='word_1_225' title='bbox 611 3054 808 3102; x_wconf 89' lang='lat' dir='ltr'>Certum</span> <span class='ocrx_word' id='word_1_226' title='bbox 844 3055 1039 3117; x_wconf 91' lang='lat' dir='ltr'>quidem</span> <span class='ocrx_word' id='word_1_227' title='bbox 1076 3062 1148 3101; x_wconf 91' lang='lat' dir='ltr'>est</span> <span class='ocrx_word' id='word_1_228' title='bbox 1183 3055 1316 3119; x_wconf 91' lang='lat' dir='ltr'>quod</span> <span class='ocrx_word' id='word_1_229' title='bbox 1350 3055 1500 3102; x_wconf 90' lang='lat' dir='ltr'>multa</span> <span class='ocrx_word' id='word_1_230' title='bbox 1534 3056 1665 3102; x_wconf 89' lang='lat' dir='ltr'>milia</span> <span class='ocrx_word' id='word_1_231' title='bbox 1699 3055 1898 3102; x_wconf 90' lang='lat' dir='ltr'>fratrum</span> <span class='ocrx_word' id='word_1_232' title='bbox 1921 3055 2140 3118; x_wconf 91' lang='lat' dir='ltr'>dispersa</span> <span class='ocrx_word' id='word_1_233' title='bbox 2173 3057 2224 3104; x_wconf 90' lang='lat' dir='ltr'>in</span> <span class='ocrx_word' id='word_1_234' title='bbox 2254 3073 2354 3105; x_wconf 91' lang='lat' dir='ltr'>una</span> 
     </span>
     <span class='ocr_line' id='line_1_32' title="bbox 611 3135 2352 3198; baseline 0.002 -16"><span class='ocrx_word' id='word_1_235' title='bbox 611 3152 757 3198; x_wconf 89' lang='lat' dir='ltr'>parva</span> <span class='ocrx_word' id='word_1_236' title='bbox 801 3136 1046 3198; x_wconf 91' lang='lat' dir='ltr'>provincia</span> <span class='ocrx_word' id='word_1_237' title='bbox 1094 3144 1204 3183; x_wconf 93' lang='lat' dir='ltr'>sunt</span> <span class='ocrx_word' id='word_1_238' title='bbox 1245 3135 1310 3184; x_wconf 93' lang='lat' dir='ltr'>illi</span> <span class='ocrx_word' id='word_1_239' title='bbox 1358 3135 1632 3197; x_wconf 90' lang='lat' dir='ltr'>provinciae</span> <span class='ocrx_word' id='word_1_240' title='bbox 1674 3136 1831 3197; x_wconf 89' lang='lat' dir='ltr'>magis</span> <span class='ocrx_word' id='word_1_241' title='bbox 1879 3136 2080 3184; x_wconf 91' lang='lat' dir='ltr'>subdole</span> <span class='ocrx_word' id='word_1_242' title='bbox 2126 3151 2352 3198; x_wconf 91' lang='lat' dir='ltr'>onerosa,</span> 
     </span>
     <span class='ocr_line' id='line_1_33' title="bbox 612 3216 2351 3282; baseline 0.002 -18"><span class='ocrx_word' id='word_1_243' title='bbox 612 3233 757 3280; x_wconf 91' lang='lat' dir='ltr'>quam</span> <span class='ocrx_word' id='word_1_244' title='bbox 781 3217 938 3265; x_wconf 91' lang='lat' dir='ltr'>forent</span> <span class='ocrx_word' id='word_1_245' title='bbox 963 3217 1012 3263; x_wconf 92' lang='lat' dir='ltr'>in</span> <span class='ocrx_word' id='word_1_246' title='bbox 1037 3231 1152 3264; x_wconf 92' lang='lat' dir='ltr'>casu</span> <span class='ocrx_word' id='word_1_247' title='bbox 1177 3216 1303 3263; x_wconf 90' lang='lat' dir='ltr'>mille</span> <span class='ocrx_word' id='word_1_248' title='bbox 1329 3224 1545 3278; x_wconf 89' lang='lat' dir='ltr'>raptores</span> <span class='ocrx_word' id='word_1_249' title='bbox 1571 3217 1652 3279; x_wconf 93' lang='lat' dir='ltr'>qui</span> <span class='ocrx_word' id='word_1_250' title='bbox 1678 3217 1807 3265; x_wconf 92' lang='lat' dir='ltr'>illam</span> <span class='ocrx_word' id='word_1_251' title='bbox 1838 3218 2138 3279; x_wconf 86' lang='lat' dir='ltr'>provinciam</span> <span class='ocrx_word' id='word_1_252' title='bbox 2160 3219 2351 3282; x_wconf 88' lang='lat' dir='ltr'>publice</span> 
     </span>
    </p>
   </div>
   <div class='ocr_carea' id='block_1_10' title="bbox 667 3373 2347 3430">
    <p class='ocr_par' dir='ltr' id='par_1_11' title="bbox 667 3373 2347 3430">
     <span class='ocr_line' id='line_1_34' title="bbox 667 3373 2347 3430; baseline 0.002 -18"><span class='ocrx_word' id='word_1_253' title='bbox 667 3374 680 3397; x_wconf 86' lang='lat'>¹</span> <span class='ocrx_word' id='word_1_254' title='bbox 709 3373 903 3425; x_wconf 86' lang='lat' dir='ltr'>attinent]</span> <span class='ocrx_word' id='word_1_255' title='bbox 924 3378 1122 3419; x_wconf 88' lang='lat' dir='ltr'>annuunt,</span> <span class='ocrx_word' id='word_1_256' title='bbox 1136 3373 1359 3425; x_wconf 89' lang='lat' dir='ltr'>A.primae</span> <span class='ocrx_word' id='word_1_257' title='bbox 1372 3385 1529 3420; x_wconf 88' lang='lat' dir='ltr'>manus,</span> <span class='ocrx_word' id='word_1_258' title='bbox 1554 3373 1652 3413; x_wconf 90' lang='lat' dir='ltr'>B.C.</span> <span class='ocrx_word' id='word_1_259' title='bbox 1675 3373 1874 3413; x_wconf 86' lang='lat' dir='ltr'>secundae</span> <span class='ocrx_word' id='word_1_260' title='bbox 1891 3386 2051 3414; x_wconf 84' lang='lat' dir='ltr'>manus.</span> <span class='ocrx_word' id='word_1_261' title='bbox 2158 3373 2176 3398; x_wconf 75' lang='lat'>²</span> <span class='ocrx_word' id='word_1_262' title='bbox 2202 3375 2347 3430; x_wconf 81' lang='lat' dir='ltr'>talem]</span> 
     </span>
    </p>
   </div>
   <div class='ocr_carea' id='block_1_11' title="bbox 613 3425 2347 3590">
    <p class='ocr_par' dir='ltr' id='par_1_12' title="bbox 613 3425 2347 3590">
     <span class='ocr_line' id='line_1_35' title="bbox 613 3425 2347 3481; baseline 0.003 -17"><span class='ocrx_word' id='word_1_263' title='bbox 613 3426 705 3471; x_wconf 88' lang='lat' dir='ltr'>tale,</span> <span class='ocrx_word' id='word_1_264' title='bbox 723 3428 774 3465; x_wconf 91' lang='lat' dir='ltr'>A.</span> <span class='ocrx_word' id='word_1_265' title='bbox 795 3428 858 3467; x_wconf 88' lang='lat' dir='ltr'>ed.</span> <span class='ocrx_word' id='word_1_266' title='bbox 877 3441 938 3479; x_wconf 84' lang='lat' dir='ltr'>pr.</span> <span class='ocrx_word' id='word_1_267' title='bbox 1048 3427 1063 3450; x_wconf 78' lang='lat'>³</span> <span class='ocrx_word' id='word_1_268' title='bbox 1092 3427 1188 3479; x_wconf 90' lang='lat' dir='ltr'>sibi]</span> <span class='ocrx_word' id='word_1_269' title='bbox 1211 3427 1358 3472; x_wconf 89' lang='lat' dir='ltr'>taliter,</span> <span class='ocrx_word' id='word_1_270' title='bbox 1380 3427 1435 3466; x_wconf 90' lang='lat' dir='ltr'>D.</span> <span class='ocrx_word' id='word_1_271' title='bbox 1598 3425 1615 3449; x_wconf 75' lang='lat'><strong>⁴</strong></span> <span class='ocrx_word' id='word_1_272' title='bbox 1643 3427 1880 3479; x_wconf 87' lang='lat' dir='ltr'>Phronesis]</span> <span class='ocrx_word' id='word_1_273' title='bbox 1902 3441 1985 3467; x_wconf 89' lang='lat' dir='ltr'>om.</span> <span class='ocrx_word' id='word_1_274' title='bbox 2005 3428 2060 3468; x_wconf 92' lang='lat' dir='ltr'>D.</span> <span class='ocrx_word' id='word_1_275' title='bbox 2168 3427 2184 3452; x_wconf 79' lang='lat'>⁵</span> <span class='ocrx_word' id='word_1_276' title='bbox 2209 3441 2347 3481; x_wconf 87' lang='lat' dir='ltr'>perse-</span> 
     </span>
     <span class='ocr_line' id='line_1_36' title="bbox 613 3480 2346 3536; baseline 0.002 -18"><span class='ocrx_word' id='word_1_277' title='bbox 613 3480 751 3531; x_wconf 89' lang='lat' dir='ltr'>quere]</span> <span class='ocrx_word' id='word_1_278' title='bbox 772 3493 854 3520; x_wconf 91' lang='lat' dir='ltr'>om.</span> <span class='ocrx_word' id='word_1_279' title='bbox 876 3482 947 3527; x_wconf 89' lang='lat' dir='ltr'>B.;</span> <span class='ocrx_word' id='word_1_280' title='bbox 977 3481 1101 3527; x_wconf 88' lang='lat' dir='ltr'>dicas,</span> <span class='ocrx_word' id='word_1_281' title='bbox 1122 3482 1183 3520; x_wconf 90' lang='lat' dir='ltr'>ed.</span> <span class='ocrx_word' id='word_1_282' title='bbox 1205 3494 1265 3533; x_wconf 88' lang='lat' dir='ltr'>pr.</span> <span class='ocrx_word' id='word_1_283' title='bbox 1539 3480 1555 3503; x_wconf 84' lang='lat'><strong>⁶</strong></span> <span class='ocrx_word' id='word_1_284' title='bbox 1582 3482 1826 3534; x_wconf 88' lang='lat' dir='ltr'>promisisti]</span> <span class='ocrx_word' id='word_1_285' title='bbox 1848 3481 2096 3534; x_wconf 82' lang='lat' dir='ltr'>prompsisti,</span> <span class='ocrx_word' id='word_1_286' title='bbox 2116 3481 2178 3528; x_wconf 62' lang='lat' dir='ltr'>B„</span> <span class='ocrx_word' id='word_1_287' title='bbox 2197 3483 2262 3522; x_wconf 87' lang='lat' dir='ltr'>ed.</span> <span class='ocrx_word' id='word_1_288' title='bbox 2284 3496 2346 3536; x_wconf 82' lang='lat' dir='ltr'>pr,</span> 
     </span>
     <span class='ocr_line' id='line_1_37' title="bbox 613 3533 2317 3590; baseline 0.004 -19"><span class='ocrx_word' id='word_1_289' title='bbox 613 3533 625 3554; x_wconf 88' lang='lat'><em>⁷</em></span> <span class='ocrx_word' id='word_1_290' title='bbox 655 3535 973 3587; x_wconf 85' lang='lat' dir='ltr'>catenationem]</span> <span class='ocrx_word' id='word_1_291' title='bbox 995 3535 1337 3580; x_wconf 87' lang='lat' dir='ltr'>cathenationem‚</span> <span class='ocrx_word' id='word_1_292' title='bbox 1358 3534 1450 3575; x_wconf 87' lang='lat' dir='ltr'>libri</span> <span class='ocrx_word' id='word_1_293' title='bbox 1472 3548 1594 3575; x_wconf 86' lang='lat' dir='ltr'>manu</span> <span class='ocrx_word' id='word_1_294' title='bbox 1614 3535 1765 3590; x_wconf 87' lang='lat' dir='ltr'>scripti.</span> <span class='ocrx_word' id='word_1_295' title='bbox 1867 3536 1883 3559; x_wconf 83' lang='lat'><strong>⁸</strong></span> <span class='ocrx_word' id='word_1_296' title='bbox 1912 3535 2012 3588; x_wconf 89' lang='lat' dir='ltr'>qua]</span> <span class='ocrx_word' id='word_1_297' title='bbox 2034 3535 2141 3587; x_wconf 88' lang='lat' dir='ltr'>quia,</span> <span class='ocrx_word' id='word_1_298' title='bbox 2161 3536 2317 3578; x_wconf 87' lang='lat' dir='ltr'><strong>A.B.C.</strong></span> 
     </span>
    </p>
   </div>
   <div class='ocr_carea' id='block_1_12' title="bbox 2096 3619 2279 3657">
    <p class='ocr_par' dir='ltr' id='par_1_13' title="bbox 2096 3619 2279 3657">
     <span class='ocr_line' id='line_1_38' title="bbox 2096 3619 2279 3657; baseline -0.005 -3"><span class='ocrx_word' id='word_1_299' title='bbox 2096 3619 2279 3657; x_wconf 76' lang='lat' dir='ltr'>WICLIF</span> 
     </span>
    </p>
   </div>
  </div>
 </body>
</html>
