2462 4114
26 531 27 535 ⁴
14 495 35 508 πῖ
6 279 41 484 mewa
23 266 29 269 i
0 217 38 255 i.
15 146 50 155 ¹⁴3
25 119 27 122 Α

90 424 242 460 caza,-
673 410 1273 462 TRIALOGUS.

777 770 936 821 CAP.
973 771 1163 822 XXIX.

276 876 587 964 Prosequitur
609 917 721 960 rem,
745 908 1019 965 argumenta
1034 911 1127 965 pro
1150 905 1470 954 mendicatione
1483 908 1674 970 prolata

806 985 1137 1047 redarguendo.

160 1111 366 1162 Alithia.
435 1112 630 1165 Fratres
666 1114 716 1163 in
756 1115 850 1164 isto
891 1116 1193 1165 mendaciter
1234 1116 1665 1183 circumpalpitant‚
1702 1136 1851 1185 quae-

88 1203 253 1245 rentes
276 1195 531 1259 quomodo
556 1196 852 1246 mendicatio
876 1197 1056 1247 vocalis
1080 1197 1258 1248 Christi
1284 1200 1347 1248 ab
1378 1199 1579 1250 homine
1612 1218 1672 1250 ex
1704 1218 1849 1251 evan-

15 1348 17 1350 *
90 1276 223 1341 gelio
247 1284 322 1326 est
345 1276 586 1337 fundata1‚
608 1293 722 1326 cum
747 1279 905 1327 sciunt
928 1279 1063 1343 quod
1083 1279 1303 1329 Christus
1326 1296 1429 1330 non
1453 1285 1850 1346 praetermitteret

89 1365 326 1424 punctum
348 1366 451 1407 tam
474 1360 801 1408 necessarium
825 1361 889 1409 ad
913 1360 1250 1410 stabiliendum
1273 1363 1468 1412 ordines
1491 1364 1641 1413 istos²
1663 1381 1834 1416 novos,

152 1439 432 1489 Phroneszk.
501 1439 695 1490 Video³
717 1456 779 1490 ex
803 1442 1069 1491 rationibus
1094 1442 1315 1492 adductis
1340 1452 1387 1492 et
1420 1445 1522 1494 aliis
1555 1446 1784 1509 pluribuS‚
1811 1449 1851 1496 si

86 1529 328 1586 oporteat,
370 1522 685 1582 adducendiS,
726 1524 850 1586 quod
877 1525 1146 1572 mendicatio
1183 1525 1273 1574 ista
1298 1526 1530 1588 fratrum
1567 1528 1750 1577 nedum
1790 1534 1859 1578 est

87 1603 406 1668 zffundabz'lzls·
429 1605 481 1651 in
511 1605 764 1666 scrsptnra,
792 1605 842 1652 in
874 1621 972 1668 qua
1003 1621 1106 1654 non
1139 1615 1252 1655 sunt
1281 1614 1349 1655 est
1374 1616 1421 1656 et
1444 1624 1533 1656 non
1541 1610 1574 1669 ⁴,
1599 1611 1687 1659 sed
1710 1611 1853 1675 plane

90 1701 154 1735 ex
177 1685 258 1735 illa
280 1686 615 1749 improbabilis
638 1694 686 1735 et
718 1686 1017 1750 blasphema.
1088 1687 1301 1751 Expedit
1333 1697 1498 1738 tamen
1531 1699 1854 1741 transcurrere

16 1769 19 1770 ⁷
92 1783 182 1833 per
221 1783 394 1818 caecas
435 1767 700 1818 evidentias
746 1769 949 1817 fratrum
991 1769 1054 1818 ad
1094 1770 1399 1820 fundandum
1446 1773 1856 1824 mendicationem

95 1849 379 1915 hujusmodi
401 1858 450 1899 et
474 1850 579 1914 ejus
603 1851 888 1915 oppositum
911 1851 1305 1914 improbandum.

159 1931 293 1982 Nam
326 1931 570 1997 Johannis
600 1933 660 1982 iv.
697 1933 932 1991 scribitur,
970 1934 1225 1997 quomodo
1263 1933 1483 1984 Christus
1519 1935 1638 1984 dixit
1672 1935 1858 1984 mulieri

92 2013 426 2064 Samaritanae
459 2022 514 2064 ut
549 2014 684 2064 daret
719 2015 811 2064 sibi
842 2014 1039 2076 bibere;
1087 2016 1196 2079 quis
1228 2031 1347 2079 ergo
1380 2025 1581 2080 negaret
1610 2017 1858 2066 mendica-

88 2095 279 2146 tionem
301 2095 449 2145 talem
479 2098 532 2147 in
557 2096 770 2156 Christe,
795 2112 910 2147 curn
933 2096 1089 2146 fuerat
1123 2106 1224 2146 tam
1260 2100 1477 2162 egenus?
1540 2098 1638 2149 Sed
1670 2099 1859 2163 ponde-

89 2186 254 2228 rantes
281 2179 427 2227 istam
455 2178 694 2242 argutiam
727 2179 781 2226 in
815 2179 984 2242 primis
1022 2188 1392 2243 cognoscerent,
1418 2181 1538 2244 quid
1573 2180 1858 2245 descriptive

89 2268 166 2313 est
187 2259 440 2310 hominem
464 2261 527 2309 ab
550 2260 750 2308 homine
774 2261 1066 2310 mendicare.
1138 2260 1355 2321 Quando
1387 2265 1519 2312 enim
1553 2263 1762 2312 creditor
1785 2263 1860 2312 vel

85 2343 196 2407 ejus
233 2350 520 2406 procurator
558 2343 676 2406 petit
719 2342 936 2391 debitum
974 2351 1176 2406 propter
1209 2343 1550 2393 alienationem
1586 2345 1720 2405 tituli,
1756 2359 1859 2393 non

90 2425 307 2488 sequitur
347 2423 483 2488 quod
517 2423 778 2482 mendicat,
813 2431 862 2472 et
900 2425 1055 2473 multo
1093 2425 1252 2487 magis
1294 2426 1334 2474 si
1376 2425 1604 2476 dominus
1639 2428 1758 2491 petit
1796 2427 1857 2475 de

91 2507 207 2564 suiS,
243 2505 379 2570 quod
417 2505 507 2555 sibi
544 2506 758 2554 serviens
793 2505 914 2554 haec
949 2506 1199 2556 ministret.
1270 2506 1392 2556 Ideo
1427 2508 1716 2572 generaliter
1748 2507 1858 2559 licet

93 2587 318 2638 Christus
352 2585 663 2635 dominanter
706 2586 767 2635 de
804 2587 903 2636 suis
938 2588 1073 2636 bona
1108 2602 1195 2637 sua
1231 2597 1500 2652 acceperat,
1525 2605 1629 2639 non
1664 2605 1726 2639 ex
1761 2590 1857 2639 hoc

87 2669 325 2734 sequitur,
351 2667 488 2732 quod
511 2668 564 2716 in
587 2667 682 2716 hoe
706 2668 1000 2717 mendicavit
1024 2670 1088 2718 ab
1110 2669 1213 2728 illis,
1240 2669 1327 2719 sed
1350 2671 1513 2734 potius
1542 2672 1857 2720 ministerium

91 2751 212 2802 boni
258 2750 442 2815 proprii
487 2751 551 2799 ab
598 2750 716 2813 ipsis
757 2750 1003 2813 requisivit
1050 2750 1114 2799 ad
1160 2752 1348 2800 bonurn
1395 2752 1646 2801 commodi
1691 2753 1858 2801 minis-

1997 426 2101 481 345

92 2833 339 2883 trantium.
409 2832 474 2881 Et
515 2833 585 2882 sic
627 2833 814 2881 videtur
861 2833 1153 2896 quibusdam
1201 2835 1284 2897 qui
1333 2835 1637 2898 evangelium
1679 2835 1857 2884 Christi
1928 2857 1934 2862 «

2 2959 3 2962 ,
93 2915 389 2974 studuerant,
432 2914 568 2978 quod
612 2913 832 2963 Christus
875 2916 994 2978 petit
1042 2923 1215 2978 potum
1263 2916 1376 2965 fidei
1417 2926 1465 2965 et
1512 2917 1782 2966 devotionis
1829 2933 1859 2966 a

92 2997 277 3048 femina
300 2997 363 3046 ad
386 2996 690 3061 potandum3
738 3011 842 3044 non
877 2996 1007 3045 enim
1042 2997 1241 3055 videtur,
1267 2997 1402 3061 quod
1428 2997 1646 3047 Christus
1679 3014 1858 3062 aquarn

93 3079 392 3129 materialem
417 3078 647 3142 poposcit
668 3076 732 3127 ad
756 3079 1027 3142 potandum
1055 3079 1266 3143 jejunuS,
1292 3080 1558 3143 specialiter
1583 3096 1695 3129 cum
1720 3081 1858 3130 fuerit

93 3160 218 3210 hora
258 3169 408 3219 sexta,
452 3168 501 3208 et
542 3160 764 3224 discipuli
805 3161 1026 3209 abierunt
1068 3160 1118 3208 in
1159 3161 1318 3209 villam
1362 3161 1424 3210 ad
1467 3162 1729 3212 emendum
1771 3162 1858 3211 illis

99 3242 294 3292 cibaria.
366 3242 592 3291 Similiter
633 3243 672 3290 si
714 3241 935 3291 Christus
977 3257 1155 3306 aquam
1198 3243 1493 3291 materialem
1534 3242 1787 3307 poposcit⁸
1830 3260 1859 3294 a

0 3336 2 3338 ’
94 3324 280 3374 semina
316 3323 380 3373 ad
422 3323 705 3383 bibendum,
743 3331 858 3372 tunc
900 3324 1151 3387 probabile
1193 3332 1279 3383 est,
1317 3325 1451 3388 quod
1492 3341 1581 3389 pro
1624 3326 1704 3374 illo
1739 3334 1858 3390 potu

122 3478 131 3488 .
151 3454 165 3478 ¹
195 3451 385 3505 fundata]
407 3451 628 3498 fundanda,
651 3451 705 3491 D.
727 3451 790 3493 ed.
815 3466 875 3505 pr.
1107 3453 1123 3477 ²
1150 3452 1271 3505 istos]
1293 3466 1374 3494 om.
1397 3454 1451 3494 D.
1674 3455 1689 3478 ³
1717 3455 1857 3510 video]

97 3507 219 3549 video
239 3507 364 3560 quod,
386 3507 539 3548 A.B.C.
562 3507 625 3547 ed.
647 3520 706 3559 pr.
905 3506 919 3529 ‘
947 3506 997 3546 cf.
1021 3518 1040 3547 2
1065 3507 1251 3549 Corinth.
1272 3508 1297 3548 i.
1323 3519 1386 3562 19.
1605 3509 1619 3532 ⁵
1646 3511 1857 3564 poposcit]

94 3562 367 3616 poposcisset,
391 3561 448 3601 D.
