2496 4108
8 401 256 504 οῖ’-φῶ,
304 392 315 403 ·
436 388 439 394 “
507 475 510 477 Α
701 406 1267 459 TRIALOGUS.
1336 438 1343 442 -

69 530 207 599 Q
224 538 363 603 quod
385 546 545 589 textus
580 540 786 604 apostoli
822 542 1106 590 contradicit
1141 543 1362 605 explicite
1397 544 1486 591 sibi
1522 543 1613 606 ipsi
1648 543 1846 606 quando

73 612 269 684 ᾄιιτ
280 621 528 693 praecipio
555 636 656 670 non
692 637 786 686 ego
820 623 907 670 sed
931 622 1205 682 Dominus,'
1229 625 1312 672 ubi
1346 624 1531 672 videtur
1566 626 1849 688 exprimere,

86 694 271 771 Qud
257 716 362 770 1pse
377 703 611 766 praecipit
634 711 680 751 et
704 718 807 752 non
832 704 935 767 ipse
950 706 1207 767 praecipit;
1246 706 1333 754 sed
1355 706 1474 754 sciat
1496 707 1603 755 talis
1628 707 1851 769 sophisti-

90 792 221 846 ψ
240 797 440 833 sensum
463 784 754 834 catholicum
785 793 833 834 et
864 786 1186 848 pertinentem
1219 788 1479 850 scripturae
1511 789 1778 851 imponere,
1804 796 1852 836 et

85 859 259 923 Mt
296 880 343 914 a·
366 880 455 915 sua
493 866 636 915 stulta
669 855 984 930 blasphemia.
1055 867 1259 916 Videtur
1297 870 1427 916 enim
1466 870 1742 931 apostolum
1783 870 1851 918 sic

5 941 7 943 ¹
66 947 278 1004 mure
322 947 374 995 in
421 947 512 997 ista
557 949 793 1011 scriptura
835 948 1237 1008 Corinthiorum¹‚
1283 955 1294 975 ‘
1312 966 1412 998 non
1460 952 1708 1014 praecipio
1756 966 1851 1013 ego
1893 1011 1897 1014 q

47 1020 435 1097 &principantem
461 1029 546 1078 sed
570 1028 814 1078 Dominus
849 1031 900 1078 in
935 1032 1186 1093 evangelio
1223 1031 1458 1080 Matthaei
1493 1048 1719 1094 expresse
1746 1048 1852 1081 sen-

57 1106 301 1163 ωιηιτη
318 1110 643 1173 supradictam
663 1110 885 1169 declarat,
903 1127 1049 1174 quam
1069 1113 1309 1161 recitative
1325 1114 1462 1161 vobis
1483 1113 1850 1162 commemoro.’

72 1188 168 1250 Q
196 1191 271 1243 nie
309 1191 523 1241 tollenda
558 1201 633 1242 est
674 1193 888 1241 secunda
927 1194 1209 1255 apparentia
1248 1186 1610 1256 repugnantiae,
1651 1195 1851 1257 quando

66 1272 281 1333 φιτ,·
293 1274 539 1337 praecipio
581 1289 690 1337 ego,
734 1290 837 1322 non
878 1274 1152 1322 Dominus?
1230 1275 1434 1323 Videtur
1475 1277 1606 1323 enim
1647 1276 1852 1333 Pseusti,

63 1365 78 1384 ³
95 1367 214 1411 mm
235 1355 372 1404 Deus
395 1357 668 1406 necessario
694 1357 794 1419 agit
816 1357 867 1404 in
892 1357 1102 1420 qualibet
1132 1357 1336 1414 actione,
1362 1357 1495 1418 quod
1528 1358 1567 1405 si
1599 1357 1849 1419 apostolus

12 1448 57 1499 q}
99 1436 368 1505 quidquam
414 1438 660 1501 praecipit,
702 1446 817 1486 tunc
865 1446 910 1485 et
951 1437 1221 1485 Dominus²
1268 1439 1550 1500 specialiter,
1594 1453 1706 1487 cum
1749 1440 1853 1487 sine

51 1514 350 1586 principali
373 1519 680 1568 auetoritate³
702 1518 903 1567 Domini
934 1534 1036 1566 non
1066 1519 1188 1567 valet
1220 1521 1513 1582 praeceptio.
1586 1517 1724 1568 Patet
1748 1521 1853 1583 qui-

49 1600 71 1638 Ᾰ
101 1600 217 1654 dem
238 1615 302 1657 ex
325 1602 447 1649 serie
469 1601 728 1648 verborum
754 1601 976 1663 apostoli,
1001 1598 1162 1664 quod⁴
1186 1603 1403 1660 intendit,
1430 1617 1480 1650 se
1516 1603 1566 1648 in
1601 1602 1854 1664 evangelio

43 1713 78 1732 ,ω
99 1697 192 1748 mo
226 1681 551 1747 superaddere
585 1697 811 1744 expresse
849 1683 1137 1731 sententiam
1173 1698 1320 1745 quam
1349 1683 1593 1731 Dominus
1628 1684 1678 1730 in
1714 1699 1854 1746 prae-

44 1814 47 1826 ζ
99 1762 233 1817 dicto
255 1760 508 1826 evangelio
532 1777 634 1814 non
658 1764 903 1825 expressit.
966 1764 1063 1812 Sed
1089 1765 1213 1812 absit
1237 1764 1431 1812 credere
1458 1766 1574 1826 quin
1600 1766 1849 1827 apostolus

101 1845 422 1910 intendebam
445 1845 582 1913 quod
613 1832 857 1892 Dominus
893 1845 1216 1908 principaliter
1249 1847 1520 1908 praecepit⁶
1554 1847 1856 1902 sententiam,

28 1932 54 1985 ’ζ
100 1941 251 1995 quam
275 1926 525 1996 apostolus
547 1925 627 1975 hic
662 1927 885 1974 inculcat.
958 1927 1094 1974 Patet
1126 1927 1323 1989 quidem
1359 1943 1419 1976 ex
1446 1928 1566 1975 serie
1599 1927 1857 1974 verborum

98 2009 322 2082 apostoli,
346 2023 462 2065 cum
495 2010 621 2056 bene
657 2009 792 2057 scivit
827 2009 962 2071 quod
998 2010 1234 2056 sententia
1270 2024 1356 2056 sua
1380 2023 1481 2055 non
1506 2009 1683 2056 valeret
1709 2009 1855 2066 aliter,

44 2094 81 2152 JK,
95 2090 152 2149 tt
172 2090 345 2159 quod‘
360 2091 401 2145 si
425 2091 534 2155 quis
558 2090 779 2153 loquitur,
806 2091 942 2152 quasi
968 2105 1220 2138 sermones
1244 2090 1337 2138 Dei
1363 2090 1506 2138 debet
1536 2091 1723 2153 loqui⁷.'
1795 2091 1857 2153 Et

89 2165 248 2232 (ntum
289 2172 494 2225 modum
533 2172 763 2235 loquendi
801 2172 972 2220 vellem
1009 2171 1320 2220 Pharisaeos8
1358 2182 1552 2220 nostros
1596 2173 1857 2230 attendere,

100 2255 187 2328 φὶ
226 2263 408 2320 negant
454 2254 710 2302 infideliter
751 2254 885 2316 quod
924 2253 1083 2301 hostia
1123 2263 1405 2302 consecrata
1446 2256 1506 2302 sit
1546 2255 1701 2316 panis,
1745 2255 1858 2316 quia

39 2334 54 2395 f
101 2337 383 2394 Ambronm
417 2344 466 2384 et
500 2336 578 2384 alii
614 2336 842 2383 doctores
877 2335 1122 2383 videntur⁹
1159 2336 1332 2393 dicere,
1366 2337 1501 2398 quod
1536 2345 1648 2398 post
1684 2351 1858 2384 conse-

47 2422 54 2450 s
83 2419 372 2492 elationem
395 2433 498 2466 non
521 2417 661 2480 panis
693 2418 781 2465 sed
814 2431 990 2479 corpus
1014 2417 1217 2464 Domini
1250 2426 1323 2465 est
1356 2417 1630 2465 dicendum.
1701 2417 1857 2464 Num-

31 2498 40 2558 ]
102 2500 221 2568 quid
250 2499 370 2555 tales
400 2498 672 2562 blasphemi
695 2498 862 2546 volunt
893 2513 1073 2560 negare
1106 2498 1254 2546 fidem
1287 2499 1556 2561 scripturae
1579 2498 1784 2560 apostoli
1810 2507 1858 2544 et

40 2588 51 2626 Γ
101 2581 348 2646 ιιθιέὶιιιιιι10
389 2580 567 2629 Christi
607 2587 804 2643 propter
846 2579 1088 2626 sinistrum
1129 2580 1422 2627 intellectum
1464 2579 1595 2626 verbi
1644 2579 1856 2626 doctoris

96 2662 446 2731 apocryphiu?
505 2661 733 2724 Intelligit
755 2660 931 2708 enim¹²
954 2675 1089 2708 more
1126 2661 1346 2722 apostoli,
1373 2661 1507 2721 quod
1540 2670 1652 2721 post
1685 2674 1856 2706 conse·

32 2759 36 2786 Ἰῑ
87 2745 370 2804 §rationem
402 2758 506 2792 non
529 2741 853 2806 principaliter
877 2742 963 2789 erit
987 2742 1155 2804 panis;
1205 2750 1252 2788 et
1277 2741 1395 2789 tales
1430 2749 1539 2788 sunt
1569 2741 1746 2788 multae
1772 2755 1856 2787 ne-

99 2827 290 2918 ωηο
315 2840 437 2890 quas
461 2825 511 2872 in
536 2825 769 2887 scriptura
799 2823 980 2886 poteris
1003 2823 1224 2885 reperire.
1298 2822 1394 2870 Sed
1419 2822 1704 2870 dimittendo
1729 2821 1857 2870 istud
1934 2883 1940 2889 .

31 2927 53 2971 13
96 2907 290 2972 videtur
309 2907 443 2966 mihi,
469 2906 603 2970 quod
627 2905 913 2969 apostolus
901 2920 951 2952 1n
975 2905 1307 2967 propositione
1340 2919 1427 2952 sua
1459 2903 1674 2951 secunda
1706 2903 1857 2951 incul-

102 2982 230 3052 μμ*
256 2990 548 3039 sententiam
584 3002 734 3051 quam
758 2987 857 3035 dixi
894 2987 1125 3048 superius,
1151 2985 1320 3048 quod‘
1337 2986 1376 3033 si
1401 2985 1604 3033 infidelis
1641 2984 1855 3042 discedit,

26 3056 78 3124 *252³
98 3069 350 3147 Μαίη
399 3086 504 3120 non
539 3078 612 3119 est
648 3070 779 3118 enim
814 3068 1022 3117 servituti
1060 3067 1304 3130 subjectus
1341 3067 1483 3115 frater
1517 3075 1598 3114 aut
1634 3081 1773 3115 soror
1807 3067 1856 3115 in

161 3229 176 3258 ¹
205 3229 535 3283 Corinthiorum]
557 3227 795 3274 Corinthiis,
817 3228 871 3268 D.
1173 3226 1188 3249 ²
1217 3232 1314 3267 tunc
1333 3232 1374 3266 et
1394 3225 1619 3302 Dominus]
1640 3231 1680 3266 et
1702 3231 1797 3266 tunc
1817 3231 1857 3266 et

32 3257 56 3296 ἲ
266 3298 328 3332 us,
348 3285 412 3326 ed.
433 3298 494 3337 p.r
657 3284 672 3306 ³
701 3281 964 3333 auctoritate]
986 3281 1314 3326 auctorisatione‚
1336 3280 1390 3319 D.
1557 3278 1728 3332 ¹quod]
1750 3280 1856 3331 quia,

33 3351 56 3372 (ι
71 3282 214 3561 Ξῷ.
204 3339 265 3381 ..C
285 3339 398 3392 edp
651 3335 952 3388 “intendebaq
974 3336 1173 3382 intendat,
1193 3336 1256 3375 ed.
1277 3348 1337 3388 pr.
1583 3333 1856 3386 ⁶praecepit]

170 3393 362 3438 cudebat,
382 3393 436 3433 A.
635 3390 732 3431 ⁷.cf
758 3402 775 3430 1
801 3390 935 3430 Petri'
925 3403 976 3429 iv.
1002 3401 1064 3430 11.
1244 3386 1550 3439 ⁸Pharisaeos]
1570 3388 1858 3441 philosophos,

41 3470 65 3486 «.
182 3452 227 3488 et
245 3447 293 3488 B.
313 3447 470 3501 primae
489 3458 647 3487 manus.
785 3445 801 3467 ⁹
830 3444 1076 3484 Ambrosius
1096 3449 1136 3483 et
1155 3443 1224 3483 alii
1244 3443 1435 3483 doctores
1454 3441 1658 3494 videntur]
1681 3443 1859 3482 Ambro-

128 3503 129 3506 ’
214 3501 386 3548 videtur,
407 3501 562 3541 A.B.C.
768 3499 798 3523 ¹⁰
827 3498 1015 3551 verbum]
1037 3498 1181 3543 verbis,
1202 3498 1264 3537 ed.
1286 3511 1346 3550 pr.
1557 3497 1585 3521 ¹¹
1613 3496 1857 3549 apocryphi]

33 3581 49 3618 ⁴⁷,
109 3555 300 3621 werisi,
321 3557 366 3596 Β.
481 3556 510 3579 ¹²
539 3553 668 3606 enim]
691 3567 772 3593 om.
795 3553 842 3594 B.
956 3554 985 3576 ¹³
1013 3551 1210 3603 inculcat]
1234 3551 1417 3596 includit,
1439 3551 1488 3592 A.
1494 3550 1540 3592 B
1544 3551 1591 3591 C.
1613 3551 1675 3590 ed.
1698 3564 1758 3606 pr.

139 3654 146 3661 .
177 3638 478 3675 TRIALOGUS.
965 3637 997 3671 Y

1987 421 2087 476 321
