2424 4120
367 442 473 496 432

1055 433 1475 497 JOANNIS
1543 435 1891 485 WICLIF
2222 445 2424 503 cAP.5.{

2417 531 2424 566 l

607 568 674 614 sic
708 567 791 614 ubi
816 566 1034 616 Christus
1068 568 1219 616 voluit
1252 569 1450 616 moralia
1483 567 1755 630 ponderari,
1780 569 1855 616 isti
1892 577 2104 619 statuunt
2139 572 2354 635 despon-
2416 567 2424 630 ᾗ

606 647 866 695 sationem1
892 664 1004 695 cum
1023 649 1120 697 suis
1145 650 1325 707 ritibus,
1346 649 1607 698 moralibus
1633 651 1954 698 communiter
1973 655 2350 714 praetermissis;
2420 648 2424 667 ³

604 738 651 776 et
691 729 760 777 sic
802 729 862 777 de
897 731 1322 779 innumerabilibus
1357 732 1514 789 rebuS,
1552 730 1700 793 quas²
1734 731 1810 780 isti
1845 733 2021 780 novelli
2055 734 2254 783 ordines
2289 736 2353 784 ad

604 826 729 859 onus
754 811 985 860 ecclesiae
1010 812 1334 861 introducunt.
1404 812 1525 860 Ideo
1549 820 1718 860 contra
1743 813 2033 862 Trinitatem
2065 824 2271 878 peccant
2302 817 2353 864 in
2419 838 2422 845 ¹

603 907 807 940 numero
842 893 1060 955 pondere
1096 902 1144 941 et
1171 909 1410 942 mensura.
1482 894 1546 941 Et
1576 902 1723 956 patet,
1758 895 1893 957 quod
1925 894 2044 943 false
2076 897 2350 956 assumitur,

604 973 736 1034 quod
772 975 1056 1023 observant³
1091 976 1270 1034 omnia,
1296 991 1420 1038 quae
1457 983 1612 1023 servat
1645 977 1844 1038 antiqua
1866 977 2035 1039 religio
2060 976 2346 1027 Christiana.

603 1054 748 1102 Unde
782 1055 967 1103 videtur
1001 1057 1176 1115 multis,
1203 1058 1336 1119 quod
1373 1058 1495 1105 sicut
1531 1057 1767 1105 diabolice
1805 1057 2062 1120 deturpant
2096 1059 2354 1108 ecelesiam

603 1151 714 1183 cum
732 1135 1062 1185 traditionibus
1083 1138 1172 1185 sibi
1191 1138 1327 1195 fictis,
1349 1138 1417 1185 sic
1437 1138 1717 1186 ecclesiam4
1740 1139 2063 1201 multipliciter
2085 1140 2355 1191 illibertant.

671 1215 874 1264 Secundo
909 1218 1130 1280 objicitur
1164 1234 1251 1280 per
1273 1219 1369 1266 hoc
1379 1219 1409 1276 ⁵,
1436 1219 1570 1280 quod
1605 1235 1634 1266 a
1656 1227 1875 1281 tempore
1911 1235 2010 1282 quo
2047 1221 2123 1269 isti
2157 1222 2355 1271 ordines
2422 1276 2424 1278 ,

602 1298 896 1359 inceperunt,
923 1299 1198 1360 regulariter
1221 1300 1383 1347 vivunt
1416 1300 1686 1361 religiosius
1719 1315 1868 1362 quam
1899 1302 1977 1349 alii
2009 1301 2071 1350 de
2104 1305 2354 1351 communi

602 1379 771 1426 ordine
792 1378 1094 1439 Christian03
1139 1381 1274 1442 quod
1292 1380 1596 1429 infallibiliter
1619 1381 1877 1440 convincit,
1904 1382 2038 1444 quod
2061 1383 2140 1431 isti
2161 1384 2356 1433 ordines

601 1460 806 1507 multum
840 1468 1044 1523 prosunt
1080 1461 1324 1520 ecclesiae,
1364 1470 1411 1509 et
1448 1462 1582 1524 quod
1616 1462 1780 1510 vivunt
1816 1463 2022 1511 strictius
2063 1471 2208 1528 atque
2241 1480 2352 1528 per-

601 1541 769 1589 fectius
794 1557 939 1603 quam
965 1543 1189 1590 homines
1214 1544 1304 1590 sub
1329 1544 1580 1590 communi
1604 1543 1775 1591 ordine
1802 1543 2092 1593 Christiano.

672 1623 770 1671 Sed
792 1621 897 1671 hic⁶
921 1625 1104 1682 dicitur,
1132 1625 1265 1687 quod
1290 1625 1379 1673 ista
1402 1625 1521 1672 ratio
1546 1633 1718 1687 peccat
1750 1626 1801 1672 in
1831 1626 2030 1674 materia
2059 1626 2182 1675 sicut
2204 1627 2351 1690 prior,

601 1720 712 1752 cum
736 1706 944 1767 religiosi
969 1706 1044 1754 isti
1068 1707 1118 1754 in
1141 1722 1321 1768 magna
1344 1714 1478 1768 parte
1504 1713 1616 1753 sunt
1639 1707 1851 1768 pessimi,
1872 1715 1919 1754 et
1942 1707 2008 1754 illi
2032 1707 2115 1770 qui
2132 1707 2354 1756 videntur

601 1802 707 1834 esse
732 1784 948 1849 aliquid⁷,
976 1796 1084 1835 sunt
1117 1788 1377 1850 sophistice
1410 1787 1601 1849 palliati.
1674 1788 1793 1835 Ideo
1828 1788 1942 1836 dicit
1972 1788 2271 1850 Augustinus
2302 1789 2354 1836 in

601 1868 804 1930 epistola
828 1869 890 1916 ad
914 1869 1040 1917 cives
1066 1865 1453 1931 Hipponenses⁸‚
1473 1869 1607 1931 quod
1631 1884 1660 1916 a
1677 1877 1898 1931 tempore
1923 1883 2023 1931 quo
2041 1868 2152 1918 Deo
2179 1870 2352 1918 servire

600 1950 857 2011 inceperat,
895 1950 955 1997 de
997 1950 1173 1997 difficili
1214 1958 1439 2012 expertus
1477 1958 1549 1997 est
1586 1950 1810 1997 meliores
1852 1949 2182 1998 claustralibus
2197 1965 2211 2009 ς
2265 1950 2354 1998 sed
2411 1943 2424 2001 ἐ

600 2029 787 2078 Deum⁹
820 2039 1032 2088 testatur,
1058 2030 1192 2093 quod
1224 2045 1475 2092 nunquam
1502 2030 1617 2078 vidit
1650 2030 1928 2092 simpliciter
1960 2031 2221 2093 praviores.
2288 2031 2354 2080 Et

603 2112 724 2159 sicut
761 2111 847 2159 fuit
888 2119 1106 2174 tempore
1147 2112 1241 2169 illo,
1278 2112 1346 2159 sic
1384 2110 1470 2159 fuit
1508 2112 1570 2159 ab
1611 2111 1691 2159 illo
1732 2119 1952 2174 tempore
1993 2127 2147 2175 usque
2182 2113 2351 2162 modo.
2420 2146 2424 2155 ,

603 2192 734 2241 Nam
775 2194 996 2240 simulata
1034 2194 1274 2251 sanctitas,
1316 2207 1440 2254 quae
1483 2201 1555 2240 est
1603 2192 1780 2255 duplex
1821 2193 2060 2256 iniquitas,
2102 2193 2217 2242 facit
2261 2209 2351 2242 eos
2415 2207 2424 2236 ς

601 2275 805 2336 pej0res,
842 2274 950 2322 licet
987 2274 1191 2322 ecclesia
1227 2289 1313 2336 per
1354 2289 1523 2321 eorum
1564 2273 1859 2336 hypocrisim
1901 2274 1961 2322 sit
1999 2274 2218 2337 decepta.
2288 2275 2354 2324 Et
2414 2299 2424 2330 ‚g

600 2364 744 2417 patet,
775 2356 908 2418 quod
936 2356 1044 2404 licet
1076 2356 1369 2418 quandoque
1401 2356 1560 2402 vivant
1593 2356 1800 2402 strictius
1831 2368 1980 2417 quarn
2011 2355 2180 2418 reliqui
2211 2370 2352 2404 secu·

599 2437 737 2495 lares,
773 2444 936 2484 tamen
977 2452 1038 2484 ex
1078 2437 1174 2484 hoc
1217 2451 1362 2498 saepe
1403 2436 1566 2483 vivunt
1605 2435 1946 2498 imperfectius,
1982 2435 2118 2499 quod
2157 2419 2350 2498 oportet
2416 2447 2424 2502 ‚j

602 2518 734 2580 ipsos
753 2518 1037 2575 concedere,
1057 2532 1169 2565 cum
1189 2532 1335 2579 saepe
1355 2524 1550 2565 currunt
1568 2516 1848 2565 Romanam
1866 2517 2047 2565 curiam
2066 2525 2351 2580 sumptuose
2415 2531 2424 2575 ζ

600 2613 690 2661 pro
732 2599 1092 2661 dispensatione
1135 2613 1223 2646 suo
1266 2597 1467 2645 ordini¹⁰
1507 2598 1785 2656 obtinenda,
1829 2599 1964 2660 quod
2004 2598 2206 2646 omnino
2246 2614 2349 2666 non

599 2680 824 2738 facerent,
842 2681 934 2728 nisi
942 2680 977 2707 11
996 2680 1412 2743 imperfectionem
1430 2679 1480 2726 in
1499 2679 1804 2727 observantia
1821 2679 1997 2727 rituum
2017 2694 2216 2728 suorum
2235 2668 2349 2743 sup-

599 2770 837 2824 ponerent
851 2778 864 2821 3
901 2770 950 2809 et
975 2762 1243 2824 specialiter
1267 2760 1483 2823 episcopi
1508 2768 1555 2809 et
1578 2760 1821 2823 graviores
1852 2775 2104 2823 personae,
2129 2775 2254 2824 quae
2286 2762 2349 2810 ad

598 2843 994 2890 exonerationem
1041 2841 1353 2890 traditionis1²
1399 2842 1472 2890 sui
1518 2841 1700 2890 ordinis
1746 2842 1855 2904 plus
1902 2841 2136 2890 laborant.
2224 2842 2346 2891 Ideo

596 2923 795 2986 quando
841 2925 1111 2981 assumitur,
1153 2923 1286 2985 quod
1326 2923 1536 2984 religiosi
1576 2923 1653 2971 isti
1692 2923 1854 2971 vivunt
1901 2923 2194 2971 secularibus
2239 2924 2347 2987 plus

595 3004 818 3066 perfecte,
860 3005 934 3052 vel
976 3003 1356 3067 sophisticatur¹³
1394 3004 1446 3050 in
1486 3003 1852 3065 particularitate
1889 3003 1963 3050 vel
2000 3003 2175 3052 falsum
2213 3019 2348 3053 assu-

594 3086 751 3133 mitur.
845 3085 1010 3142 Notet‚
1059 3085 1272 3146 inquam,
1323 3083 1533 3142 fidelis14,
1582 3085 1835 3146 quomodo
1880 3085 1931 3131 in
1979 3085 2271 3133 secularibus
2317 3100 2347 3134 a

594 3174 813 3229 tempore
839 3165 1016 3214 Chn'sti
1051 3166 1228 3213 mansit
1262 3165 1463 3212 fideliter
1497 3165 1664 3226 religio
1697 3163 1984 3222 Christiana,
2009 3173 2058 3213 et
2091 3166 2345 3228 quomodo
2410 3186 2424 3235 ‚j

649 3305 663 3328 1
692 3303 1070 3356 desponsationem]
1092 3302 1451 3355 dispensationem,
1473 3303 1522 3342 C.
1655 3302 1671 3325 ²
1698 3303 1832 3350 rebus,
1853 3302 1971 3355 quas]
1950 3302 2139 3355 ]ritibus
2157 3315 2273 3355 quos,
2293 3303 2344 3344 C.
2409 3298 2424 3353 ζῖ

594 3358 875 3409 ³observant]
897 3358 1099 3403 observat,
1120 3358 1170 3397 C.
1298 3355 1314 3379 ⁴
1340 3356 1573 3420 ecclesiam]
1594 3357 1730 3402 etiarn,
1751 3357 1801 3397 C.
1975 3369 2049 3409 per
2066 3356 2166 3409 hoc]
2148 3357 2272 3409 ]om.
2293 3357 2343 3398 C.

594 3411 609 3434 ⁶
637 3411 724 3463 hic]
745 3412 838 3457 hoc,
859 3413 908 3452 C.
1079 3410 1294 3462 ⁷aliquid]
1317 3412 1368 3450 cf.
1390 3410 1484 3450 Gal.
1504 3412 1546 3451 ii.
1566 3409 1615 3456 6;
1651 3410 1775 3458 aliud,
1795 3412 1846 3452 C.
2008 3410 2104 3451 ⁸.cf
2122 3410 2344 3462 Augustini
2395 3454 2408 3461 -

596 3466 706 3517 Opp.
734 3467 795 3505 ed.
813 3466 959 3505 Venet.
979 3472 1095 3518 1729.
1112 3465 1283 3504 tom.II.
1303 3463 1391 3510 186,
1409 3465 1486 3516 Ep
1503 3465 1745 3506 LXXVIII.
1879 3464 1896 3488 ⁹
1924 3464 2082 3516 Deum]
2102 3465 2270 3511 dictum,
2291 3464 2341 3504 C.

596 3519 626 3542 1⁰
649 3519 801 3570 ordini]
824 3519 978 3564 ordine,
998 3520 1129 3559 a.b.C.
1320 3518 1350 3542 ¹¹
1378 3478 1476 3570 nisip]
1498 3532 1581 3558 om.
1601 3532 1638 3558 a.
1857 3518 1890 3541 ¹²
1914 3517 2164 3571 traditionis]
2145 3517 2269 3571 ]om.
2289 3519 2340 3565 C.
2403 3514 2415 3525 '⁸

596 3572 625 3596 ¹³
654 3573 961 3624 sophisticatur]
982 3573 1215 3625 sophistice,
1238 3573 1286 3613 C.
1424 3571 1453 3596 14
1481 3572 1631 3624 fidelis]
1653 3570 1840 3619 infidelis,
1859 3585 1895 3612 a.
1897 3573 1938 3612 b.
1941 3573 1992 3613 C.

2085 3640 2270 3674 wchIF

2302 3405 2424 4120 ³³
