2462 4114
393 398 501 467 364
1077 397 1504 461 JOANNIS
1576 399 1933 450 WICLIF
2233 422 2390 452 univ.

641 534 838 589 tianum‚
866 531 950 580 sed
985 532 1131 594 longe
1167 531 1424 594 perfectius
1460 533 1604 582 nobis
1637 533 1946 592 secularibuS,
1975 535 2100 585 sicut
2133 536 2389 598 perfectius

642 616 898 661 observant
922 614 972 659 in
997 614 1091 660 vita
1125 622 1171 661 et
1203 627 1350 675 opere
1383 614 1543 675 legem
1569 614 1760 662 Christi.
1833 614 1931 663 Sed
1962 617 2287 665 communiter
2318 626 2392 666 est

639 696 907 756 quaesitum
932 696 994 741 ab
1020 696 1102 753 eis,
1137 695 1388 756 quomodo
1423 704 1532 743 sunt
1561 704 1784 758 quattuor
1808 697 2004 745 ordines
2027 697 2102 745 vel
2125 698 2384 760 religiones

642 776 1019 823 mendicantium
1046 776 1296 824 distinctae
1321 776 1395 823 in¹
1421 778 1595 839 specie,
1623 785 1703 824 aut
1736 778 1989 839 quomodo
2014 785 2186 841 petunt
2209 793 2391 842 papam

637 872 751 905 suos
787 857 981 905 ordines
1017 865 1065 905 et
1100 858 1422 906 correctiones
1459 873 1627 906 eorum
1662 859 1816 906 taliter
1851 859 2153 918 confirmare,
2189 868 2238 907 et
2274 875 2388 908 cum

637 939 825 987 novitas
850 940 979 996 ritus,
1006 954 1151 1001 quem
1184 948 1283 986 tam
1316 940 1617 1002 singulariter
1646 941 1918 997 observant,
1945 955 2048 988 non
2081 940 2141 988 sit
2165 941 2388 1004 specialis

634 1020 756 1068 ordo
799 1021 876 1068 vel
917 1022 1100 1083 religiO,
1142 1023 1383 1083 quaeritur
1430 1022 1752 1069 communiter
1800 1023 1861 1069 ab
1904 1022 1987 1079 eis,
2030 1037 2179 1084 quare
2225 1023 2387 1085 ipsum

634 1103 838 1150 retinent
872 1111 972 1150 tam
1009 1111 1284 1151 constanter
1307 1111 1355 1150 et
1389 1104 1440 1150 in
1475 1118 1575 1166 quo
1611 1103 1799 1165 proficit
1835 1103 2015 1151 fructus
2051 1103 2156 1165 eJus
2180 1103 2255 1150 vel
2290 1111 2387 1151 sta-

633 1182 791 1231 bilitur
819 1183 1052 1242 fundatio,
1080 1184 1347 1246 specialiter
1382 1199 1494 1232 cum
1520 1183 1786 1231 secundum
1819 1184 1966 1232 fidem
1999 1185 2260 1247 scripturae
2284 1199 2387 1233 non

632 1268 742 1315 licet
772 1282 916 1330 supra
948 1268 1105 1329 ipsam
1129 1267 1203 1314 et²
1233 1267 1517 1328 religionem
1552 1281 1701 1329 quam
1725 1266 1944 1314 Christus
1975 1266 2192 1324 instituit,
2228 1267 2388 1329 gravi-

633 1357 755 1397 tates
796 1349 914 1397 tales
956 1364 1107 1396 novas
1151 1349 1218 1396 sic
1259 1344 1644 1395 infundabiliter³
1684 1348 1930 1395 innovare.
2021 1347 2084 1395 Et
2130 1347 2387 1396 manifeste

635 1431 909 1478 necessitati
946 1438 1057 1478 sunt
1100 1429 1296 1477 ordines
1339 1444 1453 1477 suos
1496 1429 1764 1491 exprimere
1807 1437 1854 1477 et
1895 1428 2042 1491 longe
2083 1430 2183 1477 sub.
2214 1429 2384 1477 ordine

637 1512 812 1560 Christi
859 1520 1170 1574 postponere,
1219 1526 1331 1559 cum
1378 1511 1530 1558 abbas
1578 1519 1744 1558 noster
1792 1510 2008 1558 Christus
2065 1511 2124 1558 sit
2170 1518 2380 1573 patrono

635 1609 805 1642 eorum
841 1594 1046 1655 dignior,
1077 1593 1242 1655 regula
1277 1600 1443 1640 nostra
1478 1592 1755 1654 evangelica
1791 1593 1857 1641 sit,
1884 1592 2049 1654 regula
2084 1607 2172 1640 sua
2203 1592 2385 1654 imper-

635 1676 759 1723 fecta
792 1676 938 1737 longe
973 1675 1247 1737 perfectior,
1272 1682 1319 1722 et
1354 1674 1579 1721 comitiva
1614 1680 1895 1722 sanctorum
1928 1674 2019 1721 sub
2043 1673 2148 1736 ipsa
2171 1673 2382 1723 militans

636 1758 781 1819 longe
805 1757 1025 1804 nobilior.

317 1846 560 1873 Mssitariset'am
704 1839 812 1885 Imo
840 1839 878 1885 si
904 1838 1085 1885 ordinis
1120 1837 1402 1885 excellentia
1438 1838 1499 1884 ab
1534 1838 1635 1885 istis
1673 1838 1822 1899 signis
1858 1838 2056 1900 capitur,
2080 1844 2212 1900 patet
2247 1835 2383 1899 quod

502 1855 509 1873 ι

315 1881 390 1906 ordo
404 1880 560 1908 ordinibus

315 1914 562 1981 ffifissffsssssssskgss,
637 1919 759 1966 ordo
784 1919 999 1969 militaris
1018 1920 1077 1966 sit
1100 1919 1194 1972 hoc
1216 1919 1384 1966 ordine
1409 1918 1607 1965 fratrum
1625 1920 2005 1966 mendicantium
2030 1918 2381 1977 excellentior⁴‚

635 2000 782 2064 longe
829 1999 1085 2061 perfectior
1130 2009 1273 2062 atque
1330 2001 1471 2061 prior.
1566 1999 1704 2057 Quis,
1750 2014 1886 2062 rogo,
1935 2001 2143 2049 inveniet
2188 2001 2255 2048 in‘
2285 2000 2382 2048 hoc

635 2081 830 2130 ordine⁵
864 2083 1243 2130 mendicantium
1279 2082 1371 2129 tale
1409 2082 1664 2143 collegium
1700 2083 1840 2144 quale
1876 2081 1964 2130 fuit
1997 2083 2048 2130 in
2077 2082 2284 2131 Graecia
2319 2083 2380 2131 de

636 2171 803 2212 sancta
825 2163 1014 2225 legione
1039 2163 1301 2221 Thebaica,
1329 2163 1505 2211 scilicet
1531 2164 1590 2211 de
1608 2163 1849 2210 Maurz'lz'o
1872 2171 1920 2211 et
1945 2165 2042 2212 suis
2061 2165 2216 2224 sociis,
2238 2174 2286 2214 et
2311 2166 2380 2214 sic

637 2246 697 2292 de
713 2244 932 2292 ducentis
947 2244 1174 2292 militibus
1191 2245 1271 2306 qui
1288 2245 1530 2306 tempore6
1546 2253 1739 2292 sanctae
1753 2245 2043 2293 Catharinae
2057 2249 2380 2310 sequebantur

635 2326 946 2388 Porphz‘rz'um
961 2343 986 2382 ,·
1037 2335 1084 2374 et
1125 2326 1192 2374 sic
1231 2326 1329 2373 est⁷
1370 2326 1429 2373 de
1469 2326 1630 2374 multis
1672 2326 1887 2388 collegiis
1927 2327 2131 2375 militum
2171 2330 2378 2378 munda-

636 2423 824 2466 norum,
867 2409 949 2470 qui
991 2408 1270 2470 antiquitate
1312 2407 1589 2455 auctoritate
1631 2416 1678 2456 et
1719 2408 1968 2456 sanctitate
2010 2410 2251 2459 excedunt
2286 2410 2396 2460 hos·

634 2490 828 2538 ordines
874 2490 1270 2537 mendicantium.
1361 2489 1424 2536 Et
1470 2496 1601 2551 patet
1647 2491 1900 2551 responsio
1959 2491 2023 2538 ad
2069 2491 2379 2554 argumenta⁸

636 2571 814 2619 sororis
854 2579 1045 2618 nostrae
1086 2571 1136 2617 in
1176 2571 1413 2633 principio
1452 2570 1594 2633 hujus
1631 2571 1823 2633 capituli
1863 2571 2107 2620 fabricata.
2178 2572 2373 2622 Falsum

633 2653 764 2699 enim
799 2653 1012 2710 assumit,
1037 2652 1146 2700 licet
1180 2652 1460 2714 hypocritae
1496 2667 1583 2714 per
1612 2666 1751 2699 suam
1788 2653 2142 2701 simulationem
2177 2664 2376 2704 caecent

631 2742 678 2780 et
720 2734 961 2797 decipiant
1002 2734 1181 2781 multos
1218 2733 1456 2791 homines,
1492 2733 1554 2781 ad
1590 2734 1896 2796 superficiem
1935 2735 2058 2782 vitae
2094 2742 2142 2782 et
2175 2751 2279 2783 non
2314 2736 2377 2784 ad

630 2815 964 2863 fundationem
995 2815 1178 2863 ordinis
1211 2816 1527 2872 attendentes,
1561 2830 1652 2862 nec
1685 2823 1950 2877 sequuntur
1983 2815 2161 2864 Christi
2191 2832 2378 2880 paupe-

628 2897 749 2943 riem
784 2912 840 2944 ac
876 2897 1080 2945 modum
1115 2897 1318 2955 vivendi,
1349 2912 1462 2944 cum
1496 2897 1573 2944 ille
1608 2897 1836 2958 magister
1870 2897 2083 2959 optimus
2117 2897 2272 2946 noluit
2307 2899 2377 2947 sic

629 2978 807 3026 habere
832 2978 1074 3026 domicilia
1099 2986 1384 3040 sumptuosa
1406 2985 1459 3025 ut
1483 2974 1663 3025 castra⁹
1686 2978 1756 3025 eis
1780 2978 1988 3039 propria,
2014 2994 2106 3026 nec
2124 2994 2374 3028 annonam

630 3060 691 3107 de
707 3060 999 3122 pauperibus
1018 3059 1085 3107 sic
1106 3059 1328 3120 colligere
1347 3074 1439 3106 nec
1457 3059 1576 3106 tales
1595 3057 1723 3106 fures
1744 3058 1834 3105 et¹⁰
1851 3059 2123 3120 praedones
2140 3067 2373 3122 tanquam

629 3141 891 3189 antichristi
927 3140 1191 3203 complices
1223 3154 1520 3202 congregare
1534 3155 1547 3198 3
1597 3139 1684 3188 sed
1719 3147 1952 3202 patronus
1984 3155 2154 3188 eorum
2186 3143 2372 3192 videtur

684 3262 696 3285 ¹
726 3262 789 3314 in]
811 3275 893 3302 om.
914 3262 1068 3302 A.B.C.
1232 3260 1249 3284 ²
1276 3260 1336 3312 et]
1358 3274 1441 3301 orn.
1460 3260 1618 3301 A.B.C.
1790 3260 1806 3284 ⁸
1833 3260 2160 3315 infundabiliter]
2181 3263 2370 3305 infunda-

629 3316 743 3363 biles,
763 3317 827 3357 ed.
847 3330 909 3369 pr.
1110 3314 1126 3337 ⁴
1153 3316 1471 3355 mendicantium
1490 3314 1770 3366 excellentior]
1792 3328 1874 3356 om.
1895 3316 1942 3355 C.
1962 3315 2118 3367 primae
2136 3330 2294 3364 manus,
2315 3319 2370 3360 Da

629 3371 691 3409 ed.
711 3384 771 3422 pr.
917 3370 933 3393 ⁶
959 3370 1083 3422 longe
1102 3369 1535 3423 perfectior—ordine]
1557 3383 1640 3409 om.
1660 3369 1700 3408 A
1714 3370 1870 3421 primae
1888 3382 2046 3416 manus,
2066 3370 2112 3410 B.
2221 3371 2238 3395 ⁶
2267 3377 2371 3413 tem-

629 3424 748 3476 pore]
778 3425 937 3471 merito,
967 3425 1095 3470 A.B.;
1137 3424 1283 3464 merito
1313 3429 1510 3476 tempore,
1540 3423 1603 3464 ed.
1631 3436 1691 3476 pr.
1949 3423 1965 3446 ⁷
1993 3423 2074 3476 est]
2104 3437 2187 3466 orn.
2214 3425 2279 3467 ed.
2307 3440 2369 3479 pr.

629 3478 643 3498 ⁸
671 3479 929 3531 argumenta]
950 3483 1248 3531 argumentum,
1269 3478 1331 3519 ed.
1351 3491 1411 3530 pr.
1642 3478 1657 3500 ⁹
1686 3482 1731 3517 ut
1751 3476 1904 3529 castra]
1926 3490 2001 3518 nec
2019 3483 2165 3526 castra,
2185 3479 2263 3526 A.;
2282 3493 2366 3523 om.

628 3531 689 3571 ed.
710 3545 770 3583 pr.
935 3534 966 3557 ¹⁰
994 3533 1054 3585 et]
1076 3545 1164 3583 nec,
1185 3533 1248 3573 ed.
1269 3545 1329 3584 pr.
