2424 4120
381 459 491 516 454

1079 440 1496 506 JOANNIS
1555 441 1904 491 WICLIF'
2213 461 2363 492 cuae.

623 579 763 627 istam
789 577 1020 625 successit
1034 578 1285 638 'persecutio
1313 577 1463 634 tertia,
1489 591 1637 639 quam
1668 576 1907 638 propheta
1938 577 2159 625 nominat
2176 580 2196 618 .‘
2211 591 2365 640 nego-

622 660 742 706 tium
779 658 1121 720 perambulans
1154 659 1204 705 in
1239 657 1478 716 tenebris,'
1518 658 1630 720 quia
1665 659 1862 720 quando
1897 656 2111 706 Romani
2147 658 2366 722 episcopi

622 740 810 787 fuerant
845 739 905 787 de
938 747 1176 801 potestate
1202 738 1442 787 Caesarea
1464 739 1713 797 tenebrati,
1738 746 2019 802 reputarunt
2047 754 2153 788 esse
2183 739 2365 788 licitum

622 821 829 868 vendere
856 820 1144 883 Symoniace
1169 820 1496 882 quodcunque
1519 821 1809 869 beneficium
1837 821 2228 880 ecclesiasticum,
2254 835 2367 869 cum

623 903 848 950 dicebant
887 917 939 949 se
978 917 1083 950 esse
1122 901 1442 964 singulariter¹
1485 902 1657 964 plenos
1700 903 1928 950 dominos
1970 902 2031 950 de
2072 909 2177 951 toto
2217 902 2366 965 patri-

621 984 789 1031 monio
831 982 1075 1042 Crucifixi‚
1119 991 1167 1031 et
1212 984 1275 1031 ad
1321 983 1426 1032 illos
1468 983 1824 1046 negotiatores2
1864 998 2127 1046 regnorum
2165 991 2366 1047 propter

619 1074 927 1129 praetensam
959 1073 1254 1127 potestatem
1287 1064 1527 1127 duplicem
1561 1066 1881 1113 communiter
1909 1065 2169 1124 ambulant,
2199 1073 2248 1114 et
2279 1079 2367 1114 sua

620 1147 816 1208 negotia
858 1147 1178 1195 cardinalibus
1213 1147 1287 1194 vel
1325 1148 1422 1194 suis
1465 1147 1765 1195 cubiculariis
1803 1148 2030 1195 secretius
2065 1148 2364 1196 intimabant.

618 1228 754 1276 Deus
778 1235 938 1275 autem
963 1243 1066 1275 non
1096 1228 1260 1276 sinens
1292 1237 1544 1291 apostema
1575 1228 1702 1276 istud
1734 1230 1784 1276 in
1809 1229 2012 1277 ecclesia
2043 1243 2130 1277 sua
2161 1228 2368 1291 amplius

619 1310 890 1372 perdurare,
918 1310 1135 1359 solvebat
1158 1311 1299 1358 istam
1330 1310 1635 1372 putredinem
1669 1310 1719 1357 in
1747 1309 1897 1358 nido⁸
1919 1311 2011 1359 isto
2038 1309 2216 1359 diaboli
2241 1323 2359 1358 con-

617 1392 908 1453 gregatam4,
935 1391 1021 1439 sed
1047 1391 1202 1439 divisit
1224 1392 1275 1438 in
1302 1391 1400 1439 duo
1431 1391 1601 1454 capita,
1625 1399 1677 1439 ut
1708 1391 1878 1440 melius
1910 1399 2072 1454 pateat
2103 1390 2287 1440 sanies⁵
2312 1391 2363 1438 in

616 1473 864 1520 virulentia
888 1472 1167 1521 antichristi.
1238 1473 1301 1521 Et
1324 1474 1415 1521 ista
1444 1479 1613 1535 quarta
1639 1474 1893 1535 persecutio
1927 1473 2204 1521 nominatur
2227 1475 2240 1497 ‘
2255 1472 2361 1519 dae-

618 1556 815 1602 monium
857 1554 1183 1602 merz'dz'anum'
1225 1555 1276 1602 in
1317 1555 1473 1602 verbis
1514 1555 1615 1603 istis
1656 1555 1978 1618 propheticis;
2034 1558 2046 1579 ‘
2061 1554 2366 1602 daemonz'um'

618 1637 828 1699 quidem,
854 1637 980 1699 quia,
1008 1637 1048 1684 si
1073 1636 1308 1685 Iscarioth
1333 1652 1624 1684 conversans
1654 1652 1767 1685 cum
1792 1635 1984 1685 Christo
2008 1636 2095 1684 fuit
2128 1635 2362 1694 diabolus,

616 1726 669 1766 ut
694 1718 808 1767 dicit
832 1719 1149 1781 evangelium,
1175 1726 1358 1781 quanto
1382 1719 1538 1781 magis
1561 1718 1820 1782 episcopus
1846 1717 2115 1777 Romanus,
2142 1719 2224 1782 qui
2252 1717 2367 1766 dicit

619 1816 670 1849 se
717 1802 842 1848 inter
888 1815 1062 1848 omnes
1109 1799 1337 1848 mortales
1384 1799 1719 1847 immediatum
1761 1799 1938 1848 Christi
1977 1800 2222 1859 vicarium,
2263 1815 2367 1847 non

618 1883 844 1929 obstante
900 1880 1034 1943 quod
1085 1882 1144 1928 sit
1199 1882 1319 1928 vitae
1375 1879 1552 1928 Christi
1606 1881 1819 1929 tantum⁶
1873 1881 2153 1939 contrariuS,
2208 1887 2370 1944 potest

618 1963 779 2010 vocari
822 1966 833 1987 ‘
850 1959 1192 2010 daemonium.’
1275 1961 1338 2009 Et
1378 1969 1538 2024 potest
1577 1963 1738 2011 vocari
1781 1966 1793 1988 ‘
1808 1962 2128 2011 meridianum’
2170 1970 2368 2025 propter

620 2060 816 2094 causam
843 2044 1111 2106 duplicem:
1150 2044 1312 2105 prima
1345 2052 1430 2102 est,
1457 2044 1569 2106 quia
1600 2052 1819 2106 patenter
1840 2060 1927 2108 per
1957 2052 2115 2092 totum
2140 2043 2368 2093 Christia-

619 2128 831 2174 nismum
872 2126 1013 2174 mittit
1053 2118 1206 2172 bullas
1247 2133 1480 2187 tanquam
1515 2127 1565 2172 in
1601 2125 1798 2174 meridie
1834 2125 1999 2188 sigillis
2035 2125 2213 2175 diaboli
2248 2139 2368 2174 con-

620 2209 846 2271 signataS,
873 2207 1113 2255 mandans
1138 2206 1271 2269 quod
1295 2207 1410 2253 nulli
1433 2207 1618 2254 homini
1643 2207 1752 2255 licet
1774 2207 2005 2270 paginam
2036 2208 2178 2256 istam
2209 2221 2364 2270 quan·
2387 2270 2390 2274 ¹

621 2297 918 2351 tumcunque
943 2287 1268 2335 Luciferinam
1293 2287 1563 2350 infringere.
1621 2288 1743 2337 Ideo
1770 2289 1891 2337 sicut
1914 2288 2139 2337 meridies
2161 2295 2361 2337 vocatur

619 2379 812 2433 tempus
836 2370 930 2417 diei
956 2369 1223 2427 artificialis,
1248 2369 1298 2416 in
1323 2383 1421 2431 quo
1447 2370 1518 2418 sol
1542 2371 1594 2417 in
1625 2370 1788 2418 medio
1821 2371 1972 2418 nostri
2002 2366 2367 2433 hemisphaerii⁷

621 2452 861 2508 elucescit,
887 2451 956 2499 sic
980 2450 1163 2498 factum
1187 2450 1320 2498 istius
1345 2450 1588 2498 daemonii
1612 2451 1685 2499 vel
1717 2450 1980 2500 antichristi
2011 2459 2112 2500 tam
2143 2459 2365 2515 patenter

619 2534 670 2581 in
703 2533 907 2581 ecclesia
939 2531 1237 2595 publicatum
1269 2539 1469 2580 vocatur
1502 2532 1748 2595 signanter
1780 2533 2130 2581 ‘meridianum
2143 2533 2172 2594 ;'
2215 2541 2263 2581 et
2295 2533 2366 2582 sic

621 2614 923 2662 antichristus
955 2614 1045 2661 iste
1077 2620 1274 2660 vocatur
1305 2613 1501 2675 proprie
1534 2613 1847 2662 daemonium
1877 2615 2212 2663 meridianum.
2282 2612 2367 2663 Se-

620 2697 772 2745 cunda
807 2711 955 2744 causa
986 2696 1128 2758 hujus
1161 2695 1373 2743 nominis
1403 2703 1565 2758 potest
1595 2696 1935 2744 rationabiliter
1969 2711 2076 2744 esse
2110 2696 2227 2744 ista:
2274 2695 2367 2756 isti,

621 2780 703 2841 qui
741 2779 1014 2825 lucescente
1053 2777 1154 2825 sole
1195 2778 1247 2824 in
1287 2776 1485 2824 meridie
1526 2777 1629 2839 ejus
1670 2777 1832 2825 radios
1872 2777 2084 2826 indebite
2123 2778 2369 2826 intuentur

622 2859 942 2907 communiter
974 2855 1171 2907 intuitu⁸
1195 2857 1404 2906 subtilis⁹
1435 2859 1630 2906 visibilis
1663 2859 1982 2907 obscurantur
1994 2874 2007 2918 ;
2055 2858 2370 2907 conformiter

621 2941 750 2989 istud
788 2939 1101 2988 daemonium
1143 2954 1255 2988 cum
1296 2940 1393 2987 suis
1435 2940 1764 3002 complicibuS,
1802 2940 1996 3003 quodl‘l,
2012 2939 2128 2988 dicit
2162 2955 2215 2989 se
2249 2955 2369 2988 con-

621 3022 943 3070 versationem
999 3029 1047 3069 et
1100 3027 1391 3084 potestatem
1438 3019 1615 3068 Christi
1661 3021 1889 3069 continue
1935 3021 2121 3080 intueri,
2167 3028 2368 3084 propter

621 3104 975 3167 inspectionem
999 3103 1279 3160 indebitam,
1301 3101 1493 3163 quam11
1517 3117 1620 3149 non
1638 3101 1819 3150 faciunt
1842 3116 1990 3165 opere
2014 3102 2102 3151 sed
2125 3117 2366 3161 sermone,

621 3187 684 3234 ab
707 3185 951 3234 intellectu
982 3183 1094 3231 fidei
1130 3183 1390 3245 scripturae
1422 3190 1655 3246 tanquam
1687 3182 1807 3231 lusci
1840 3183 2161 3231 communiter
2193 3197 2369 3232 excae-

676 3363 691 3387 1
718 3362 993 3416 singulariter]
1015 3361 1264 3415 simpliciter,
1285 3361 1334 3402 C.
1467 3360 1483 3384 ²
1510 3360 1606 3402 illos
1624 3360 1920 3414 negotiatores]
1940 3360 2032 3402 illas
2050 3360 2366 3414 negotiationes]

621 3418 757 3458 A.a.b.
1006 3418 1022 3440 ⁸
1048 3416 1166 3469 nido]
1187 3416 1354 3462 mundo,
1375 3415 1424 3456 C.
1660 3415 1676 3438 ⁴
1703 3415 2014 3468 congregatam]
2034 3421 2294 3468 congregato,
2315 3416 2366 3456 C.

614 3471 630 3494 ⁵
663 3472 813 3524 sanies]
835 3472 1023 3519 insanies,
1045 3472 1093 3513 C.
1231 3470 1247 3494 ⁶
1275 3469 1455 3522 tantum]
1476 3474 1602 3516 tante,
1623 3469 1671 3510 C.
1779 3469 1796 3493 ⁷
1822 3469 2130 3522 hemisphaerii]
2150 3469 2366 3522 emisperii,

620 3524 715 3565 libri
732 3526 1011 3578 manuscripti.
1153 3525 1170 3549 ⁸
1197 3524 1367 3576 intuitu]
1387 3524 1431 3564 in
1448 3524 1609 3571 intuitU,
1629 3523 1760 3564 a.b.C.
1897 3523 1914 3547 ⁹
1942 3523 2123 3576 subtilis]
2143 3523 2295 3571 subtili,
2315 3525 2364 3565 C.

621 3579 651 3603 1⁰
679 3580 808 3632 quod]
830 3580 911 3632 qui,
932 3581 980 3621 C.
1145 3580 1175 3606 1¹
1203 3578 1347 3632 quam]
1369 3592 1512 3619 omnes
1530 3578 1623 3618 libri
1642 3591 1767 3618 manu
1786 3577 1925 3632 scripti
1943 3577 2097 3619 habent
2114 3591 2203 3630 qua.
