2436 4094
86 449 101 506 3
151 444 241 475 m.
256 451 282 480 ε.
751 428 860 477 TR
877 428 968 478 [Α
991 430 1038 477 L
1063 431 1106 479 ο
1126 429 1173 479 G
1197 429 1313 479 (ss.

149 564 581 627 quantumcunque
605 561 805 612 variata¹
826 565 1026 612 materia
1043 564 1117 613 vel
1142 565 1463 614 animatione²
1488 566 1720 630 ejusdem,
1741 575 1906 615 manet

150 640 380 689 continue
403 642 578 690 eadem
603 658 828 706 persona,
854 646 1040 694 ratione
1066 647 1382 696 intellectivae
1407 648 1659 707 essentiae,
1680 664 1807 711 quae
1833 657 1906 697 est

1 778 2 781 Ἴ
129 721 324 775 anima.
402 721 725 772 Postmodum
758 734 920 773 autem
952 735 1064 789 post
1098 727 1227 775 diem
1256 729 1426 792 J'udicii
1459 729 1693 777 animabit
1727 744 1907 793 corpus

148 804 521 872 incorruptibile,
543 806 609 854 sic
629 807 763 869 quod
783 805 1100 857 ascendendo
1122 811 1402 858 devenietur
1421 813 1483 858 ab
1503 812 1908 860 individuatione³

149 886 387 949 suppositi
409 902 478 962 erg
497 902 585 937 sua
608 889 820 947 materia,
846 897 898 937 ut
922 905 1068 939 causa
1092 892 1349 939 materiali*
1374 893 1537 955 priori,
1559 893 1621 941 ad
1640 893 1905 941 individua-

43 991 52 1002 κ
88 1015 92 1019 ,
149 967 338 1017 tionem
359 983 601 1033 personae
626 985 687 1017 ex
713 986 798 1019 sua
822 971 993 1030 forma,
1020 987 1145 1035 quae
1180 981 1252 1021 est
1285 971 1456 1021 causa⁵
1484 975 1750 1023 essentialis
1774 976 1907 1038 prius

71 1061 84 1104 ιζ
150 1049 427 1099 naturaliter
467 1051 542 1099 vel
583 1051 893 1114 originaliter,
935 1068 1083 1116 quam
1131 1063 1203 1102 est
1243 1056 1349 1103 talis
1391 1057 1603 1105 materia.
1692 1056 1754 1104 Et
1794 1057 1908 1120 quia

149 1131 375 1190 aetuatiO,
402 1147 498 1195 qua
533 1133 839 1196 suppositum
876 1135 1006 1198 capit
1042 1151 1178 1184 suam
1216 1137 1548 1200 quidditatem,
1584 1146 1656 1186 est
1691 1139 1907 1186 medium

86 1245 90 1248 -
149 1213 215 1263 ad
249 1213 370 1262 haec
406 1213 519 1272 duo,
545 1214 656 1262 ideo
693 1215 970 1279 philosophi
1006 1219 1265 1280 ceperunt⁶
1298 1219 1392 1267 hoc
1417 1220 1648 1278 medium,
1678 1220 1812 1283 quod
1837 1228 1908 1268 est

61 1293 76 1319 ⁵²
150 1310 412 1344 commune
436 1295 605 1355 formis
629 1298 970 1356 materialibus,
998 1307 1044 1346 et
1068 1300 1360 1362 reliquerunt
1385 1300 1605 1348 fidelibus
1630 1302 1903 1349 considera-

150 1379 335 1428 tionem
376 1379 437 1430 de
479 1379 641 1428 anima
669 1380 980 1440 intellectiva,
1024 1383 1296 1430 secundum
1339 1383 1473 1446 quod
1521 1391 1680 1431 actuat
1728 1400 1907 1447 corpus

63 1455 83 1504 ⁵11⁵·
151 1461 462 1525 corruptibile
497 1461 577 1510 hic
612 1462 663 1509 in
686 1463 776 1521 via,
803 1463 870 1511 sic
896 1464 1030 1526 quod
1065 1473 1168 1512 tota
1204 1465 1522 1527 personalitas
1558 1466 1771 1514 hominis
1807 1482 1906 1514 ser-

67 1537 84 1541 Ὗ
149 1551 287 1592 vatur
299 1543 351 1590 in
364 1544 472 1607 ipso
488 1544 668 1606 spiritu,
689 1546 811 1593 sicut
829 1553 930 1593 tota
950 1548 1269 1609 suppositatio
1288 1547 1563 1595 individuae
1575 1547 1594 1574 ⁷
1611 1549 1906 1596 substantiae

151 1633 366 1677 servatur
410 1626 461 1673 in
507 1626 612 1689 ipsa
658 1627 868 1675 materia.
962 1627 1025 1674 Et
1071 1628 1136 1676 ita
1189 1637 1357 1691 posset
1404 1629 1513 1687 dici,
1563 1630 1698 1693 quod
1745 1630 1909 1677 anima

71 1699 78 1704 ξ
152 1706 382 1765 bumana,
402 1708 548 1756 etiam
571 1716 805 1770 separata,
826 1717 899 1756 est
924 1717 1059 1758 actus
1085 1711 1300 1772 corporis
1326 1711 1552 1759 naturalis
1577 1712 1907 1760 instrumenti⁸

62 1782 74 1802 ”
151 1787 216 1837 ad
252 1788 606 1837 exercendum⁹
641 1789 951 1852 operationes
987 1791 1164 1848 vitales,
1205 1807 1318 1839 curn
1354 1793 1630 1840 naturaliter
1667 1793 1908 1841 subducto

63 1849 73 1897 ’Ῐ
150 1877 355 1935 peccato
389 1869 542 1918 homo
584 1871 778 1928 viveret,
815 1886 1070 1934 quousque
1114 1873 1176 1920 ad
1211 1873 1561 1921 beatitudinem
1596 1874 1863 1937 plenariam
1873 1875 1910 1901 ¹⁰

150 1952 434 2016 perveniret.
475 1980 479 1986 ·
510 1951 644 2000 Sicut
668 1952 852 2011 dicitur,
879 1954 1013 2015 quod
1037 1954 1200 2001 anima
1225 1953 1403 2003 Christi
1429 1964 1652 2018 separata
1683 1957 1732 2003 in
1757 1955 1908 2004 limbo

48 2023 80 2034 ”
150 2033 240 2083 fuit
263 2035 428 2082 anima
449 2049 539 2098 pro
563 2034 644 2082 illo
669 2034 842 2093 tridu0,
868 2043 916 2082 et
941 2043 1105 2083 tamen
1130 2050 1233 2083 non
1259 2044 1375 2085 tunc
1408 2037 1655 2085 actualiter
1680 2038 1910 2085 animavit

151 2130 330 2180 corpus
354 2131 511 2174 suum,
537 2117 624 2164 sed
654 2116 743 2164 fuit
773 2116 824 2164 in
856 2117 1174 2179 dispositione
1205 2120 1482 2182 propinqua
1513 2127 1560 2167 et
1584 2119 1749 2167 habuit
1771 2120 1909 2167 habi-

150 2198 371 2246 tudinem
413 2191 693 2246 naturalem.
778 2199 842 2246 Et
883 2200 948 2247 ita
987 2199 1169 2248 habent
1208 2215 1382 2249 omnes
1425 2201 1614 2248 animae
1658 2210 1908 2264 separatae

151 2278 400 2343 quandam
431 2279 779 2339 habitudinem,
817 2281 1086 2330 secundum
1119 2297 1265 2345 quam
1293 2281 1511 2346 corpus¹¹
1540 2282 1835 2331 assument¹²
1858 2284 1908 2331 in

84 2420 89 2432 Ι
153 2360 285 2409 finali
305 2361 503 2424 judicio,

223 2443 321 2492 Sed
353 2444 801 2508 quomodocunque
827 2446 895 2493 ‘sit
931 2445 991 2493 de
1015 2444 1168 2504 hoc¹³,
1203 2446 1389 2494 videtur
1424 2447 1541 2494 mihi
1578 2447 1710 2510 quod
1746 2448 1909 2495 omnis

151 2526 304 2575 homo
347 2527 494 2574 habet
533 2527 583 2574 in
625 2542 677 2575 se
720 2528 840 2576 duas
881 2529 1122 2576 maneries
1169 2529 1454 2586 animarum,
1497 2544 1646 2576 unam
1688 2530 1908 2593 spiritum

153 2608 492 2665 immortalem,
517 2623 642 2670 quae
678 2615 752 2655 est
787 2608 1005 2656 eadem¹⁴
1039 2623 1251 2671 persona
1286 2624 1397 2656 cum
1433 2609 1648 2667 homine,
1682 2618 1729 2675 et
1765 2610 1907 2657 aliam

152 2689 513 2753 corruptibilem
540 2689 745 2737 similem
769 2690 959 2738 animae
983 2690 1258 2747 bestiarum,
1280 2704 1403 2752 quae
1429 2690 1591 2737 anima
1615 2705 1716 2737 non
1742 2698 1815 2739 est
1833 2706 1909 2739 res

153 2786 279 2836 quae
302 2778 465 2834 potest
488 2785 577 2834 per
594 2785 644 2818 se
670 2771 888 2828 existere,
910 2769 995 2818 sed
1021 2770 1219 2818 actualis
1244 2786 1300 2818 ac
1320 2771 1643 2819 substantialis
1663 2772 1927 2838 animatio„

154 2854 424 2902 secundum
459 2867 608 2916 quam
645 2867 823 2916 corpus
858 2853 976 2900 est¹⁵
1013 2853 1063 2900 in
1099 2853 1258 2915 specie
1300 2852 1380 2901 tali
1414 2852 1487 2900 vel
1526 2852 1619 2901 tali.
1691 2852 1865 2901 Dicere
1875 2853 1910 2879 ¹⁶

154 2934 317 2984 autem
355 2935 430 2984 vel
473 2935 609 2992 scire,
647 2942 766 2998 quot
802 2934 992 2983 animae
1029 2942 1141 2982 sunt
1176 2934 1225 2981 in
1262 2949 1466 2998 corpore
1503 2934 1766 2993 anuloso¹⁷,
1806 2950 1907 2983 non

213 3099 227 3124 ¹
255 3099 429 3152 variata]
455 3100 647 3146 variatur,
671 3101 823 3141 A.B.C.
847 3100 910 3140 ed.
931 3113 991 3153 pr.
1195 3099 1210 3122 ²
1237 3097 1507 3150 animatione]
1529 3097 1740 3144 animatio,
1762 3098 1824 3138 ed.
1845 3111 1906 3151 pr.

155 3154 172 3178 ³
198 3154 253 3194 ab
271 3154 610 3207 individuatione]
632 3156 685 3195 ad
705 3155 1081 3200 individuationem,
1104 3154 1257 3194 A.B.C.
1278 3154 1341 3194 ed.
1361 3166 1421 3206 pr.
1641 3151 1656 3175 ⁴
1684 3153 1904 3205 materiali]

142 3209 374 3254 essentiali,
395 3208 500 3249 C.D.
522 3210 585 3249 ed.
606 3222 667 3262 pr.
833 3210 848 3231 ⁵
877 3209 1018 3261 causa]
1041 3221 1122 3248 om.
1146 3209 1246 3248 Α.Β.
1394 3208 1409 3231 ⁶
1439 3206 1652 3260 ceperunt]
1674 3214 1906 3260 coeperant,

130 3270 133 3275 ’
156 3262 221 3303 ed.
240 3275 302 3316 pr.
467 3263 482 3286 ⁷
510 3263 761 3316 individuae]
783 3263 993 3308 individui,
1011 3263 1114 3302 Α.Β.
1136 3263 1198 3302 ed.
1221 3276 1280 3315 pr.
1420 3262 1434 3285 ⁸
1464 3261 1740 3313 instrumenti]
1762 3261 1906 3301 instru-

157 3317 339 3363 mentati,
362 3317 407 3357 B.
412 3318 460 3358 C.
479 3318 542 3358 ed.
563 3331 624 3371 pr.
791 3319 806 3342 ⁹
835 3317 1145 3369 excercendum]
1169 3330 1249 3357 om.
1271 3316 1333 3356 ed.
1355 3329 1415 3368 pr.
1600 3315 1631 3339 ¹⁰
1659 3315 1904 3368 plenariam]

156 3370 348 3450 plenarie,
371 3371 526 3413 A..B.C
547 3372 610 3413 ed.
631 3385 691 3426 pr.
945 3372 974 3395 ¹¹
1004 3371 1226 3411 secundum
1247 3383 1368 3423 quarn
1389 3369 1557 3423 corpus]
1580 3382 1662 3409 om.
1686 3369 1739 3409 D.
1761 3370 1823 3410 ed.
1845 3383 1906 3423 pr.

213 3425 440 3478 assument]
461 3433 667 3467 assument
687 3427 867 3472 omnino,
890 3425 944 3465 D.
966 3426 1027 3466 ed.
1048 3439 1109 3478 pr.
1345 3425 1374 3448 ¹³
1402 3425 1453 3464 de
1472 3423 1571 3476 hoc]
1593 3423 1739 3469 adhuc,
1759 3424 1823 3464 ed.
1843 3437 1905 3477 pr.

157 3478 187 3504 ¹⁴
212 3479 375 3544 eadem]
407 3481 550 3521 eadem
578 3481 673 3527 fere,
704 3481 752 3521 C.
782 3481 844 3520 ed
875 3493 962 3532 pr.;
1001 3480 1141 3520 eadem
1172 3491 1346 3532 persona
1375 3478 1469 3525 fere,
1493 3479 1537 3518 B.
1566 3478 1720 3530 primae
1748 3491 1906 3518 manus.

156 3533 187 3558 ¹⁵
214 3526 317 3587 est]'
316 3539 377 3574 est
396 3534 560 3580 animal
583 3535 637 3575 D.
658 3535 720 3575 ecl.
742 3548 801 3588 pr.
1064 3534 1094 3557 ¹⁶
1122 3533 1273 3585 dicere]
1295 3545 1499 3586 quaerere,
1519 3533 1581 3573 ed.
1603 3545 1662 3585 pr
1683 3533 1731 3573 C.
1752 3533 1908 3594 primae

157 3601 312 3633 manus,
334 3588 388 3628 D.
500 3589 529 3613 ¹⁷
559 3603 629 3630 cor
631 3603 706 3642 pus
725 3589 981 3633 annulosum‚
1003 3589 1115 3641 quasi
1137 3602 1185 3629 ex
1205 3587 1365 3627 annulis
1386 3587 1569 3640 pluribus
1586 3585 1872 3639 compositum.

2062 429 2256 499 911

2193 1170 2200 1174 ι
