2436 4094
1009 401 1430 467 sOANNIS
1474 401 1820 451 WICLIF
2185 420 2311 450 um.

561 539 698 601 piens
733 539 784 586 in
819 537 965 587 corde
1002 552 1105 595 su0,
1138 552 1242 584 non
1278 543 1351 584 est
1382 535 1548 583 Deus!
1620 535 1808 584 Textus
1844 544 2006 584 autem
2042 537 2307 600 scripturae

560 636 661 668 non
697 621 862 668 asserit
896 620 1179 680 scripturam
1215 606 1388 675 dicere,
1420 617 1495 665 vel
1529 632 1676 679 posse
1713 617 1886 676 dicere,
1923 618 2058 680 quod
2092 634 2195 666 non
2231 627 2306 667 est

559 701 708 749 Deus.
777 701 898 748 Ideo
935 715 1045 747 cum
1081 699 1197 746 nihil
1231 699 1282 745 in
1316 699 1550 760 scriptura
1581 698 1847 746 obmittitur
1870 698 1944 746 vel
1978 699 2168 747 additur
2200 700 2305 748 sine

559 798 716 840 causa,
753 790 951 844 propter
982 795 1179 828 causam
1214 779 1478 828 notabilem
1511 780 1744 842 scriptura
1777 780 1987 828 obmittit
2020 779 2151 828 illam
2186 796 2304 830 con-

553 864 856 926 Junctionem
881 866 892 886 ‘
908 861 1070 924 quod!

622 946 732 994 Alia
772 954 933 993 autem
974 946 1243 1007 responsio,
1286 959 1411 1007 quae
1453 944 1682 993 admittit1
1721 945 1866 994 talem
1915 943 2303 1007 suppositionem

554 1027 754 1074 mixtam
779 1028 881 1074 sine
907 1027 1192 1074 limitatione
1217 1027 1511 1089 hujUsmodi‚
1535 1026 1748 1075 intricat2
1772 1043 1824 1075 se
1855 1028 2012 1089 ipsam
2042 1026 2298 1088 superflue,

554 1108 663 1156 ideo
687 1109 896 1171 gaudeat
919 1108 1075 1156 fructu
1098 1109 1276 1156 laboris
1298 1108 1490 1167 inutilis,
1518 1109 1635 1157 dum
1658 1109 1934 1171 respondet.
2005 1106 2139 1155 Nihil
2169 1108 2302 1155 enim

552 1190 760 1238 utilitatis
782 1190 923 1238 video
944 1191 999 1237 in
1024 1191 1343 1238 concessione
1367 1191 1552 1253 primae
1586 1190 1927 1247 conclusionis,
1952 1204 2100 1252 quam
2122 1189 2304 1237 Alithia

551 1276 705 1334 infert,
739 1277 832 1324 nisi
864 1291 1037 1324 vanam
1069 1276 1274 1339 gloriam
1306 1283 1354 1324 et
1384 1276 1616 1334 laborem,
1648 1277 1760 1338 quia
1791 1283 1845 1324 ut
1875 1274 2098 1332 videtur³,
2130 1272 2300 1321 intelli-

550 1358 715 1420 gendo
752 1358 818 1406 sic
854 1359 1043 1405 mixtim
1068 1359 1302 1406 terminos
1337 1359 1641 1406 materialiter
1665 1366 1713 1406 et
1749 1356 2099 1419 significative4,
2126 1368 2302 1403 conce-

552 1440 767 1488 dendum
809 1439 932 1488 foret
978 1448 1176 1502 propter
1217 1440 1622 1502 significationem
1668 1439 1978 1497 materialem,
2021 1437 2157 1500 quod
2203 1450 2301 1498 ego
2359 1494 2369 1498 „

550 1537 751 1584 possum
788 1521 1032 1569 destruere
1068 1521 1229 1569 Deum
1266 1522 1439 1580 vivum,
1477 1530 1523 1569 et
1561 1521 1695 1584 quod
1727 1536 1876 1569 omne
1911 1518 2204 1585 intelligibile
2239 1518 2301 1566 sit

551 1619 729 1662 verum,
756 1603 980 1651 omnem5
1010 1603 1263 1651 hominem
1298 1619 1405 1651 esse
1439 1603 1641 1662 asinum,
1665 1611 1718 1651 ut
1751 1603 1984 1666 quidlibet
2015 1616 2121 1650 esse
2159 1599 2298 1662 quid-

549 1686 678 1744 libet,
720 1700 819 1748 quo
861 1685 949 1733 ado
990 1686 1294 1733 existentiam
1336 1685 1587 1743 actualem,
1631 1700 1691 1733 eo
1740 1685 1875 1748 quod
1919 1685 2013 1732 tale
2052 1683 2298 1731 materiale

551 1767 744 1828 signum
790 1767 936 1814 habet
975 1767 1277 1815 existentiam
1318 1767 1566 1814 actualem.
1655 1766 1753 1815 Sed
1795 1766 1966 1829 procul
2006 1781 2036 1814 a
2075 1764 2297 1813 fidelibus

549 1849 638 1895 ista
661 1849 929 1910 responsio,
955 1864 1066 1896 cum
1104 1849 1294 1896 excedit
1324 1849 1771 1911 praesumptionem
1794 1849 2018 1907 Luciferi,
2044 1849 2127 1911 qui
2149 1846 2299 1895 voluit

549 1944 654 1977 esse
691 1930 857 1978 similis
891 1929 1154 1978 Altissimo.
1238 1930 1339 1978 Ista
1379 1938 1541 1978 autem
1588 1931 1841 1992 responsio
1889 1930 2125 1988 concedit,
2162 1928 2298 1992 quod

548 2012 697 2060 multa
736 2012 966 2074 intelligit,
1009 2027 1133 2075 quae
1175 2011 1311 2060 Deus
1350 2027 1452 2059 non
1492 2020 1653 2075 potest
1693 2013 1983 2075 intelligere;
2037 2020 2085 2060 et
2129 2020 2295 2060 tamen

547 2093 682 2142 Deus
722 2101 793 2142 est
833 2109 986 2156 aeque
1026 2093 1353 2151 intellectivus,
1394 2101 1447 2141 ut
1487 2101 1559 2142 est
1599 2093 1881 2152 causativus,
1920 2102 1967 2142 et
2003 2101 2056 2142 ut
2094 2100 2296 2156 apparet

547 2175 772 2238 pluribus,
799 2174 935 2223 Deus
966 2183 1038 2223 est
1068 2175 1176 2237 plus
1207 2175 1534 2233 intellectiVUS‚
1560 2189 1671 2222 cum
1702 2175 1920 2237 intelligit
1943 2190 1996 2223 se
2020 2175 2180 2237 ipsum
2192 2191 2206 2234 ;
2245 2182 2294 2223 et

547 2257 774 2306 deductio
810 2265 882 2305 est
916 2264 1155 2320 prompta,
1193 2256 1305 2318 quia
1340 2271 1442 2304 non
1477 2257 1636 2304 solum
1671 2257 1910 2319 intelligiS,
1950 2257 2085 2319 quod
2125 2257 2290 2315 multa,

547 2354 672 2401 quae
695 2338 832 2386 Deus
855 2353 957 2386 non
980 2345 1140 2400 potest
1162 2337 1439 2400 intelligere,
1463 2338 1789 2400 intelliguntur
1815 2353 1844 2386 a
1865 2346 1927 2396 te,
1951 2353 2118 2387 verum
2146 2339 2292 2386 etiam

547 2422 659 2483 quia
696 2421 921 2483 intelligis
958 2420 1174 2468 infinitos
1211 2420 1516 2469 hircocervos
1554 2429 1601 2471 et
1635 2421 1821 2468 infinita
1858 2421 1984 2479 talia,
2021 2436 2146 2484 quae
2187 2436 2291 2469 non

545 2511 749 2567 possunt
780 2503 959 2551 habere
993 2503 1170 2565 ydeam
1204 2502 1254 2549 in
1277 2502 1388 2550 Deo
1401 2518 1414 2562 ;
1465 2502 1602 2550 Deus
1634 2510 1796 2551 autem
1830 2518 1933 2550 non
1966 2511 2128 2566 potest
2151 2504 2289 2566 quid-

544 2601 691 2648 quam
714 2586 989 2647 intelligere,
1009 2585 1099 2632 nisi
1119 2584 1178 2632 sit
1195 2584 1299 2647 ipse
1316 2584 1452 2632 Deus
1469 2584 1543 2632 vel
1560 2585 1611 2631 in
1628 2584 1738 2633 Deo
1758 2585 2022 2647 aliqualiter
2044 2585 2287 2648 ydeatum.

543 2667 740 2715 Infinita
775 2675 886 2715 sunt
918 2666 1030 2714 talia
1063 2666 1464 2724 inconvenientia,
1496 2681 1622 2729 quae
1657 2667 1787 2729 apud
1823 2667 2044 2716 sedulum
2073 2667 2288 2730 philoso-

543 2753 695 2817 phum
714 2767 775 2800 ex
791 2752 963 2800 talibus
977 2748 1375 2811 responsionibus
1389 2747 1568 2798 frivolis
1585 2758 1908 2813 sequerentur.
1976 2751 2089 2800 Scio
2107 2759 2286 2812 tamen,

542 2837 676 2900 quod
699 2844 799 2884 tam
823 2831 1101 2898 philosophi
1136 2846 1284 2894 quam
1306 2830 1519 2893 theologi
1554 2832 1671 2894 ipsis
1701 2833 2039 2894 ignorantibus
2069 2835 2288 2884 incidunt

540 2919 591 2967 in
625 2918 751 2966 hanc
781 2917 922 2974 viam,
954 2922 1008 2963 ut
1038 2912 1315 2976 philosophi
1350 2913 1528 2970 dicunt,
1565 2913 1719 2975 quod⁷
1757 2914 2065 2976 imaginativa
2097 2918 2288 2966 excedit

542 3015 739 3049 sensum
764 2998 1113 3062 particularem,
1138 2995 1271 3058 quod
1295 3002 1456 3057 potest
1479 2995 1529 3040 in
1552 2995 1717 3053 multa,
1737 3011 1861 3057 quae
1884 3012 1976 3044 nec
1999 3005 2158 3060 potest
2182 2999 2294 3062 ipse

539 3098 630 3131 nec
665 3089 778 3130 sunt
807 3078 1053 3143 possibilia
1086 3078 1137 3124 in
1171 3084 1356 3134 natura,
1387 3083 1440 3123 ut
1474 3075 1787 3138 imaginando
1823 3085 2044 3126 montem
2070 3094 2284 3130 aureum.

537 3163 784 3225 Theologi
819 3163 964 3210 etiam
999 3159 1289 3217 concedunt,
1321 3157 1455 3220 quod
1492 3163 1545 3205 tu
1579 3158 1814 3220 intelligis,
1853 3173 1979 3221 quae
2015 3174 2107 3208 nec
2146 3160 2284 3211 Deus

539 3252 699 3307 potest
722 3242 999 3304 intelligere,
1025 3240 1159 3304 quod
1181 3241 1284 3303 ipse
1307 3239 1442 3287 Deus
1459 3239 1676 3302 intelligit
1699 3240 1863 3298 multa,
1887 3256 2013 3303 quae
2036 3256 2138 3290 non
2169 3258 2285 3306 pos-

540 3332 651 3374 sunt
682 3340 788 3374 esse
819 3323 968 3382 DeuS‚
999 3338 1091 3372 nec
1122 3322 1174 3369 in
1205 3322 1312 3384 ipso
1343 3320 1677 3384 exemplariter
1706 3320 1903 3383 ydeata⁸
1928 3321 2076 3371 sunt⁹.

594 3430 608 3453 1
636 3430 836 3483 admittit]
857 3430 1051 3476 obmittit,
1071 3430 1224 3471 A.B.C.
1244 3429 1308 3470 ed.
1328 3441 1390 3481 pr.
1490 3427 1506 3452 ²
1530 3428 1712 3481 intricat]
1733 3428 1917 3475 incertat,
1937 3428 2001 3469 ed.
2021 3441 2083 3481 pr.
2192 3429 2209 3453 ³
2234 3433 2282 3470 ut

540 3483 717 3535 videtur]
739 3485 811 3530 C.;
842 3491 887 3524 ut
906 3499 988 3524 om.
1010 3485 1111 3525 A.B.
1298 3483 1313 3506 ⁴
1341 3488 1382 3523 et
1402 3482 1685 3535 significative]
1706 3496 1794 3524 esse
1811 3482 2113 3535 significativos‚
2132 3483 2198 3524 ed.
2215 3497 2279 3537 pr.

541 3537 556 3560 ⁵
584 3538 766 3589 omnem]
789 3551 894 3584 cum,
916 3539 971 3578 D.
1191 3537 1207 3561 ⁶
1234 3549 1316 3589 quo
1334 3537 1405 3588 ad]
1426 3538 1564 3584 habet,
1585 3538 1640 3576 D.
1808 3536 1826 3559 ⁷
1853 3536 1982 3590 quod]
2003 3537 2112 3590 quia,
2131 3537 2195 3578 ed.
2215 3550 2278 3590 pr.

542 3591 556 3614 ⁸
584 3591 748 3643 ydeata]
770 3593 930 3643 ydeota,
952 3593 1006 3632 D.
1171 3593 1187 3620 9
1216 3592 1329 3645 sunt]
1352 3597 1457 3639 sunt,
1478 3592 1572 3633 ideo
1591 3596 1682 3638 etc„
1703 3591 1765 3633 ed.
1787 3595 1871 3644 pr.'

2024 3659 2208 3694 WIOLIF
