2462 4114
115 432 268 470 ma.
714 411 822 459 TR
840 412 931 460 [Α
954 413 1000 460 L
1026 413 1068 462 0
1090 412 1136 462 G
1162 411 1279 461 σε.
1995 427 2097 480 333

110 545 382 596 saeculares
418 546 618 604 domini,
645 547 898 610 quomodo
935 547 1151 610 episcopi
1187 547 1422 595 habentes
1459 561 1487 594 a
1521 561 1636 608 rege
1669 554 1859 594 terrena
1889 544 1893 624 t

9 631 11 633 ’
106 624 325 679 dominia
346 635 526 676 etcum
550 627 647 677 hoc
671 628 942 676 custodiam
965 628 1206 677 latronum
1230 629 1279 676 in
1298 643 1503 686 carcere,
1524 644 1586 676 ne
1611 627 1860 689 aufugiant

46 707 53 755 ’.
106 717 158 759 et
177 723 385 771 regnum
413 708 585 762 furtive
605 709 884 769 maculent¹,
912 710 1030 758 dum
1061 710 1182 758 haec
1206 709 1406 758 fecerint
1435 710 1653 772 episcopi
1679 709 1859 756 debent

106 788 199 855 pro
225 790 319 839 illis
349 789 532 840 furibus
563 791 889 854 respondere;
933 800 1116 854 quanto
1148 793 1318 854 magis,
1346 792 1385 839 si
1409 807 1538 854 papa
1570 790 1789 853 episcopi
1814 798 1860 837 et

105 869 262 921 frivoli
285 866 590 921 confessores
608 872 788 920 habent
812 888 841 920 a
858 872 968 920 Deo
993 873 1245 920 limitatum
1270 888 1528 930 carcerem,
1550 887 1663 920 cum
1688 872 1864 919 ceteris

42 966 44 971 ·
101 946 250 1003 'donis
283 953 393 1012 Dei,
434 954 500 1002 ad
539 953 789 1002 maleficos
831 954 1182 1016 castigandum,
1225 962 1274 1002 et
1315 939 1428 1002 cum
1467 954 1563 1002 hoc
1601 952 1863 1015 proditorie

4 1038 7 1039 ⁷
51 1042 54 1043 ’
102 1032 217 1085 Deo
240 1043 289 1084 et
309 1035 474 1099 regnis
504 1036 722 1084 animant
745 1036 900 1083 verbis
938 1037 1036 1083 suis
1070 1036 1322 1084 haereticis
1347 1036 1410 1083 ad
1443 1034 1666 1082 ulterius²
1691 1042 1863 1082 contra

2 1142 5 1146 ¹
46 1151 63 1189 4
102 1115 200 1167 Dei
230 1117 463 1181 justitiam
496 1132 704 1180 regnum
740 1117 845 1180 eJus
881 1125 929 1164 et
964 1117 1201 1179 populum
1239 1117 1596 1165 maculandum.
1677 1116 1859 1163 Nonne

35 1203 45 1267 j
100 1197 361 1263 medimna
379 1201 517 1263 quod
538 1200 658 1248 tales
683 1200 879 1262 praelati
897 1200 1262 1262 respondebunt
1280 1199 1392 1247 Deo
1418 1214 1507 1262 pro
1533 1199 1634 1246 istis
1661 1198 1858 1254 furibus,

30 1314 35 1315 ν
107 1294 232 1346 quos
265 1289 368 1330 tam
402 1281 520 1329 false
555 1289 604 1328 et
638 1280 926 1344 proditorie³
950 1281 1165 1328 animant
1201 1288 1369 1328 contra
1404 1280 1565 1342 legem
1591 1278 1767 1327 Christi
1803 1277 1865 1324 ad

109 1364 216 1428 ejus
261 1363 500 1427 populum
547 1362 892 1410 maculandum
939 1371 985 1410 et
1031 1363 1136 1425 ejus
1177 1377 1383 1424 regnum
1427 1376 1527 1424 quo
1578 1361 1640 1407 ad
1686 1360 1866 1406 fructus

110 1445 336 1494 virtutum
371 1444 609 1492 diabolice
647 1444 1026 1491 destruendum?
1093 1443 1253 1491 Radix
1290 1450 1452 1490 autem
1488 1442 1622 1489 istius
1659 1440 1867 1488 malitiae

27 1543 38 1579 ·,
112 1533 187 1576 est
207 1526 436 1588 superbia
460 1525 723 1574 antichristi
747 1533 794 1572 et
825 1525 1156 1588 praesumptio
1193 1533 1362 1572 contra
1385 1523 1667 1586 pauperiem
1692 1520 1867 1569 Christi

106 1616 157 1657 et
195 1607 543 1671 discipulorum
578 1621 791 1665 suorum,
830 1607 953 1669 qua4
994 1606 1351 1654 ordinationem
1389 1604 1567 1653 Christi
1607 1604 1868 1651 occasione

108 1705 284 1739 caecae
319 1688 639 1737 ordinationis
675 1686 942 1736 Caesareae
980 1688 1289 1750 diruperunt3
1339 1686 1584 1749 suggessit
1613 1685 1744 1732 enim
1779 1684 1868 1731 illis

108 1771 344 1830 diabolus,
375 1771 511 1834 quod
542 1785 655 1818 cum
688 1770 757 1817 sic
793 1769 1038 1817 mundane
1074 1770 1386 1816 dominantur
1418 1769 1468 1815 in
1501 1768 1646 1825 clero,
1672 1774 1866 1828 oportet

105 1852 170 1902 ad
201 1852 532 1901 fundandum⁶
556 1866 699 1900 suum
730 1851 905 1898 falsum
941 1851 1227 1908 dominium,
1261 1850 1405 1912 quod
1428 1844 1741 1911 blaspheme⁶
1775 1848 1866 1895 fin-

105 1941 224 1999 gant
258 1934 328 1983 eis
363 1934 631 1997 potentiam
667 1933 975 1995 spiritualem.
1049 1931 1156 1979 Nec
1198 1940 1271 1979 est
1314 1932 1396 1994 qui
1439 1931 1692 1992 impugnet
1734 1928 1865 1976 illam

106 2017 391 2081 potentiam,
432 2030 545 2063 cum
591 2030 694 2063 non
735 2014 822 2062 sit⁷
863 2013 1114 2071 sensibilis,
1160 2020 1208 2060 et
1249 2012 1432 2060 habent
1474 2018 1766 2074 potestatem
1804 2010 1867 2058 de

27 2115 30 2118 ’
105 2098 301 2160 regibus
341 2097 406 2145 ad
445 2111 620 2145 omnes
658 2111 774 2144 suos
812 2096 1112 2143 adversarios
1150 2102 1382 2157 tanquam
1420 2093 1690 2141 haereticos
1727 2107 1866 2139 com-

107 2178 318 2228 burere⁸.
390 2177 484 2236 Sic,
520 2179 735 2242 inquam,
773 2177 859 2225 fuit
896 2185 1154 2239 praetensa
1194 2176 1415 2239 potentia
1450 2174 1712 2222 antichristi
1750 2175 1862 2222 sub·

109 2260 221 2310 dole
243 2261 532 2310 introducta.

797 2519 846 2576 'C
857 2527 963 2575 ΑΡ.
1002 2526 1162 2575 XXV.

537 2658 613 2707 De
634 2663 915 2707 sacramento
937 2663 1169 2705 extremae
1191 2658 1431 2704 unctionis.

174 2789 375 2840 Alithia.
447 2787 712 2846 Sufficiunt,
756 2787 899 2835 frater
935 2787 1208 2844 Phronesis,
1247 2786 1375 2834 dicta
1416 2784 1476 2832 de
1516 2784 1607 2831 ista
1647 2780 1861 2828 materia.
1922 2801 2002 2828 Num
2018 2807 2105 2827 sacra

109 2871 208 2921 Sed
241 2871 320 2920 dic
354 2885 478 2933 rogo
514 2884 687 2934 parum
723 2869 783 2917 de
818 2869 989 2916 ultimo
1028 2875 1348 2924 sacrament0‚
1375 2865 1509 2928 quod
1543 2872 1741 2912 vocatur
1776 2877 1861 2908 ex·
1919 2839 2122 2929 fffffiffigffg

0 2999 3 3002 .
105 2959 253 3002 trema
289 2954 451 3001 unctzb.
521 2951 771 2999 Fundatur
806 2947 996 2999 autem⁹
1030 2951 1079 2998 in
1116 2950 1197 2998 illo
1233 2949 1363 2997 dicto
1399 2947 1572 3011 Jacobi
1607 2961 1666 3003 v.,
1693 2949 1704 2969 ‘
1722 2944 1861 2992 Infir-
1918 2935 2182 3029 ᾆῖζὲῗέζὴῑὲῑᾈη-

0 3026 9 3085 ἶ
60 3040 65 3055 ⁷
107 3043 266 3084 matur
282 3035 397 3098 „quis
421 3049 480 3082 ex
506 3034 668 3082 vobis’
694 3041 782 3081 etc.
1919 3003 2120 3064 ηῗέἓῖῗιῖωω

0 3117 7 3159 ,⁵
173 3115 449 3165 Phrone-5229.
519 3115 624 3163 Ista
647 3115 831 3163 videtur
855 3115 998 3162 nimis
1021 3113 1136 3161 levis
1171 3111 1390 3160 fundatio
1424 3108 1726 3166 sacramenti,
1752 3121 1861 3155 cum

108 3197 263 3247 fidelis
286 3206 453 3262 posset
472 3197 630 3245 dicere
656 3197 769 3244 satis
787 3195 1112 3258 probabiliter,
1133 3193 1266 3257 quod
1285 3194 1372 3240 iste
1399 3199 1594 3240 sanctus
1614 3188 1864 3252 apostolus

163 3335 179 3360 ¹
207 3332 434 3386 maculent]
454 3331 676 3377 maculant,
696 3331 761 3372 ed.
783 3343 844 3383 pr.
1010 3330 1026 3353 ²
1053 3329 1106 3369 ad
1125 3327 1315 3380 ulterius]
1337 3340 1420 3367 om.
1440 3326 1504 3366 ed.
1553 3339 1584 3365 r.
1731 3323 1746 3347 ³
1774 3336 1868 3377 pro·

109 3387 278 3440 ditorie]
298 3386 523 3440 proditorie
543 3386 636 3426 Deo
657 3391 697 3425 et
718 3385 863 3437 regnis,
885 3384 1040 3425 A.B.C.
1060 3383 1124 3423 ed.
1145 3396 1206 3436 pr.
1394 3380 1408 3403 ⁴
1436 3393 1517 3433 qua
1558 3383 1713 3426 contra,
1735 3379 1797 3425 C.,
1820 3378 1867 3418 B.

110 3442 269 3496 primae
287 3454 446 3487 manus,
466 3440 529 3481 ed.
551 3453 637 3493 pr.;
668 3451 749 3491 qua
770 3443 927 3484 contra,
949 3438 1002 3478 D.
1259 3436 1275 3459 ³
1303 3434 1576 3486 fundandum]
1598 3433 1868 3479 fundendum,

109 3496 175 3538 ed.
193 3509 256 3550 pr.
475 3495 492 3517 ⁶
520 3493 779 3546 blaspheme]
802 3492 1094 3545 blasphemiae,
1114 3490 1178 3531 ed.
1199 3503 1260 3543 pr.
1479 3488 1494 3512 ⁷
1524 3488 1595 3541 sit]
1618 3500 1700 3527 om.
1721 3487 1786 3529 ed.
1806 3499 1869 3540 pr.

110 3550 127 3574 ⁸
155 3549 419 3602 comburere]
440 3547 778 3593 comburendum,
798 3547 862 3587 ed.
878 3559 938 3599 pr.
1103 3546 1118 3569 ⁹
1148 3542 1304 3597 autem]
1326 3543 1448 3590 enim,
1469 3542 1625 3583 A.B‚C.
1646 3542 1711 3583 ed.
1734 3554 1794 3595 pr.
