2462 4114
6 386 10 405 '
50 386 258 499 3252,
706 421 816 468 ΤΚ
834 421 926 470 [Α
949 424 995 470 L
1020 424 1062 472 0
1084 423 1132 474 G
1156 424 1271 475 σε

1994 441 2099 497 377
2202 477 2205 535 Ι

67 551 313 613 ξω,
337 553 519 603 scilicet
552 553 630 602 lex
669 553 847 604 Christi
883 565 931 604 et
968 572 1166 606 suorum
1190 561 1535 618 membrorum,
1572 561 1649 608 lex
1686 561 1855 609 mundi
2214 567 2221 574 “

28 675 31 678 ,
67 640 178 694 ᾳ
175 633 446 690 hominum
485 635 861 695 mundanorum,
901 646 948 685 et
983 638 1061 686 lex
1098 639 1277 688 diaboli
1313 649 1359 689 et
1396 656 1596 689 suorum
1631 642 1854 690 filiorum.

80 706 215 774 ³⁷21.ss
238 723 287 765 et
309 716 615 774 consuetudo
637 717 780 780 primi
806 718 1028 781 principii
1053 728 1124 768 est
1147 722 1335 769 bonum
1358 738 1448 785 pro
1459 720 1603 771 malo
1622 723 1851 783 reddere,

192 804 259 847 et
280 797 586 847 consuetudo
611 798 813 846 secundi
837 800 1058 862 principii
1083 809 1155 849 est
1173 802 1372 850 reddere
1396 804 1583 852 bonum
1608 819 1698 867 pro
1722 806 1858 853 bono

72 855 166 937 [fis
181 877 376 929 malum
408 880 503 944 pro
535 879 695 939 malo;
744 879 830 928 sed
864 880 942 928 lex
965 882 1089 929 tertii
1125 883 1346 946 principii
1381 884 1476 946 legi
1503 884 1704 933 Christi¹
1739 900 1857 934 con-

63 950 253 1025 {mia
292 967 367 1008 est
399 959 601 1010 reddere
638 961 984 1024 irregulariter²
1025 963 1209 1011 malum
1246 980 1337 1027 pro
1378 966 1526 1015 bono,
1596 966 1767 1014 Unde
1782 966 1857 1014 isti
1899 951 1901 953 ’

54 1027 193 1099 ffi
209 1038 366 1090 Belial
388 1041 458 1090 sic
481 1042 763 1090 instruendo
788 1043 1049 1106 episcopos
1082 1059 1139 1092 ac
1163 1044 1329 1094 fideles
1362 1046 1481 1095 alios
1504 1063 1593 1110 pro
1618 1048 1857 1096 beneficio

107 1122 183 1179 nis
204 1123 336 1182 date,
360 1122 625 1172 ostendunt
647 1131 868 1187 patenter
891 1140 943 1173 se
967 1140 1075 1174 esse
1101 1126 1336 1176 diabolos.

122 1202 326 1258 Unde
359 1204 532 1254 melius
567 1203 733 1297 fuisset
764 1205 870 1265 illis,
903 1214 1165 1299 antequam
1199 1209 1250 1255 in
1285 1208 1403 1257 tales
1435 1208 1659 1259 haereses
1686 1210 1860 1302 idiote⁸
1916 1223 2062 1284 ἕξεως]
2106 1230 2159 1284 gn-

16 1438 20 1442 ’
49 1470 73 1513 ¹5
75 1455 250 1515 mter
286 1426 459 1499 eorum
498 1450 550 1498 in
584 1449 680 1499 hoc
715 1450 878 1513 ligavit
913 1465 1025 1500 suas
1063 1453 1270 1501 notitiaS.
1342 1453 1470 1501 Cum
1512 1469 1630 1516 ergo
1671 1455 1721 1501 in
1764 1453 1860 1501 hoc

112 1529 320 1587 emcilio
347 1538 664 1582 terraemotus
690 1532 983 1581 damnarunt
1016 1532 1263 1583 Christum
1288 1542 1538 1597 tamquam
1563 1535 1860 1584 haereticum

54 1624 74 1667 ζ.
110 1619 163 1664 et
190 1610 418 1662 doctores
449 1612 682 1662 ecclesiae
713 1615 1002 1678 praecipuos
1027 1624 1074 1663 et
1105 1631 1193 1679 per
1216 1617 1344 1665 mille
1378 1632 1534 1665 annos
1567 1632 1623 1665 ac
1656 1616 1861 1680 amplius
2205 1627 2209 1702 Ι

46 1690 74 1747 ‘f'
108 1693 176 1755 sb
214 1693 431 1746 ecclesia·
460 1695 773 1760 approbatOS,
810 1696 1122 1766 manifestum
1160 1698 1344 1746 videtur
1387 1698 1523 1761 quod
1563 1699 1768 1746 innuunt
1811 1713 1862 1745 se
2206 1735 2210 1790 ι

56 1783 58 1786 ’
109 1771 405 1832 1100ῐο50310
427 1777 647 1840 singulos
673 1776 988 1828 Christianos.
1028 1791 1046 1837 4¹
1063 1770 1163 1828 Sed
1188 1779 1404 1828 secundo
1430 1780 1696 1843 specialiter
1728 1779 1862 1826 labo-

108 1862 220 1913 tant
239 1856 292 1905 111
313 1857 491 1910 eodem
514 1858 723 1908 concilio
749 1859 813 1907 ad
838 1860 1175 1909 damnandum
1199 1877 1366 1924 regem
1390 1861 1611 1924 Angliae,
1637 1875 1863 1924 proceres

109 1951 217 2003 ms
262 1953 322 1988 ac
367 1954 576 2003 regnum
616 1948 849 2004 tanquam
895 1941 1179 2002 haereticos,
1222 1951 1269 1991 et
1318 1958 1404 2006 per
1446 1957 1754 2005 consequens
1802 1941 1865 1989 ad

56 2018 58 2022 ’
110 2018 536 2075 exhaeredandum
560 2036 734 2071 omnes
758 2022 850 2072 hos
875 2023 1119 2083 (1011111103,
1141 2040 1198 2073 ac
1219 2023 1491 2073 Robertum
1511 2023 1863 2074 Gilbonensem

58 2154 68 2164 2
111 2113 226 2150 cum
258 2099 412 2164 globo
445 2101 799 2152 haereticorum
833 2104 1034 2154 fratrum
1073 2105 1133 2154 de
1175 2121 1266 2154 suo
1303 2106 1510 2155 concilio
1551 2107 1601 2154 in
1635 2105 1864 2168 Angliam

60 2173 69 2229 s
110 2180 455 2232 inducendum.
524 2184 796 2234 Assumunt
839 2194 1002 2235 autem
1043 2187 1172 2235 istud
1213 2188 1418 2236 subdole
1459 2202 1549 2250 pro
1591 2186 1754 2235 medio
1803 2185 1865 2234 ad

53 2311 59 2323 ,
110 2260 244 2318 hunc
288 2265 452 2327 finem,
501 2269 636 2332 quod
684 2285 817 2318 error
863 2271 1008 2320 nimis
1055 2272 1355 2334 periculosus
1404 2280 1477 2320 est
1521 2272 1681 2320 dicere
1729 2270 1863 2333 quod

113 2342 301 2395 domini
333 2351 628 2414 temporales
662 2360 869 2414 possunt
904 2353 968 2400 ad
1006 2353 1252 2401 arbitrium
1294 2368 1464 2400 eorum
1506 2353 1691 2401 auferre
1732 2353 1864 2400 bona

43 2442 47 2486 ζ
110 2429 400 2492 temporalia
430 2432 494 2479 ab
526 2431 731 2481 ecclesia
763 2433 1086 2496 delinquente,
1122 2443 1169 2482 et
1204 2434 1337 2496 quod
1365 2434 1625 2497 populares
1658 2442 1864 2496 possunt

40 2519 42 2521 ’
79 2509 193 2558 ad
201 2524 373 2558 eorum
397 2511 643 2560 arbitrium
668 2513 898 2562 dominos
932 2515 1268 2577 delinquentes
1304 2501 1573 2585 corrigere<l
1624 2514 1860 2573 Quamvis

38 2535 57 2655 ῥ’
114 2597 279 2639 autem
315 2592 407 2640 ista
444 2594 658 2642 secunda
698 2595 930 2657 particula
968 2596 1027 2644 sit
1068 2596 1195 2644 iners
1230 2596 1425 2658 pictatia
1460 2611 1489 2644 a
1524 2596 1742 2644 fratribus
1778 2596 1863 2643 ad-

42 2711 58 2734 4,
113 2672 322 2732 inventa,
363 2681 528 2722 tamen
569 2674 736 2725 fratres
776 2676 998 2724 laborant
1046 2677 1236 2726 assidue
1283 2676 1346 2725 ad
1387 2676 1691 2724 fundandum
1733 2676 1862 2724 illam

115 2753 390 2818 sophistice.
461 2755 611 2815 Deus,
637 2756 851 2820 inquam,
877 2765 1036 2820 potest
1067 2758 1345 2821 praecipere
1379 2758 1562 2820 populo
1596 2758 1665 2805 sic
1689 2756 1861 2814 facere,

38 2903 39 2906 Ἴ
114 2850 208 2885 nec
232 2845 305 2886 est
327 2836 422 2886 Dei
445 2839 663 2901 potentia
687 2839 755 2886 sic
789 2839 1026 2886 exhausta
1057 2840 1174 2901 quin
1206 2847 1372 2901 posset
1401 2853 1594 2886 movere
1627 2838 1862 2901 populum
1944 2856 1950 2861 ‘

36 2981 53 2992 ⁴.
115 2917 191 2971 ad
199 2917 356 2967 taliter
378 2917 682 2980 faciendum3
719 2935 837 2983 ergo
864 2921 1120 2983 populares
1149 2928 1354 2983 possunt
1387 2920 1453 2968 sic
1477 2919 1648 2968 facere.
1723 2918 1862 2966 Simi-

79 2998 220 3073 liter
241 3015 483 3064 personae
507 3001 616 3050 illae
641 3017 766 3065 quae
799 3002 902 3065 jam
938 3010 1050 3050 sunt
1084 3002 1357 3064 populares,
1384 3009 1588 3064 possunt
1623 3016 1684 3048 ex
1719 3015 1862 3048 even-

36 3072 38 3074 ’
71 3046 244 3132 ⁸tibus
267 3082 448 3132 bellicis
472 3091 521 3132 et
542 3083 740 3131 infinitis
765 3083 869 3132 aliis
888 3083 1078 3131 casibus
1103 3098 1210 3131 esse
1234 3082 1479 3131 fortissimi
1499 3091 1861 3145 conquestoreS,

36 3151 50 3197 ἕ
117 3163 243 3214 sicut
265 3179 293 3212 e
318 3172 489 3214 contra
512 3164 698 3213 domini
721 3164 1011 3227 temporales
1035 3173 1241 3227 possunt
1265 3179 1371 3212 esse
1395 3163 1647 3212 miserrimi
1674 3163 1861 3211 mendi-

40 3235 55 3303 ’μ’
114 3254 307 3307 cantem
356 3245 608 3310 quomodo
643 3261 762 3308 ergo
795 3245 1074 3308 negandum
1107 3254 1193 3304 est,
1219 3246 1352 3308 quod
1376 3245 1633 3308 populares
1657 3251 1864 3307 possunt

42 3315 92 3377 s.
116 3329 357 3392 corrigere
393 3328 621 3377 dominos
653 3327 1021 3390 delinquentes?
1082 3325 1307 3374 Similiter
1338 3341 1449 3374 cum
1482 3326 1739 3390 populares
1770 3324 1864 3373 sint

174 3459 189 3485 ²
217 3458 391 3511 Christi]
414 3458 508 3503 Dei,
524 3458 578 3497 A.
582 3457 627 3498 B.
632 3458 679 3498 C.
701 3457 764 3497 ed.
786 3470 846 3509 pr.
963 3455 979 3479 ²
1007 3455 1300 3508 irregulariter]
1323 3455 1570 3507 regulariter,
1588 3455 1639 3494 A.
1644 3454 1690 3494 Β
1710 3454 1866 3507 primae

49 3510 77 3521 ”
119 3525 279 3559 manus,
298 3512 362 3553 ed.
383 3525 444 3565 pr.
682 3512 695 3534 ·
723 3509 869 3562 idiote]
891 3510 1067 3555 idiotice,
1089 3509 1150 3549 ed.
1173 3523 1232 3560 pr.
1470 3508 1806 3561 ⁴pronomine]
1795 3522 1819 3548 ι.
1829 3521 1864 3548 0.
1894 3550 1896 3563 ἶ
2209 3539 2211 3569 2

49 3571 53 3575 ’
120 3566 356 3609 vocabulo·
372 3566 479 3608 hoc!
1893 3569 1897 3615 ς
2209 3573 2212 3623 i
