2436 4094
32 439 34 443 ’
129 441 264 472 canes.
737 424 1304 476 TRIALOGUS.

125 553 246 604 tudo
281 555 406 605 inter
437 569 675 619 magnum
709 567 757 608 et
792 574 995 622 parvum
1030 575 1179 623 quam
1212 562 1337 610 inter
1371 563 1559 610 bonum
1595 569 1643 611 et
1678 562 1876 611 malum.

127 635 226 685 Sed
260 635 339 695 da,
375 637 416 686 si
451 638 642 698 audes¹,
679 639 814 703 quod
848 641 925 688 tu²
960 642 1024 690 sis
1062 643 1127 690 ita
1161 658 1371 705 magnus
1405 651 1457 692 ut
1492 659 1681 707 parvuS,
1707 652 1755 693 et
1778 659 1880 692 non

125 718 328 782 effugies
337 715 370 778 ³,
394 720 512 782 quin
535 736 623 783 per
645 721 776 770 idem
800 723 1040 786 quaelibet
1064 738 1176 787 pars
1201 726 1516 787 quantitativa
1539 727 1607 774 tui
1632 727 1692 774 sit
1724 741 1878 789 aeque

123 813 306 863 magna
329 801 452 848 sicut
474 815 636 864 parva,
661 810 710 850 et
733 819 846 851 cum
870 804 1109 852 infinitum
1138 820 1286 868 parva
1319 807 1378 854 sit
1403 807 1562 870 aliqua
1586 823 1699 870 pars
1724 823 1879 870 quan-

121 881 306 931 titativa
336 881 419 939 tui,
444 883 674 945 sequitur,
711 885 846 947 quod
881 887 1305 948 proportionaliter
1339 890 1427 936 erit
1462 904 1644 952 magna
1658 905 1672 949 ;
1726 898 1775 937 et
1811 890 1880 938 sic

49 1011 59 1018 ,
101 975 282 1011 ,omre
293 977 531 1026 magnum
554 972 629 1014 est
650 966 891 1014 infinitum
923 982 1139 1029 parvum,
1165 975 1212 1016 et
1244 983 1392 1018 omne
1431 984 1634 1032 parvum
1666 978 1740 1019 est
1771 971 1880 1018 infi-

121 1043 279 1101 nitum
301 1058 552 1107 magnum,
578 1045 714 1108 quod
738 1047 1015 1096 certissimis
1047 1048 1542 1101 demonstrationibus
1573 1052 1881 1115 geometricis

43 1164 45 1166 .
119 1132 169 1175 et
191 1127 465 1177 veritatibus
488 1143 575 1192 per
598 1144 651 1178 se
675 1131 803 1179 notis
827 1131 1103 1194 vulgaribus
1127 1133 1427 1183 contradicit.

869 1407 1027 1457 CAP.
1064 1408 1153 1457 VI.

576 1530 654 1579 De
675 1547 818 1581 causa
833 1535 1093 1596 gravitatis
1106 1543 1190 1596 pec
1197 1540 1417 1583 calorum.
1501 1560 1504 1565 -

183 1640 457 1690 Phronesz's.
527 1639 733 1701 Video‘,
756 1641 891 1705 quod
916 1643 967 1690 in
991 1644 1193 1710 materia
1218 1644 1381 1707 logica
1409 1644 1615 1692 multum
1640 1645 1886 1708 captiosa5

115 1737 170 1771 es
196 1737 380 1785 pronus
414 1737 634 1785 arguere,
661 1738 774 1771 cum
809 1723 906 1772 huc
929 1739 1085 1787 usque
1118 1725 1168 1772 in
1205 1726 1407 1773 materia
1443 1725 1599 1774 solida
1624 1726 1809 1774 latebas
1833 1733 1886 1773 ut

115 1804 305 1866 anguis,
347 1803 436 1852 sed
476 1803 614 1852 Deus
651 1804 862 1852 resistet⁶
903 1804 1120 1854 tollendo
1163 1805 1366 1855 faciliter
1407 1807 1619 1869 argutias
1660 1815 1768 1856 tuas
1805 1822 1886 1856 so-

113 1883 358 1948 phisticas.
429 1883 479 1931 N
482 1899 550 1932 on
597 1885 730 1932 enim
776 1885 934 1944 vide0‚
983 1886 1237 1949 quomodo
1288 1902 1439 1936 omne
1494 1895 1754 1951 peccatum
1809 1888 1886 1936 vel

112 1965 294 2029 aliquid
317 1966 379 2015 sit
401 1965 645 2014 infinitum
668 1981 831 2030 grave,
856 1968 971 2031 quia
994 1975 1111 2016 tunc
1135 1968 1378 2017 infinitum
1403 1970 1538 2032 gravi
1567 1984 1734 2033 poena
1759 1969 1886 2018 foret

114 2062 178 2096 ex
218 2046 314 2096 Dei
355 2047 539 2111 justitia
578 2047 895 2110 puniendum,
939 2050 1075 2112 quod
1121 2058 1194 2100 est
1240 2051 1556 2114 impossibile,
1600 2066 1714 2098 cum
1755 2051 1886 2099 nulla

114 2136 334 2178 creatura
364 2136 526 2192 potest
557 2129 800 2178 infinitum
828 2145 1027 2193 gravem
1062 2146 1277 2194 poenam
1311 2129 1510 2181 subire⁷.
1581 2131 1789 2180 Videtur
1812 2140 1883 2180 ta-

0 2211 13 2219 *
58 2268 70 2280 ·
113 2224 230 2267 men
254 2209 374 2258 mihi
398 2210 532 2273 quod
557 2225 706 2259 omne
732 2220 989 2274 peccatum
1014 2220 1176 2275 potest
1200 2212 1296 2261 dici
1324 2213 1697 2276 quodammodo
1722 2214 1883 2261 infini-

113 2297 234 2349 tum,
259 2306 363 2340 non
398 2306 499 2355 quo
531 2291 595 2340 ad
626 2292 808 2341 molem
844 2293 919 2342 vel
951 2295 1188 2353 virtutem,
1214 2309 1328 2343 cum
1352 2295 1484 2343 nulla
1513 2295 1621 2344 talis
1640 2295 1882 2358 quantitas

113 2372 207 2421 sibi
239 2373 381 2432 inest,
405 2387 498 2422 nec
533 2387 633 2436 quo
669 2374 732 2422 ad
761 2375 1090 2437 gravedinem,
1118 2391 1231 2424 cum
1264 2376 1451 2424 nullum
1483 2384 1743 2440 peccatum
1770 2377 1830 2426 sit
1854 2393 1884 2426 a

112 2452 227 2502 Deo
252 2453 574 2516 puniendum.
645 2453 743 2503 Sed
766 2464 1024 2517 peccatum
1049 2457 1221 2505 dicitur
1244 2458 1485 2506 infinitum
1509 2458 1883 2522 quodammodo

114 2534 359 2598 privative,
394 2534 492 2583 hoc
534 2532 636 2583 est⁸
670 2544 928 2598 peccatum
970 2546 1101 2586 caret
1143 2538 1240 2586 fine
1275 2538 1519 2597 laudabili,
1555 2540 1708 2602 gratia
1745 2540 1882 2602 cujus

114 2615 339 2665 deberet⁹
374 2616 490 2664 fieri.
562 2615 697 2664 Nihil
732 2618 864 2665 enim
899 2619 950 2665 in
985 2618 1172 2667 mundo
1210 2619 1356 2667 habet
1396 2619 1546 2667 finem
1584 2620 1879 2683 hujusmodi,

113 2697 207 2746 nisi
232 2684 453 2746 debeat¹⁰
476 2697 578 2744 fieri
601 2698 755 2760 gratia
778 2697 874 2746 Dei
898 2699 1107 2747 finientis
1136 2699 1466 2762 quodcunque
1490 2715 1616 2762 opus
1641 2700 1880 2748 laudabile

114 2786 375 2827 creaturae.
449 2777 547 2826 Sed
589 2793 681 2826 nec
715 2778 868 2826 homo
909 2778 1054 2827 debet
1089 2794 1294 2842 peccare
1336 2795 1429 2828 nec
1464 2781 1772 2843 peccandum
1807 2789 1882 2829 est
1922 2831 1927 2836 N

12 2870 30 2924 J
114 2859 318 2908 finaliter
357 2867 558 2926 propter
590 2858 768 2907 Deum.
843 2859 1083 2908 Concedo
1124 2868 1304 2920 tamen,
1341 2861 1476 2924 quod
1514 2863 1704 2909 bonum
1746 2862 1881 2910 inex-

113 2939 266 2989 istens
299 2948 505 3004 peccato
541 2948 615 2988 est
650 2940 854 2989 finaliter
888 2949 1089 3004 propter
1124 2941 1302 3001 Deum,
1343 2942 1431 2990 sed
1472 2946 1484 2967 ‘
1500 2943 1712 3005 primum
1749 2943 1881 2991 esse'

0 3027 6 3037 '
60 3030 66 3044 ⁵
115 3021 304 3085 peccati
328 3020 502 3080 deficit,
527 3021 641 3070 ideo
667 3036 769 3070 non
794 3030 868 3071 est
901 3023 1105 3071 finaliter
1136 3031 1335 3086 propter
1357 3022 1549 3084 Deum;
1586 3031 1635 3072 et
1666 3030 1799 3087 patet
1831 3024 1883 3070 in

117 3109 253 3166 parte
281 3102 456 3152 solutio
481 3102 545 3151 ad
567 3110 703 3151 tuam
726 3104 936 3165 primam
961 3104 1252 3152 instantiam.

183 3182 265 3231 Ad
287 3184 529 3232 secundam
562 3184 746 3243 dicitur,
771 3185 907 3248 quod
940 3186 1155 3248 petendo
1187 3185 1364 3234 falsum
1398 3186 1619 3245 assumiS,
1644 3200 1757 3234 cum
1781 3200 1883 3233 non

174 3290 190 3315 ¹
217 3291 364 3344 audes]
395 3291 560 3338 audeas,
581 3293 737 3333 A.B.C.
1068 3293 1085 3317 ²
1112 3293 1177 3346 tu]
1195 3307 1278 3334 om.
1301 3293 1405 3333 ΑΒ.
1426 3294 1629 3334 secundae
1653 3307 1811 3339 manus,
1833 3294 1881 3334 C.

115 3344 134 3369 ⁸
158 3345 348 3440 fflffi]
370 3345 515 3398 fugies.
536 3347 611 3394 C.;
642 3345 776 3399 fingis,
797 3347 861 3387 ed.
882 3360 971 3400 pr.;
1004 3347 1147 3401 finges,
1169 3348 1224 3388 D.
1416 3347 1431 3370 ⁴
1459 3348 1599 3400 video]
1620 3348 1757 3394 audio,
1778 3348 1882 3388 A.B.

118 3411 244 3440 secun
341 3413 501 3441 manus.
666 3401 682 3424 ⁵
711 3401 915 3454 captiosa]
938 3403 1134 3454 captiose,
1154 3402 1219 3442 ed.
1240 3414 1302 3454 pr.
1469 3402 1485 3425 ⁶
1514 3401 1694 3454 resistet]
1715 3402 1882 3449 resistit,

118 3452 277 3494 A.B.C.
298 3453 363 3495 ed.
382 3467 445 3507 pr.
677 3454 694 3478 '⁸
723 3455 879 3507 subire]
901 3456 1111 3501 sustinere,
1133 3455 1237 3495 AB.
1259 3455 1461 3496 secundae
1480 3468 1637 3503 manus,
1658 3456 1706 3497 C.
1728 3456 1884 3509 primae

118 3519 277 3548 manus.
443 3508 459 3531 ⁸
487 3507 568 3560 est]
591 3514 665 3555 est,
686 3509 810 3562 quod,
832 3510 985 3549 A.B.C.
1151 3510 1167 3533 ⁹
1196 3510 1383 3563 deberet]
1405 3510 1541 3558 debet,
1562 3511 1615 3551 A.
1746 3512 1778 3536 ¹⁰
1805 3510 1883 3550 nisi

121 3559 294 3613 debeat]
314 3561 391 3603 nisi
411 3562 590 3609 deberet,
610 3563 673 3603 ed.
695 3576 780 3615 pr.;
812 3564 909 3615 quin
928 3563 1089 3608 debeat,
1112 3564 1214 3603 A.B.

966 3646 1046 3679 L2

2020 442 2117 498 147

1943 2340 2169 2374 nnnnnnnnnnn

1943 2479 2037 2498 causa
2045 2470 2196 2498 committi
