2496 4108
144 442 296 481 aaa„
724 428 846 484 VTR
865 429 956 478 [Α
980 430 1026 476 L
1052 431 1094 479 0
1118 430 1164 479 G
1190 429 1307 481 US.

20 607 23 630 ζ
69 567 71 571 '
145 559 264 609 dum
293 560 504 624 logicam
534 563 865 612 relativorum1
889 579 990 612 non
1023 564 1245 613 dicuntur
1276 566 1526 628 conjugeS,
1552 566 1644 615 nisi
1675 582 1802 615 unus
1839 567 1899 614 sit

20 645 26 665 ‘⁴'
64 646 66 708 J
143 641 325 706 conjux
361 643 556 692 alterius
588 653 636 692 et
667 660 694 692 e
720 653 917 704 contra;
968 646 1188 693 concedo
1225 655 1388 694 tamen
1425 648 1524 705 tibi,
1549 648 1684 710 quod
1713 649 1897 711 conjux

18 738 29 776 j
57 726 72 795 j
144 721 260 773 dicit
282 724 554 786 generalius
579 726 938 788 copulationem
963 727 1155 774 talium2
1179 743 1327 789 quarn
1353 730 1634 777 societatem
1658 730 1902 778 sodalium

142 803 219 851 vel
253 805 617 868 copulationem
653 808 895 855 carnalem
920 817 1002 856 aut
1037 810 1454 868 matrimonialem,
1499 826 1611 858 cum
1649 819 1742 859 stat
1784 811 1903 860 tales

20 878 33 907 Ὗ
61 884 66 915 ἶ
141 884 264 934 duas
285 888 522 949 personas
547 903 608 936 ex
633 903 882 936 consensu
906 890 1195 938 abscondito
1222 892 1454 952 copulari.

147 999 153 1003 «
208 966 291 1016 Ad
313 969 554 1016 secundam
590 977 726 1017 tuam
766 971 1034 1017 instantiam
1077 971 1261 1019 videtur
1301 973 1419 1020 mihi
1460 974 1728 1035 probabile,
1765 974 1901 1037 quod

10 1042 24 1123 ,⁷
67 1062 74 1068 ’
139 1047 260 1098 tales
282 1050 366 1112 qui
397 1064 500 1098 non
530 1060 736 1112 possunt
768 1066 1021 1114 procreare
1056 1054 1320 1111 carnaliter,
1346 1055 1715 1116 quodammodo
1740 1056 1897 1103 illicite

5 1125 34 1195 ’
140 1130 441 1194 copulantur.
511 1132 658 1181 Unde
695 1134 877 1196 antiqui
910 1134 1016 1196 qui8
1051 1150 1112 1182 ex
1146 1135 1406 1197 cupiditate
1442 1138 1799 1199 temporalium,
1837 1153 1898 1184 ex

11 1215 14 1216 ⁷
50 1223 55 1253 ὲ
140 1224 233 1275 spe
268 1221 548 1262 mutuorum
586 1215 890 1278 juvaminum
926 1225 1008 1264 aut
1044 1231 1105 1263 ex
1148 1232 1293 1264 causa
1328 1219 1633 1266 excusandae
1670 1219 1897 1272 libidinis,

139 1291 250 1342 licet
295 1294 556 1358 desperent
602 1296 662 1344 de
710 1297 860 1359 prole,
904 1298 1216 1360 copulantur*
1263 1298 1325 1346 ad
1372 1299 1592 1356 invicem,
1637 1314 1740 1347 non
1790 1314 1901 1347 vere

139 1376 554 1426 matrimonialiter
584 1379 884 1442 copulantur,
911 1377 982 1427 et⁵
1012 1380 1214 1442 juvenes
1241 1387 1396 1427 aetate
1434 1380 1522 1427 sed
1555 1380 1902 1442 improportio-

138 1457 360 1506 nabiliter
382 1459 629 1522 conjugati
653 1476 715 1508 ex
751 1469 954 1523 peccato
991 1462 1153 1523 priori,
1180 1461 1409 1509 deficiunt
1443 1477 1471 1508 a
1503 1462 1691 1509 ratione
1724 1462 1895 1524 plena⁶

137 1536 282 1602 hujus
304 1541 588 1589 venerabilis
624 1543 922 1591 sacramenti.
996 1543 1138 1590 Multi
1178 1544 1310 1589 enirn
1345 1544 1395 1589 in
1430 1544 1746 1604 proportione
1783 1550 1896 1591 sunt

135 1619 287 1683 inepti
323 1621 387 1670 ad
423 1623 738 1686 gignendum,
766 1625 848 1686 qui
889 1639 1001 1672 cum
1040 1625 1142 1672 aliis
1185 1624 1298 1672 satis
1335 1625 1606 1686 gignerent,
1642 1624 1754 1672 ideo
1791 1640 1894 1672 non

137 1700 364 1751 deficeret
399 1718 515 1752 suae
551 1705 846 1767 copulationi
879 1705 972 1752 Dei
1008 1706 1241 1768 regimen,
1267 1706 1359 1753 nisi
1395 1713 1650 1768 peccatum
1688 1706 1899 1754 anterius

137 1783 270 1834 sitin
295 1799 452 1833 causa.
522 1785 697 1834 Utrum
735 1794 896 1835 autem
932 1787 1051 1834 tales
1086 1795 1374 1850 permanent
1408 1802 1578 1849 graves
1614 1787 1813 1834 adulteri
1839 1803 1899 1834 ex

136 1863 256 1915 salsa
277 1865 555 1928 palliatione
578 1868 887 1926 matrimonii,
913 1868 1134 1930 relinquo
1159 1869 1262 1916 aliis
1294 1868 1736 1930 perscrutandum⁷,
1772 1876 1899 1916 certe

136 1961 372 2006 asserenS,
405 1948 552 2011 „quod
608 1963 710 1996 non
764 1957 836 1996 est
883 1949 1151 2012 legitimum
1199 1949 1575 2006 matrimonium,
1625 1949 1716 1997 nisi
1762 1949 1898 1997 Deus

135 2029 459 2092 approbando
501 2031 767 2093 conjungat
805 2031 959 2078 taliter
1001 2031 1304 2093 conjugatOS‚
1343 2045 1456 2077 curn
1496 2029 1714 2078 Christus
1757 2030 1895 2092 perti-

135 2118 307 2158 nenter
339 2112 617 2174 praecipiat,
656 2116 669 2137 ‘
686 2113 820 2175 quod
852 2112 990 2160 Deus
1027 2112 1294 2174 conjunxit,
1328 2111 1478 2159 homo
1511 2126 1614 2159 non
1655 2110 1897 2174 separet⁸,'

134 2199 183 2241 et
217 2193 332 2255 quia
367 2193 558 2242 sumus⁹
593 2195 761 2242 incerti
799 2194 859 2242 de
903 2194 1249 2256 conjunctione
1291 2194 1561 2255 approbata
1596 2209 1684 2255 per
1719 2193 1896 2252 Deum,

133 2273 248 2323 ideo
285 2275 422 2323 multi
461 2274 686 2324 homines
727 2276 778 2323 in
812 2276 984 2324 talibus
1027 2275 1266 2338 conjugiis
1303 2275 1364 2323 de
1400 2275 1496 2322 vita
1532 2290 1619 2322 sua
1655 2276 1898 2323 meritoria

135 2363 248 2405 sunt
269 2357 454 2405 incerti.
525 2357 649 2406 Ideo
683 2358 938 2405 benedicta
976 2358 1036 2404 sit
1072 2357 1375 2404 conversatio
1400 2356 1640 2417 virginum
1677 2356 1780 2403 sine
1815 2356 1895 2404 tali

135 2437 338 2501 copula!
397 2439 598 2487 Etcum
627 2439 902 2500 frequenter
934 2439 1052 2486 tales
1087 2437 1219 2500 apud
1243 2437 1406 2484 Deum
1439 2437 1714 2499 indispositi
1749 2453 1894 2499 saepe

134 2520 186 2568 in
218 2518 342 2568 facie
375 2520 608 2568 ecclesiae
642 2520 1058 2567 matrimonialiter
1090 2518 1391 2580 copulantur,
1417 2525 1564 2579 patet,
1590 2533 1738 2579 quarn
1771 2519 1894 2580 spis-

135 2601 227 2649 sim
260 2610 518 2664 peccatum
554 2602 866 2649 committitur
901 2602 950 2648 in
986 2601 1066 2647 tali
1103 2600 1292 2661 copula,
1319 2607 1365 2646 et
1401 2599 1672 2660 specialiter
1695 2599 1745 2645 in
1779 2599 1892 2647 ficto

135 2683 340 2731 divortio
381 2683 636 2732 celebrato.
720 2682 852 2730 Nam
892 2682 1266 2745 pseudofratres,
1310 2679 1597 2742 capitulares
1639 2680 1797 2728 clerici
1846 2689 1893 2727 et

133 2767 212 2815 alii
259 2766 419 2829 cupidi
467 2766 650 2814 faciunt
698 2781 842 2827 saepe
891 2766 1139 2812 divortium
1188 2763 1248 2811 de
1295 2764 1534 2826 personis,
1583 2778 1705 2824 quas
1754 2762 1891 2810 Deus

133 2847 445 2913 approbative
471 2847 724 2911 conjunxit
737 2863 750 2906 3
801 2847 885 2895 sed
910 2862 996 2894 vae
1023 2847 1137 2894 illis!
1199 2845 1306 2893 Nec
1334 2844 1546 2892 delector
1580 2844 1630 2890 in
1664 2843 1892 2906 multipli-

133 2929 368 2982 catione¹⁰
391 2945 646 2979 causarum
679 2929 878 2986 divortii,
906 2943 1019 2976 cum
1054 2928 1231 2974 multae
1269 2934 1381 2974 sunt
1416 2924 1771 2972 infundabiliter
1807 2924 1892 2971 hu-

62 3061 67 3080 ·
133 3012 344 3061 manitus
371 3011 652 3071 ordinatae,
694 3017 747 3059 ut
788 3018 920 3073 patet
962 3009 1232 3072 specialiter
1275 3008 1334 3055 de
1383 3007 1691 3069 cognatione.
1762 3005 1892 3053 Nam

133 3101 354 3157 tempore
377 3092 520 3156 primi
544 3091 756 3139 hominis
783 3091 952 3138 fratres
977 3098 1024 3138 et
1051 3104 1243 3138 sorores
1269 3088 1462 3136 fuerunt
1494 3102 1554 3134 ex
1587 3087 1891 3134 ordinatione
1962 3097 1970 3099 ⁴

134 3173 296 3223 divina
318 3174 474 3222 taliter
506 3172 768 3236 conjugati,
794 3180 839 3220 et
877 3180 1095 3234 tempore
1121 3169 1514 3233 patriarcharum,
1548 3176 1601 3215 ut
1625 3167 1888 3226 Abraham,

187 3280 203 3305 ¹
231 3279 513 3333 relativorum]
559 3279 793 3325 relatorum,
838 3279 886 3318 B.
931 3278 1144 3324 secundae,
1191 3278 1240 3318 C.
1286 3276 1442 3329 primae
1486 3287 1654 3321 manus;
1710 3289 1794 3315 om.
1841 3275 1890 3316 C.

132 3333 150 3358 ⁸
176 3334 342 3387 talium]
362 3347 445 3375 om.
466 3335 622 3375 A.B.C.
739 3333 756 3357 ³
785 3334 870 3387 qui]
890 3333 936 3379 si,
958 3334 1066 3373 A.C.
1087 3332 1289 3373 secundae
1308 3343 1466 3371 manus·
1581 3329 1596 3351 ⁴
1623 3329 1888 3382 copulantur]

133 3388 389 3442 copulentur,
410 3388 566 3428 A.B.C.
587 3388 650 3428 ed.
672 3401 733 3440 pr.
878 3388 894 3410 ⁶
921 3387 980 3438 et]
1004 3393 1044 3426 et
1065 3387 1135 3432 sic,
1158 3387 1206 3426 C.
1227 3386 1290 3426 ed.
1311 3398 1371 3437 pr.
1537 3382 1553 3406 ⁶
1581 3383 1722 3436 plena]
1744 3397 1890 3437 poena,

131 3443 196 3484 ed.
216 3455 278 3496 pr.
493 3442 509 3465 ⁷
538 3441 893 3495 perscrutandum]
934 3440 1279 3494 pertractandum,
1315 3440 1360 3478 Β.
1396 3438 1552 3491 primae
1589 3450 1758 3484 manus;
1803 3451 1892 3491 per-

133 3497 421 3541 scrutantibus,
455 3496 504 3536 C.
705 3496 720 3518 ⁸
748 3495 798 3535 cf.
822 3495 972 3535 Matth.
993 3495 1072 3533 xix.
1093 3493 1132 3534 6.
1336 3493 1351 3516 ⁹
1382 3491 1541 3544 sumus]
1562 3491 1724 3538 fuimus,
1745 3492 1808 3533 ed.
1830 3506 1889 3546 pr.

133 3551 166 3575 ¹⁰
193 3549 552 3603 multiplicatione]
574 3548 848 3594 multitudine,
869 3549 1024 3589 A.B.C.
1045 3548 1108 3588 ed.
1129 3561 1189 3600 pr.

2037 443 2141 501 317
