2462 4114
340 427 441 495 328

1022 416 1445 482 JOANNI'S
1517 416 1867 466 WICLIF
2016 480 2018 483 ἡ
2162 434 2319 464 maw-

578 573 664 619 per
687 555 814 602 mille
849 568 1006 601 annos
1042 560 1089 600 et
1124 552 1329 614 amplius
1355 551 1656 609 suffecerunt,
1693 551 1944 613 quomodo
1979 564 2098 612 ergo
2133 556 2207 598 est
2239 548 2319 596 lex

578 639 637 685 de
662 636 958 698 poenitentia
982 635 1119 682 tertia
1136 642 1235 682 tarn
1255 633 1583 696 improbabilis
1601 633 1904 680 introducta?
1942 629 2167 679 Videtur¹
2186 628 2320 686 mihi,

578 717 711 779 quod
750 718 841 763 ista
882 716 1188 770 observantia
1227 715 1370 777 hujus
1410 715 1530 777 legis
1567 714 1752 776 papalis
1789 713 1930 761 debet
1964 711 2149 760 admitti
2182 725 2322 774 prae-

578 800 674 847 cise
699 798 759 846 de
784 806 967 860 quanto
993 797 1215 846 discretio
1240 797 1513 844 confitentis
1534 794 1714 858 judicat
1737 794 1919 857 ipsam²
1942 794 2034 842 sibi
2055 793 2305 856 proficere.

645 872 843 926 Alz'thi‘a.
914 878 1087 935 Video,
1130 878 1286 932 frater,
1328 878 1461 940 quod
1502 878 1643 925 istam
1690 877 1848 938 legem
1889 875 2115 939 papalem
2149 887 2324 937 parum
2404 870 2406 874 ’
2438 876 2440 878 ’

578 960 836 1022 ponderas,
873 968 920 1007 et
954 960 1138 1008 videtur
1172 960 1304 1016 mihi,
1341 959 1476 1022 quod
1512 974 1599 1021 per
1638 958 1770 1006 idem
1805 955 2138 1006 confessiones
2171 955 2325 1004 factas

578 1043 786 1090 limitatis
811 1041 1170 1090 confessoribus
1189 1041 1436 1089 modicum
1460 1040 1756 1102 ponderares
1765 1039 1794 1096 ³,
1815 1040 1950 1086 etsie
1969 1037 2322 1086 absolutionem

579 1139 608 1171 a
632 1138 793 1186 poena
815 1131 862 1170 et
887 1140 915 1171 a
939 1123 1080 1184 culpa
1107 1130 1152 1170 et
1176 1122 1371 1184 plenam
1395 1122 1733 1169 remissionem
1766 1134 2051 1168 concessam
2074 1135 2103 1167 a
2124 1133 2255 1182 papa
2275 1125 2328 1167 et
2447 1085 2462 1192 ἒ

580 1221 666 1268 per
699 1206 830 1253 idem
865 1205 1052 1266 peccati
1087 1203 1410 1266 gravedinem,
1447 1217 1594 1264 quam
1630 1202 1868 1265 praelatus
1903 1199 2206 1248 fulminando
2241 1215 2325 1248 ex-

582 1287 1074 1334 communicationem
1109 1284 1383 1332 horribilem
1420 1299 1564 1346 saepe
1599 1284 1835 1346 generat&
1902 1283 1966 1330 Et
2001 1283 2070 1330 sic
2108 1281 2327 1330 diffinitio

583 1368 839 1416 Romanae
865 1368 1022 1414 curiae
1048 1368 1096 1413 in
1120 1366 1292 1413 talibus
1319 1366 1566 1428 deperiret.
2322 1378 2326 1381 ·
2450 1373 2462 1447 fi

650 1448 918 1496 Phronesis.
990 1448 1107 1496 Non
1138 1448 1279 1495 video
1317 1449 1434 1509 quin
1466 1447 1616 1495 multa
1640 1462 1750 1494 vera
1781 1445 1979 1504 innuis⁵‚
2004 1460 2115 1494 cum
2147 1445 2198 1492 in
2230 1445 2327 1494 fide

583 1529 842 1592 scripturae
879 1531 982 1577 sine
1008 1531 1146 1577 novis
1171 1522 1496 1576 additionibus
1524 1528 1582 1575 de
1608 1527 1835 1575 Romana
1859 1529 1990 1576 curia
2021 1528 2143 1576 satis
2165 1527 2325 1590 expri->

583 1612 740 1669 mitur,
764 1611 1013 1673 quomodo
1040 1612 1146 1672 quis
1171 1611 1313 1657 debet
1338 1611 1492 1657 vivere
1501 1626 1519 1675 5
1557 1624 1657 1671 quo
1682 1618 1869 1657 servato
1893 1610 2106 1672 sequitur
2129 1621 2190 1656 ex
2213 1607 2326 1666 fide,
2460 1655 2462 1660 ,

584 1693 717 1754 quod
741 1693 884 1739 vitam
909 1693 1037 1739 illam
1061 1693 1314 1754 perficiens
1349 1693 1406 1739 sit
1440 1691 1706 1739 salvandus.
1777 1690 1923 1739 Unde
1948 1705 2121 1738 omnes
2146 1686 2329 1742 dictae⁶
2409 1715 2413 1718 ·
2459 1680 2462 1730 Ῐ

586 1773 775 1821 fictitiae
816 1782 926 1821 sunt
966 1782 1018 1820 ut
1057 1774 1376 1821 communiter
1417 1773 1750 1834 promulgatae
1793 1772 1855 1819 ad
1897 1772 2246 1835 subjectionem
2280 1779 2329 1819 et

586 1855 803 1902 fallacem
839 1854 1167 1901 obedientiam
1202 1854 1383 1915 papae⁷
1420 1853 1771 1901 reservandam.
1840 1853 1903 1900 Et
1939 1854 2007 1901 sic
2043 1862 2225 1902 certum
2257 1861 2330 1901 est

587 1934 741 1997 quod8
765 1935 1050 1996 blasphema
1074 1935 1309 1996 cupiditas
1334 1943 1406 1983 est
1430 1935 1715 1982 damnabilis
1747 1935 1882 1982 radix
1908 1935 2064 1998 hujus.
2134 1933 2329 1997 Prospi-

587 2017 770 2063 ciamus
813 2016 954 2077 igitur
997 2016 1046 2061 in
1084 2016 1190 2078 lege
1227 2015 1466 2077 perfectae
1502 2015 1768 2074 libertatis⁹‚
1806 2018 1922 2079 quid
1959 2017 2246 2080 praecipitur
2282 2024 2331 2068 et

587 2097 842 2144 mandatur
890 2113 918 2144 a
959 2096 1189 2154 Domino,
1235 2106 1280 2144 et
1322 2097 1436 2144 illud
1483 2097 1789 2158 perficiamus
1836 2106 1883 2146 et
1923 2114 1952 2146 a
1991 2099 2136 2146 vetito
2183 2099 2330 2146 absti-

588 2194 789 2226 neamus
828 2179 1009 2239 absque
1052 2178 1345 2226 attendentia
1383 2179 1445 2225 ad
1483 2180 1617 2240 leges
1654 2180 1898 2227 ordinatas
1939 2180 2137 2238 noviter,
2175 2187 2223 2227 et
2258 2187 2331 2227 est

588 2261 714 2307 satis.
797 2260 942 2307 Unde
985 2260 1119 2321 quod
1161 2276 1303 2322 super
1344 2269 1430 2319 est,
1473 2262 1699 2311 nedum1⁰
1739 2279 1769 2309 a
1811 2263 1929 2309 malo
1969 2269 2055 2320 est,
2099 2261 2231 2310 sed11
2268 2266 2337 2308 est

587 2342 770 2398 malum,
797 2342 1116 2388 communiter
1152 2356 1356 2389 caecans
1392 2343 1582 2390 multos.
1653 2344 1715 2390 Et
1751 2344 1819 2391 sic
1850 2344 1910 2392 de
1945 2345 2172 2392 omnibus
2194 2344 2332 2402 votiS,

587 2422 989 2484 promissionibus
1031 2430 1076 2468 et
1119 2422 1220 2468 aliis
1262 2423 1454 2484 privatis
1497 2409 1811 2472 observantiis
1859 2425 2132 2473 consideret
2178 2425 2334 2473 fidelis

588 2504 991 2565 omnipotentiam
1001 2502 1037 2528 1²
1060 2502 1177 2566 Jesu
1202 2504 1364 2561 nostri,
1385 2512 1431 2551 et
1450 2505 1648 2552 trahat¹⁸
1670 2514 1823 2554 totam
1841 2506 2160 2554 intentionem
2184 2494 2350 2555 animi

589 2585 649 2632 ad
685 2571 895 2632 futurum
931 2585 1135 2631 vivendo
1172 2584 1442 2646 perfectius,
1468 2594 1520 2633 ut
1555 2587 1751 2648 prodest
1787 2588 2030 2645 ecclesiae,
2061 2595 2109 2635 et
2144 2588 2205 2636 de
2240 2589 2336 2637 vita

589 2665 715 2713 mala
750 2666 1002 2727 praeterita
1037 2667 1293 2727 poeniteat,
1333 2668 1626 2717 confirmans
1662 2670 1712 2715 in
1747 2669 1998 2731 ipsomet¹⁴
2031 2671 2334 2732 propositum

589 2762 691 2794 non
715 2747 908 2794 ulterius
935 2748 1002 2794 sic
1027 2748 1274 2808 peccandi.
1347 2748 1410 2795 Et
1432 2758 1483 2796 ut
1501 2750 1686 2797 videtur
1709 2750 1839 2807 mihi,
1861 2751 2032 2799 sufficit
2056 2752 2119 2799 ad
2142 2751 2335 2814 culpam

591 2828 844 2876 delendam
881 2837 927 2876 et
963 2829 1025 2876 acl
1062 2829 1386 2886 salvationem,
1425 2831 1867 2893 quomodocunque
1909 2833 2179 2894 superiores
2219 2847 2337 2881 con-

588 2911 839 2958 trariantur
880 2911 954 2958 isti
997 2911 1274 2958 sententiae.
1365 2911 1461 2959 Sed
1501 2913 1551 2959 in
1593 2913 1820 2960 omnibus
1860 2914 1960 2962 istis
1999 2915 2143 2962 debet
2184 2915 2337 2964 fidelis

592 3007 757 3039 cavere
794 3007 855 3038 ne
892 3007 1003 3039 cum
1029 2991 1139 3039 Deo
1177 2992 1468 3054 sophisticet.
1541 2993 1603 3040 Et
1639 3002 1872 3056 quantum
1907 2995 1969 3042 ad
2005 2995 2121 3043 illud
2156 2996 2337 3045 dictum

647 3155 659 3177 ¹
688 3155 865 3207 videtur]
888 3155 1047 3194 videtur
1066 3168 1177 3207 ergo,
1198 3157 1261 3195 ed.
1282 3169 1342 3208 pr.
1510 3156 1526 3179 ²
1549 3156 1704 3208 judicat
1719 3157 1873 3210 ipsam]
1894 3157 2047 3199 indicat
2067 3158 2168 3212 ipsa,
2188 3159 2252 3200 ed.
2271 3174 2334 3213 pr.

591 3208 605 3230 3
635 3209 899 3260 ponderares]
917 3209 1133 3261 ponderas,
1156 3210 1258 3248 A.B.
1281 3210 1481 3251 secundae
1500 3224 1656 3250 manus.
1928 3212 1942 3234 ¹
1968 3213 2155 3265 generat]
2176 3221 2333 3266 gravat,

593 3263 745 3302 A.B.C.
767 3263 829 3302 ed.
851 3277 911 3315 pr.
1220 3264 1235 3287 ⁵
1263 3264 1415 3316 innuis]
1438 3265 1571 3304 minus
1590 3265 1735 3311 innuis,
1756 3266 1818 3305 ed.
1839 3279 1914 3318 pr„
1936 3266 1982 3305 Β.
2002 3267 2158 3319 primae
2176 3281 2334 3310 manus.

564 3337 565 3340 =
591 3317 606 3337 ‘³
634 3317 785 3368 dictae]
808 3317 902 3356 illae
915 3317 1060 3363 dictae,
1077 3317 1230 3358 A.B.C.
1252 3319 1313 3358 ed.
1330 3332 1391 3370 pr.
1501 3319 1515 3341 ⁷
1544 3319 1695 3372 papae]
1712 3320 1867 3372 populi,
1887 3320 1949 3359 ed.
1966 3334 2026 3372 pr.
2132 3321 2152 3344 ⁸
2179 3327 2334 3363 certum

563 3403 566 3423 ‚
592 3377 651 3430 est
672 3372 800 3421 quod]
823 3384 903 3410 om.
925 3371 988 3410 ed.
1008 3385 1068 3423 pr.
1279 3372 1294 3395 ⁹
1324 3373 1373 3412 cf.
1394 3373 1480 3424 Jac.
1501 3374 1526 3412 i.
1551 3376 1613 3423 2'5.
1821 3373 1851 3396 ¹⁰
1877 3375 2047 3427 nedum]
2067 3376 2264 3422 nondum,
2284 3378 2333 3418 C.

592 3436 746 3474 prlmae
766 3438 921 3470 manus,
942 3426 1005 3464 ed.
1027 3440 1086 3478 pr.
1309 3427 1337 3449 ¹¹
1367 3427 1456 3478 sed]
1479 3433 1530 3473 et,
1552 3429 1604 3466 A.
1626 3428 1671 3466 B.
1912 3427 1943 3451 ¹²
1971 3429 2331 3483 omnipotentiam]

564 3518 565 3521 ,
594 3478 1014 3581 opiffiionem‚l<xi3BCC
1033 3481 1231 3520 secundae
1244 3494 1399 3521 manus.
1511 3483 1538 3506 1‘
1569 3481 1721 3533 trahat]
1737 3481 1920 3533 trajiciat,
1935 3483 1996 3522 ed.
2013 3495 2074 3535 pr.
2169 3482 2198 3507 ¹¹
2225 3483 2334 3538 ipso-

594 3544 658 3569 me
718 3545 819 3582 ipso,
888 3563 894 3571 .
938 3565 943 3572 .
989 3564 997 3573 .
