2456 4088
125 482 278 531 elma.
717 463 1289 514 TRIALOGUS.

125 595 410 654 concedere,
431 596 500 645 sic
523 596 658 660 quod
676 596 813 646 Deo¹
829 598 1062 647 existente
1081 599 1359 662 inculpabili
1383 601 1587 647 omnino
1611 608 1713 648 tota
1738 600 1882 662 culpa

122 675 309 740 iaceat¹
324 677 376 724 in
394 677 505 741 ipso
526 678 720 727 diabolo
728 693 741 738 ;
778 680 996 742 peccavit
1014 681 1143 728 enim
1163 681 1358 729 contra³
1379 680 1606 744 Spiritum
1627 681 1876 739 Sanctum,

126 757 262 821 quod
282 767 481 808 vocatur
502 768 758 822 peccatum
782 760 937 810 finalis
962 763 1350 825 impoeniteniae.
1421 762 1543 810 Ideo
1569 764 1691 811 sicut
1714 762 1878 810 Adam

125 842 344 904 peccavit
374 850 545 890 contra
576 844 863 905 sapientiam
887 843 982 892 Dei
1013 845 1174 907 patriS,
1208 860 1356 907 quam
1390 846 1604 907 oportuit
1627 853 1886 908 propterea

127 923 381 981 incarnari,
424 923 494 972 sic
536 932 735 987 propter
781 925 1095 974 salvationem
1137 926 1315 974 diaboli
1365 927 1658 989 oportuisset
1699 927 1886 974 tertiam

127 1019 388 1068 personam
412 1006 677 1066 incarnari;
715 1007 849 1069 quod
873 1017 986 1055 cum
1010 1023 1116 1056 esse
1151 1023 1253 1055 non
1286 1009 1454 1070 potuit,
1480 1016 1612 1070 patet
1637 1007 1771 1070 quod
1794 1022 1886 1055 nec

129 1085 308 1134 deletio
339 1087 529 1149 peccati
561 1088 712 1150 ipsius
745 1089 937 1138 diaboli.
1006 1089 1357 1137 Verumtamen
1381 1098 1481 1137 tam
1513 1090 1723 1152 gratiose
1748 1089 1887 1151 puni-

127 1176 218 1226 tur,
242 1168 378 1231 quod
401 1176 559 1218 stante
584 1184 672 1218 sua
695 1171 1086 1233 praesumptione
1113 1172 1333 1233 superba,
1355 1172 1514 1219 minus
1539 1179 1701 1219 movet
1726 1185 1889 1232 poena

128 1256 182 1297 ut
205 1257 482 1298 conteratur
505 1265 654 1313 quam
688 1252 827 1300 dolor
860 1268 1030 1301 sensus
1063 1254 1174 1311 sui4,
1200 1254 1281 1315 qui
1307 1254 1376 1301 sic
1409 1268 1510 1300 non
1534 1252 1621 1300 fuit
1645 1253 1695 1298 in
1719 1259 1890 1299 natura

129 1329 348 1390 diab01i⁶,
373 1332 495 1381 sicut
517 1332 605 1381 fuit
636 1334 686 1381 in
719 1342 890 1382 natura
921 1334 1133 1382 hominis
1165 1335 1420 1396 corporali.
1492 1334 1614 1381 Ideo
1652 1348 1765 1381 cum
1798 1347 1889 1380 nec

102 1431 106 1439 ³
129 1427 191 1461 ex
213 1415 531 1477 proportione
555 1416 853 1479 aequalitatis
877 1432 969 1464 nec
994 1432 1057 1464 ex
1081 1417 1396 1479 proportione
1421 1417 1623 1464 minoris
1660 1416 1890 1477 inaequa-

129 1493 274 1544 litatis
314 1495 369 1544 fit
409 1497 552 1556 acti0‚
593 1506 738 1560 patet,
782 1498 914 1561 quod
960 1513 1124 1561 poena
1170 1498 1350 1546 diaboli
1392 1513 1494 1545 non
1541 1506 1704 1560 potest
1753 1510 1892 1544 suam

131 1577 424 1626 obstinatam
460 1580 737 1641 superbiam
779 1595 1075 1643 expurgare3
1130 1588 1324 1643 oportet
1348 1594 1478 1642 ‘ergo
1519 1579 1656 1642 quod
1696 1585 1893 1636 maneat

133 1667 368 1720 perpetuo
415 1659 683 1709 induratus
753 1660 816 1708 Et
859 1677 972 1709 cum
1012 1661 1130 1708 nihil
1171 1669 1243 1709 est
1285 1660 1347 1709 ad
1389 1661 1704 1709 salvationem
1754 1674 1893 1708 suam

133 1739 269 1802 quod
290 1739 433 1804 Jesus
459 1740 680 1790 Christus
711 1742 865 1790 taliter
897 1742 1138 1801 satisfecit,
1163 1757 1224 1790 eo
1257 1741 1392 1805 quod
1414 1750 1490 1790 est
1518 1742 1662 1789 alieni
1683 1742 1890 1804 generiS‚

132 1829 280 1884 patet,
323 1823 458 1885 quod
497 1838 599 1871 non
639 1832 903 1886 antequam
941 1823 1145 1887 Spiritus
1184 1824 1390 1872 Sanctus
1426 1825 1703 1872 incarnatus
1737 1823 1892 1881 fuerit,

132 1903 268 1965 quod
290 1918 398 1952 esse
421 1919 525 1952 non
547 1913 722 1968 potest,
756 1906 970 1954 daemon
1001 1906 1272 1954 salvabitur.
1346 1905 1468 1953 Ideo
1494 1905 1660 1953 dicunt
1693 1904 1893 1967 quidam

134 1984 381 2043 subtiliter,
417 1985 553 2048 quod
593 1987 716 2035 sicut
754 1986 974 2036 diabolus
1012 1988 1230 2050 peccavit
1265 1988 1315 2035 in
1351 1987 1480 2035 clara
1516 1986 1716 2035 scientia
1751 1993 1799 2033 et
1834 2000 1895 2033 ex

133 2081 255 2128 pura
300 2066 496 2126 malitia,
543 2068 612 2116 sic
657 2083 805 2116 nemo
853 2068 1161 2116 damnabitur
1205 2068 1280 2117 vel
1327 2068 1552 2131 peccabit
1598 2068 1794 2131 proprie
1844 2068 1894 2115 in

137 2147 371 2211 Spiritum
397 2147 644 2208 Sanctum,
669 2150 761 2198 nisi
784 2149 1003 2198 habuerit
1029 2150 1209 2198 claram
1235 2150 1486 2199 scientiam
1509 2149 1759 2212 paululum
1783 2157 1895 2197 ante

135 2237 359 2288 mortem,
385 2238 432 2278 et
468 2231 690 2294 desperet
725 2232 775 2278 in
800 2231 878 2279 illa
914 2232 1116 2280 scientia
1152 2248 1212 2281 ex
1239 2247 1327 2280 sua
1361 2232 1508 2295 pura⁶
1534 2232 1731 2290 malitia,
1756 2238 1804 2279 et
1828 2231 1896 2278 sic

135 2310 504 2374 quodammodo
528 2312 609 2360 fiat
635 2313 855 2361 diabolus
863 2313 894 2361 ⁷.

205 2391 460 2452 Quantum
484 2393 546 2442 ad
569 2396 753 2443 tertiam
778 2395 1105 2443 difficultatem
1130 2403 1277 2454 tuam,
1304 2410 1454 2458 quam
1483 2392 1666 2458 ponis⁸,
1692 2393 1897 2453 Pseusti‚

136 2482 269 2538 patet
309 2475 443 2538 quod
483 2476 761 2539 quicunque
800 2477 868 2525 sic
905 2478 1085 2535 asserit,
1124 2478 1337 2525 somniat
1372 2477 1494 2524 sicut
1531 2475 1729 2534 stultus;
1784 2477 1896 2524 ideo

135 2550 250 2620 post
273 2571 517 2615 somnum,
544 2573 691 2620 quem
727 2558 818 2606 sibi
853 2558 1168 2621 imposueras,
1192 2558 1354 2606 innuis
1387 2558 1521 2620 quod
1555 2558 1802 2605 somnium
1839 2557 1899 2605 sit

137 2646 371 2687 secutum.
458 2637 663 2687 Constat
708 2639 920 2702 quidem,
967 2639 1102 2702 quod
1150 2637 1434 2687 occasione⁹
1475 2639 1663 2700 peccati
1674 2637 1710 2663 ¹⁰
1756 2637 1898 2700 primi

135 2719 346 2769 hominis
381 2719 529 2783 longe
564 2719 724 2783 plures
758 2720 984 2768 homines
1020 2721 1323 2774 creabuntur,
1362 2734 1510 2782 quarn
1548 2726 1703 2766 stante
1739 2733 1800 2766 ex
1825 2718 1898 2765 in-

134 2809 273 2865 tegro
315 2809 442 2850 statu
481 2802 789 2851 innocentiae
836 2802 1038 2850 fuissent
1079 2802 1239 2859 creati,
1283 2799 1523 2863 propter¹l
1565 2807 1637 2847 tot
1676 2798 1900 2847 homines

136 2891 257 2946 quot
280 2898 341 2931 ex
365 2891 570 2947 peccato
596 2883 751 2932 finalis
777 2883 1174 2946 impoenitentiae
1199 2882 1560 2930 damnabuntur
1573 2896 1586 2940 ;
1631 2895 1734 2928 non
1766 2880 1899 2928 enim

140 2952 296 3024 decet,
321 2965 456 3028 quod
478 2965 639 3028 posita
663 2973 797 3013 tanta
822 2964 1146 3013 satisfactione
1172 2978 1262 3027 pro
1295 2971 1497 3026 peccato
1522 2961 1736 3010 hominis
1757 2961 1899 3008 dimi-

141 3054 353 3095 nuantur
377 3045 485 3095 de¹²
509 3046 848 3095 salvandorum
872 3060 1091 3103 numerO,
1118 3046 1200 3108 qui
1225 3052 1413 3094 servato
1439 3051 1564 3093 statu
1588 3042 1898 3091 innocentiae

141 3143 204 3177 ex
226 3128 416 3191 integro
441 3127 749 3177 salvarentur.
821 3127 885 3176 Et
909 3127 977 3176 sic
1002 3126 1215 3175 Pseustis
1239 3141 1341 3174 non
1366 3126 1614 3187 hucusque
1640 3122 1901 3172 ascendit¹⁸

198 3236 211 3259 ¹
242 3235 356 3288 Deo]
377 3235 441 3283 de,
461 3235 524 3276 ed.
544 3249 606 3288 pr.
771 3235 787 3258 ²
811 3234 964 3287 jaceat]
982 3234 1103 3286 jacet,
1125 3234 1306 3279 A.B.C.;
1333 3233 1470 3285 jaciat,
1490 3232 1553 3273 ed.
1574 3245 1635 3284 pr.
1763 3231 1779 3255 ³
1807 3244 1900 3285 pec-

143 3290 250 3330 cavit
287 3289 397 3330 enim
439 3290 603 3342 contra]
644 3291 862 3330 Peccatum
910 3296 1047 3329 autem
1084 3288 1241 3329 diaboli
1286 3294 1347 3328 est
1392 3293 1607 3340 peceatum
1648 3286 1703 3332 in,
1741 3286 1898 3327 A.B.C.

141 3343 157 3367 ⁴
185 3343 267 3396 sui]
289 3357 372 3384 om.
393 3343 496 3384 Α.Β.
707 3344 722 3366 ⁵
751 3344 819 3395 qui
839 3342 1125 3394 sic—diaboli]
1145 3356 1226 3383 om.
1249 3342 1295 3381 B.
1318 3342 1473 3394 primae
1493 3353 1650 3387 manus,
1670 3339 1726 3379 D.
1747 3339 1811 3380 ed.
1832 3352 1898 3393 pr.

142 3399 158 3421 ⁶
186 3398 308 3451 pura]
328 3399 507 3451 propria,
528 3397 647 3443 Α.Β.,
669 3398 717 3437 C.
738 3399 895 3449 primae
912 3410 1069 3437 manus.
1191 3396 1206 3419 ⁷
1234 3395 1443 3447 diabolus]
1465 3394 1655 3434 diabolus
1673 3394 1897 3440 induratus,

143 3451 300 3494 A.C.B.
323 3453 525 3492 secundae
552 3465 710 3497 manus,
731 3452 795 3492 ed.
825 3465 886 3504 pr.
1202 3458 1208 3469 ·“
1245 3449 1383 3502 ponis]
1406 3449 1599 3501 imponis,
1620 3448 1718 3489 ΒΩ.
1739 3448 1804 3489 ed.
1834 3461 1895 3500 pr.

143 3507 159 3530 ⁹
187 3506 424 3559 occasione]
445 3506 693 3551 occasiones,
715 3506 761 3545 B.
927 3505 958 3529 ¹⁰
984 3504 1162 3557 peccati]
1184 3517 1265 3544 om.
1288 3503 1334 3542 B.
1355 3503 1419 3543 ed.
1440 3515 1500 3555 pr.
1648 3503 1678 3528 ²¹
1707 3502 1895 3556 propter]

143 3573 228 3613 per,
247 3560 311 3600 ed.
331 3573 392 3613 pr.
468 3598 475 3602 s
570 3559 600 3583 ¹²
627 3559 699 3612 de]
720 3573 757 3606 a,
779 3559 881 3599 AB.
1112 3559 1141 3582 ¹³
1169 3557 1372 3610 ascendit]
1394 3556 1587 3603 ostendit,
1607 3556 1673 3598 ed.
1693 3570 1768 3609 pr..
1791 3556 1895 3597 D.B.

145 3615 303 3667 primae
319 3627 477 3661 manus,
498 3614 561 3655 ed.
583 3627 643 3666 pr.

2026 482 2125 536 217
