2436 4094
149 443 304 482 caan.
749 425 1317 485 TRIALOGUS.

163 601 166 604 .
215 558 422 609 Videtur
442 567 609 609 tamen
632 558 765 620 mihi,
791 561 925 625 quod
949 563 1122 612 caritas
1146 570 1306 626 potest
1330 562 1531 626 intelligi
1564 563 1904 622 communiter,

143 640 271 706 qua)
295 641 632 691 intellectualis
667 651 886 692 creatura
922 644 1093 693 dicitur
1125 661 1238 693 cara
1260 645 1372 693 Deo
1381 644 1414 703 ²,
1448 652 1496 694 et
1532 645 1602 694 sic
1639 661 1743 693 non
1767 645 1909 693 video

147 722 283 788 quod
306 723 414 772 talis
436 724 609 773 caritas
641 727 956 774 contrariatur
987 727 1194 776 invidiae
1228 727 1497 789 specialiter
1530 735 1576 775 et
1601 726 1794 785 directe,
1822 725 1910 775 sed

146 805 312 870 potius
333 805 449 854 vitio
474 806 525 853 in
549 808 814 855 communi.
888 807 1116 856 Secundo
1141 808 1292 856 modo
1318 809 1518 870 intelligi
1549 816 1708 871 potest
1734 808 1908 856 caritas

147 887 455 951 appropriate
480 895 528 936 et
553 888 836 951 specialiter,
863 890 1135 938 secundum
1160 890 1295 953 quod
1329 889 1612 938 denominat
1637 898 1908 938 creaturam

145 969 433 1018 rationalem
458 985 624 1018 carum
648 969 828 1019 habere
852 971 1088 1034 quidquid
1114 971 1250 1019 Deus
1283 971 1474 1019 ordinat
1498 973 1548 1019 in
1582 973 1744 1035 aliqua
1776 986 1909 1019 crea-

146 1058 254 1101 tura
266 1066 280 1111 3
331 1058 384 1099 et
425 1051 493 1100 sic
533 1059 695 1114 potest
739 1052 846 1111 dici,
890 1054 1024 1115 quod
1066 1054 1239 1102 caritas
1281 1061 1328 1101 et
1368 1054 1546 1102 invidia
1581 1063 1693 1102 sunt
1730 1054 1910 1102 directe

146 1131 422 1183 contraria³.
462 1187 466 1190 ,
492 1131 570 1182 De
603 1133 797 1182 caritate
830 1143 993 1182 autem
1017 1135 1199 1183 dictum
1223 1143 1294 1183 est
1318 1135 1402 1182 tibi
1435 1137 1669 1198 superius,
1695 1135 1779 1183 ubi
1813 1142 1911 1182 tres

145 1214 342 1264 virtutes
365 1213 667 1278 theologicae
693 1225 805 1264 sunt
829 1216 1111 1279 descriptae.
1183 1216 1451 1279 Apostolus
1471 1218 1616 1265 etiam
1639 1233 1658 1264 1
1682 1217 1795 1266 Cor.
1812 1215 1909 1263 xiii.

144 1297 286 1362 ponit
308 1296 514 1345 breviter
535 1293 608 1345 et4
631 1297 831 1361 pulchre
857 1299 1162 1348 conditiones
1187 1299 1400 1347 sedecim
1434 1300 1656 1348 caritatis.
1729 1297 1827 1346 Sed
1858 1305 1911 1345 ut

115 1438 124 1451 Ι
145 1377 356 1427 habeam
378 1379 525 1427 verba
547 1379 712 1428 brevia
736 1388 783 1427 et
806 1380 1084 1439 hortatoria,
1111 1381 1391 1431 studeamus
1416 1381 1551 1446 quod
1583 1389 1736 1429 totam
1761 1381 1910 1428 vitam

146 1467 367 1509 nostram
392 1459 642 1519 ducamuS,
668 1469 715 1509 et
739 1462 905 1510 omnia
929 1477 1080 1525 opera
1103 1472 1271 1512 nostra
1295 1463 1358 1512 ad
1382 1464 1624 1512 honorem
1643 1462 1738 1510 Dei
1764 1461 1910 1509 facia-

147 1556 272 1601 muS‚
297 1549 346 1590 et
370 1550 485 1591 tunc
517 1542 716 1592 indubie
749 1543 952 1592 facimus
986 1545 1035 1592 in
1068 1545 1264 1593 caritate
1298 1547 1466 1594 omnia
1495 1545 1624 1593 facta
1655 1551 1836 1601 nostra,
1863 1551 1910 1590 et

146 1624 399 1690 plenitudo
423 1625 544 1689 legis
569 1634 642 1674 est
665 1627 771 1675 talis
797 1626 1000 1675 dilecti0.
1071 1627 1135 1676 Et
1158 1636 1210 1676 ut
1236 1629 1395 1677 dicam
1420 1627 1764 1691 particularius,
1788 1640 1911 1690 quo-

22 1679 65 1747 :⁴-
146 1707 302 1757 modo
345 1707 582 1757 debemus
623 1708 783 1757 facere
825 1709 888 1757 ad
934 1709 1176 1758 honorem
1217 1709 1310 1758 Dei
1357 1710 1593 1774 quidquid
1639 1709 1910 1766 fecerimus,

145 1789 398 1839 videamus
419 1789 579 1852 legem
602 1789 697 1838 Dei
721 1798 769 1839 et
793 1790 1061 1854 specialiter
1087 1791 1377 1855 decalogum
1411 1808 1467 1842 ac
1491 1791 1827 1853 evangelium;
1865 1798 1912 1838 et

144 1871 458 1920 observemus
482 1871 613 1920 illam
636 1871 687 1919 in
709 1872 804 1920 vita
827 1881 928 1920 tam
954 1888 1116 1935 opere,
1142 1889 1292 1936 quam
1317 1889 1558 1932 sermone,
1586 1873 1910 1922 defendamus
1934 1884 1937 1887 ·

144 1953 277 2001 illam
301 1961 471 2002 contra
495 1953 771 2002 antechristi
796 1954 1058 2018 discipulos
1089 1954 1361 2005 hortatione
1398 1956 1546 2014 suavi,
1573 1955 1792 2004 oratione
1824 1954 1913 2002 hu-

144 2034 246 2088 mili
270 2042 319 2084 et
341 2036 626 2099 operatione
649 2034 877 2084 laudabili
902 2051 1057 2098 usque
1083 2036 1146 2084 ad
1170 2046 1393 2086 mortem.
1465 2036 1574 2085 Nec
1609 2037 1766 2095 vide0,
1793 2051 1915 2100 quo-

150 2117 305 2167 modo
338 2118 578 2181 majorem
603 2118 850 2166 caritatem
882 2118 1058 2181 poterit
1092 2119 1199 2182 quis
1223 2119 1416 2168 habere.
1488 2118 1596 2168 Nec
1621 2119 1764 2167 video
1797 2118 1917 2181 quin

147 2199 347 2264 quilibet
382 2198 683 2248 Christianus
720 2207 909 2249 tenetur
947 2201 1010 2249 ad
1051 2201 1198 2249 istum
1238 2200 1444 2264 gradum
1488 2201 1709 2259 caritatiS,
1747 2200 1916 2249 saltem

146 2282 379 2346 implicite
415 2281 478 2330 ad
514 2297 712 2331 sensum
748 2283 972 2346 aliquem,
1000 2298 1051 2331 se
1084 2283 1294 2346 parare⁵.
1367 2283 1465 2331 Sed
1490 2290 1542 2331 ut
1567 2283 1682 2331 dicit
1706 2297 1915 2346 evange-

143 2358 279 2423 lium,
315 2363 594 2427 refrigescet
635 2365 807 2413 caritas
849 2365 1128 2424 multorum,
1168 2365 1303 2428 quod
1345 2366 1396 2413 in
1433 2365 1605 2413 diebus
1642 2363 1915 2412 novissimis

146 2446 264 2495 satis
299 2446 460 2504 claret,
486 2461 598 2495 cum
633 2447 770 2494 multi
806 2454 919 2495 sunt
953 2446 1113 2509 legem
1138 2446 1260 2495 Dei⁶
1297 2447 1659 2510 impugnanteS,
1686 2453 1734 2494 et
1769 2445 1914 2508 pauci

34 2499 35 2502 Ἴ
61 2531 64 2534 ”
145 2526 305 2592 ipsam
329 2527 490 2576 debite
521 2527 853 2585 defendenteS‚
880 2527 966 2576 sed
999 2529 1177 2590 scripta
1209 2528 1403 2591 papalia
1437 2544 1494 2576 ac
1526 2528 1787 2590 religiones
1820 2527 1915 2589 pri-

144 2618 281 2659 vatas
303 2609 453 2673 longe
477 2609 684 2672 amplius
709 2610 1052 2672 ponderantes.
1110 2610 1174 2658 Et
1199 2625 1311 2657 curn
1329 2610 1380 2657 in
1399 2609 1574 2657 eadem
1594 2609 1911 2657 damnatione

146 2692 244 2741 sint
284 2706 460 2740 omnes
501 2691 585 2754 qui
626 2690 716 2739 illis
757 2690 918 2753 aliquo
963 2706 1049 2738 sex
1092 2692 1353 2739 modorum
1396 2690 1744 2748 consentiunt⁷‚
1780 2697 1913 2752 patet

146 2774 283 2838 quod
306 2773 455 2837 pauci
475 2781 586 2822 sunt
609 2773 660 2820 in
685 2779 810 2821 statu
835 2772 996 2835 aliquo
1020 2771 1249 2830 viatoris⁸,
1277 2773 1394 2835 quin
1418 2779 1617 2836 propter
1649 2771 1934 2834 carentiam*

148 2856 285 2904 istius
321 2855 544 2913 caritatis,
581 2854 672 2903 nisi
707 2855 1004 2917 resipiscant,
1042 2854 1245 2902 finaliter
1284 2863 1396 2902 sunt
1434 2853 1713 2902 damnandi.
1786 2852 1913 2902 Cum

148 2945 312 2988 autem
337 2937 510 2986 caritas
536 2937 596 2985 sit
619 2937 808 2999 patiens
834 2944 880 2984 et
910 2936 1126 2998 benigna
1160 2935 1431 2984 secundum
1466 2931 1788 2998 apostolum⁹,
1816 2935 1913 2983 dis-

60 3028 71 3047 ²
150 3034 397 3084 ponamus
437 3034 530 3068 nos
573 3019 637 3067 ad
677 3018 962 3081 patientiam
1004 3033 1158 3080 usque
1201 3018 1264 3066 ad
1306 3026 1530 3075 mortem,
1573 3025 1620 3065 et
1669 3032 1915 3065 servemus

152 3101 383 3151 continue
406 3101 758 3164 benignitatem
785 3100 1008 3158 caritatis,
1035 3100 1074 3148 si
1099 3099 1219 3147 forte
1244 3099 1382 3147 Deus
1407 3099 1505 3147 vult
1537 3098 1916 3162 peccatoribus¹⁰

187 3210 222 3234 ·¹
250 3208 350 3262 qua]
372 3209 479 3261 quia,
501 3208 565 3249 ed.
585 3221 646 3261 pr.
813 3207 829 3230 ²
857 3207 972 3259 Deo]
995 3208 1088 3253 Dei,
1110 3207 1173 3247 ed.
1194 3220 1256 3260 pr.
1434 3206 1450 3229 ⁸
1478 3205 1701 3259 contraiia]
1723 3205 1917 3259 opposita

151 3263 370 3310 contraria,
392 3263 550 3304 A.B.C.
570 3263 633 3303 ed.
654 3276 715 3315 pr.
883 3261 898 3284 ⁴
925 3261 986 3314 et]
1008 3275 1089 3301 om.
1111 3262 1175 3301 ed.
1196 3275 1257 3314 pr.
1424 3261 1440 3284 ⁵
1468 3274 1511 3301 se
1530 3261 1692 3313 parare]
1715 3273 1914 3313 separare,

150 3317 216 3359 ed.
236 3331 300 3371 pr.
540 3318 556 3342 ⁶
583 3317 716 3369 legem
736 3316 836 3368 Dei]
859 3315 970 3368 leges
990 3316 1175 3362 Domini,
1196 3316 1260 3356 ed.
1281 3329 1366 3368 pr.;
1399 3328 1491 3355 cum
1513 3315 1559 3354 B.
1580 3315 1737 3368 primae
1755 3328 1915 3355 manus.

150 3370 168 3396 ⁷
195 3371 276 3414 Sex
294 3371 574 3413 consentiendi
593 3371 742 3411 modos
761 3370 996 3410 scholastici
1015 3370 1080 3409 his
1099 3370 1281 3410 versibus
1301 3370 1527 3422 exprimere
1547 3369 1763 3410 solebant:

483 3425 701 3467 Consentit
730 3437 916 3477 operans,
946 3424 1179 3470 defendens,
1209 3425 1424 3464 consilium
1453 3424 1568 3470 dans,

483 3481 549 3521 Ac
577 3479 842 3525 auctorisans,
872 3491 956 3518 non
981 3478 1140 3530 juvans,
1170 3490 1246 3518 nec
1274 3478 1585 3531 reprehendens.

153 3535 171 3560 ⁸
197 3534 386 3588 viatoris]
407 3534 624 3580 viatorum,
644 3534 707 3574 ed.
729 3546 789 3585 pr.
915 3533 930 3556 ⁹
958 3532 1213 3585 apostolum]
1235 3532 1470 3586 apostolum
1496 3543 1511 3571 1
1538 3533 1635 3574 Cor.
1655 3532 1737 3574 xiii.
1758 3532 1915 3575 A.B‚C.

154 3589 218 3631 ed.
239 3602 300 3642 pr.
468 3591 498 3614 ¹⁰
526 3587 830 3642 peccatoribus]
853 3587 1071 3640 peccatori,
1092 3586 1155 3627 ed.
1177 3599 1238 3639 pr.

2048 431 2148 492 173
