2496 4108
350 427 454 493 246

277 733 361 761 Ordo
374 735 493 765 septem

277 774 446 794 sacramen-

276 805 376 828 torum
390 799 451 826 vul-

277 834 405 869 garium.

1021 425 1461 490 JOANNJS
1530 427 1890 477 WJCLJF
2011 499 2014 501 q
2175 443 2335 474 um.

587 560 808 623 pictatias
840 574 901 606 ex
934 559 1134 621 quibus¹
1167 559 1368 622 adjectis
1401 559 1498 608 hoc
1530 575 1714 608 nomen
1751 566 2107 608 sacramentum
2141 556 2332 607 limitari

590 643 733 689 debet
750 641 954 687 univoce
980 640 1042 688 ad
1066 640 1186 688 haec
1211 649 1411 703 septem.
1471 640 1592 689 Ideo
1619 641 1883 703 desperans
1908 641 1968 688 de
1991 640 2334 689 univocatione

590 723 765 783 detego
802 721 1036 769 narrative
1072 722 1294 768 ordinem
1329 723 1531 770 istorum
1568 730 1756 785 septem
1792 730 2204 770 sacramentorum
2231 719 2336 768 vul-

565 803 795 865 garium,
845 810 892 849 et
939 810 1052 864 post
1098 803 1363 864 procedam
1409 804 1754 865 particulariter
1801 804 2067 852 secundum
2114 802 2337 851 ordinem

590 885 671 946 qui
695 884 811 930 mihi
837 884 1075 942 convenit,
1103 885 1162 932 de
1188 899 1357 931 eorum
1383 886 1597 947 quolibet
1623 885 1976 947 pertractando.
2049 884 2176 933 Cum
2200 885 2332 932 enim

591 972 946 1012 sacramentum
972 966 1030 1013 sit
1055 967 1247 1028 signum
1271 966 1486 1014 humano
1512 967 1678 1028 generi
1704 966 1766 1014 ad
1791 967 1995 1028 patriam
2025 964 2337 1028 procedendi,

589 1045 707 1092 haec
744 1054 932 1108 septem
969 1054 1285 1104 sacramenta,
1324 1047 1503 1095 scilicet
1527 1047 1805 1109 baptismus,
1844 1046 2163 1104 confirmatio,
2199 1045 2338 1104 ordo,

589 1128 967 1186 matrimonium,
993 1128 1326 1190 poenitentia²‚
1354 1129 1640 1177 eucharistia
1664 1138 1711 1177 et
1746 1136 1962 1176 extrema
1985 1129 2166 1185 unctio,
2193 1129 2261 1175 sic
2285 1141 2339 1175 se

589 1210 784 1257 habent.
853 1209 1128 1271 Baptismus
1169 1218 1331 1257 autem
1373 1219 1446 1258 est
1485 1211 1675 1272 signum
1717 1210 2044 1272 generationis
2087 1207 2340 1272 spiritualis

590 1290 799 1338 hominis
845 1291 897 1337 in
943 1290 1068 1348 Deo,
1111 1298 1159 1338 et
1206 1291 1274 1338 sic
1322 1299 1394 1338 est
1435 1292 1646 1352 primum
1688 1298 2045 1339 sacramentum
2086 1289 2342 1349 conferens

592 1373 795 1434 gratiam
820 1372 1027 1434 primam
1052 1372 1356 1434 spiritualiter
1378 1379 1710 1434 generantem.
1785 1371 1881 1419 Sed
1905 1372 2018 1434 quia
2039 1371 2266 1433 parvulus
2289 1370 2342 1417 in

594 1453 786 1501 Christo
830 1453 897 1500 sic
939 1453 1132 1515 genitus
1170 1461 1244 1501 est
1282 1453 1426 1501 nimis
1465 1453 1633 1501 debilis
1669 1453 1720 1500 in
1755 1453 1938 1510 virtute,
1975 1452 2086 1500 ideo
2123 1451 2341 1500 secundo

594 1535 879 1598 confirmatio
903 1543 976 1583 est
999 1535 1200 1597 adjecta,
1227 1543 1279 1582 ut
1304 1536 1364 1582 sit
1388 1536 1582 1597 signum
1608 1534 1861 1596 spiritualis
1885 1533 2087 1591 roboris,
2113 1532 2250 1595 quod
2279 1548 2343 1580 ex

596 1616 976 1663 confirmationis
1018 1617 1172 1678 gratia
1210 1616 1263 1663 fit
1304 1631 1332 1662 a
1367 1615 1494 1663 Deo.
1566 1615 1663 1664 Sed
1705 1616 1818 1679 quia
1855 1615 2111 1663 ecclesiam
2151 1622 2344 1677 oportet

595 1698 773 1746 habere
798 1697 917 1744 duas
941 1698 1179 1745 maneries
1197 1697 1450 1744 hominum
1474 1698 1823 1759 generantium,
1845 1696 2025 1744 scilicet
2044 1695 2344 1758 spiritualiter

597 1787 644 1827 et
673 1779 1001 1840 corporaliter,
1021 1779 1131 1826 ideo
1166 1786 1278 1827 sunt
1311 1778 1408 1826 duo
1442 1786 1746 1826 sacramenta
1777 1778 1840 1826 ad
1871 1785 2033 1840 patres
2066 1776 2344 1841 hujusmodi

596 1860 977 1921 procreandum:
1014 1861 1225 1922 primum
1250 1867 1322 1907 est
1345 1860 1468 1917 ordo,
1489 1860 1572 1921 qui
1596 1867 1668 1906 est
1688 1867 2043 1906 sacramentum
2062 1859 2126 1907 ad
2143 1859 2344 1906 clericos

598 1948 646 1987 et
687 1941 954 2001 specialiter
999 1942 1304 2002 presbyteros
1351 1941 1710 2002 procreandum
1724 1956 1737 1999 3
1799 1940 2064 1988 secundum
2107 1955 2222 1988 vero
2270 1948 2346 1988 est

598 2023 952 2080 matrimonium,
988 2022 1123 2083 quod
1157 2022 1265 2069 licet
1299 2036 1400 2068 non
1438 2022 1496 2069 sit
1533 2022 1727 2083 signum
1762 2023 2096 2070 immediatum
2132 2021 2195 2069 ad
2231 2037 2346 2084 pro-

600 2103 894 2150 creationem
929 2103 1138 2150 hominis
1174 2103 1453 2160 naturalem,
1490 2111 1561 2150 est
1601 2111 1765 2150 tamen
1809 2104 2003 2165 signum
2045 2103 2216 2151 efficax
2258 2119 2347 2166 per

601 2183 735 2245 quod
781 2191 987 2241 notatur,
1037 2184 1140 2230 sine
1189 2191 1393 2246 peccato
1440 2183 1655 2230 luxuriae
1702 2184 1846 2231 licere
1892 2184 1943 2231 in
1990 2199 2095 2232 esse
2143 2184 2347 2232 naturali

601 2265 837 2312 hominis³
862 2280 1130 2327 procreare.
1206 2264 1302 2312 Sed
1327 2265 1441 2326 quia
1464 2266 1669 2312 viatores
1703 2280 1847 2327 saepe
1881 2265 2134 2313 decidunt4
2159 2267 2347 2329 spiritu-

601 2348 735 2394 aliter
777 2347 1016 2404 infirmati,
1059 2347 1170 2393 ideo
1215 2347 1312 2394 duo
1355 2347 1447 2394 alia
1488 2355 1790 2394 sacramenta
1830 2347 1894 2395 ad
1933 2348 2347 2396 resuscitationem

601 2429 810 2475 hominis
846 2428 1141 2485 ordinantur,
1173 2428 1351 2475 scilicet
1375 2429 1650 2489 poem‘lentia
1685 2443 1774 2490 pro
1811 2435 2015 2490 peccato
2052 2429 2274 2487 delendo,
2299 2437 2348 2477 et

602 2509 883 2557 euclzam'stia
907 2523 995 2570 pro
1022 2508 1388 2556 confirmatione
1414 2517 1459 2555 et
1484 2510 1793 2557 roboratione
1827 2509 2006 2557 itineris
2038 2511 2347 2572 poenitentis,

600 2592 730 2640 unde
768 2592 1090 2638 communiter
1125 2598 1322 2638 vocatur
1358 2589 1638 2649 ‘viaticum‚’
1676 2600 1723 2639 et
1758 2600 2007 2654 postremo
2045 2608 2137 2656 pro
2172 2593 2347 2641 confir-

602 2673 814 2721 matione
838 2673 1178 2734 completionis
1202 2673 1346 2720 totius
1370 2673 1549 2720 itineris
1573 2674 1765 2721 viatoris
1788 2679 1997 2721 extrema
2020 2675 2171 2722 unctio
2189 2689 2349 2723 sacra-

602 2764 820 2804 mentum
852 2756 1072 2802 ultimum
1097 2756 1358 2804 ordinatur.
1428 2757 1785 2804 Fundationem
1819 2765 1980 2804 autem
2011 2758 2213 2805 istorum
2238 2772 2347 2820 spe-

603 2838 773 2885 cialem
819 2839 870 2884 in
912 2838 1006 2885 fide
1055 2838 1313 2899 scripturae
1360 2845 1519 2899 potest
1561 2838 1760 2885 studens
1807 2838 1977 2885 elicere
2019 2852 2080 2886 ex
2119 2839 2349 2887 tractatu⁶

602 2919 775 2966 horum
801 2927 987 2981 septem
1011 2919 1274 2980 signorum.
1346 2918 1491 2966 Unde
1517 2918 1748 2966 Metricus
1772 2918 1894 2966 haec
1919 2927 2107 2981 septem
2138 2920 2279 2982 signa
2301 2928 2349 2968 et

604 3016 773 3049 eorum
797 3001 1019 3048 ordinem
1044 3000 1296 3063 implicans
1320 3000 1386 3047 ita
1411 3000 1550 3047 dicit:

873 3099 975 3152 Bap.
1006 3098 1146 3139 confir.
1175 3100 1293 3139 ordo.
1323 3113 1487 3152 sponsa.
1518 3113 1638 3152 poen.
1669 3100 1885 3140 eucharist.
1913 3106 2073 3141 unctus.

658 3224 896 3276 1pictacias
916 3237 965 3263 ex
988 3223 1153 3275 quibus]
1175 3223 1352 3275 picacias
1371 3236 1420 3263 ex
1439 3224 1584 3275 quibus
1600 3223 1777 3275 picaciis,
1793 3223 1856 3263 ed.
1869 3237 1930 3276 pr.
1978 3224 2171 3270 Pictacia,
2185 3227 2350 3278 proprie

600 3278 844 3326 pittacium:
854 3278 1098 3330 panniculus
1117 3284 1325 3331 unguento
1345 3277 1471 3316 illitus
1492 3283 1533 3317 et
1551 3278 1708 3317 vulneri
1727 3279 1956 3330 impositus.
2166 3279 2182 3300 ²
2210 3281 2351 3331 poeni·

605 3332 751 3383 tentia]
774 3346 855 3371 om.
877 3333 938 3371 ed.
959 3346 1019 3383 pr.
1305 3333 1319 3353 ³
1348 3332 1543 3384 hominis]
1565 3332 1764 3379 homines,
1785 3333 1862 3379 A.;
1892 3332 2113 3378 hominem,
2135 3333 2183 3372 C.
2203 3334 2266 3373 ed.
2287 3348 2350 3387 pr.

604 3383 619 3405 4
646 3386 856 3438 decidunt]
875 3387 1125 3432 deciderunt,
1146 3387 1207 3433 B„
1229 3387 1280 3426 A.
1301 3387 1455 3439 primae
1474 3399 1630 3426 manus.
1913 3386 1929 3410 ⁵
1956 3386 2152 3438 tractatu]
2173 3392 2350 3428 tractatu

605 3439 784 3489 speciali,
805 3440 858 3479 A
863 3441 907 3479 B.
912 3441 960 3480 C.
980 3441 1043 3480 ed.
1065 3453 1126 3492 pr.

2484 1197 2496 1238 i

2486 1251 2496 1317 ε’

2486 1331 2496 1396 Ξ

2487 1400 2496 1426 Ι

2478 1429 2496 1475 ῑὲ.

2485 1482 2496 1523 l
