2424 4120
79 390 272 455 {gar-s·-
710 394 926 444 TRJA
950 396 997 443 L
1027 396 1069 443 0
1090 395 1138 446 G
1162 395 1279 446 US.
1999 396 2108 467 385

73 526 231 596 «μι
241 525 435 576 fuerunt
466 532 619 576 cum‘
635 529 1030 578 circumcisione.'
1103 530 1210 579 Nec
1242 531 1442 581 dubium
1467 533 1585 596 quin
1619 533 1668 582 hi
1696 533 1867 582 fratres

68 594 267 674 {smmis
297 610 619 658 communiter
649 615 787 658 tam‘
803 610 993 659 domos’
1024 613 1300 674 corporales
1333 615 1673 677 temporalium
1710 615 1866 663 domi-

71 683 310 756 Qum
319 704 469 754 quam
493 690 670 740 domos
689 691 991 754 spirituales‘
1006 694 1314 752 subvertunt?
1334 694 1567 744 docentes
1585 696 1868 759 apocrypha

68 776 269 838 mne
313 770 520 820 ludicra¹
565 780 765 835 propter
810 780 1078 841 quaestum.
1165 774 1286 822 Ideo
1333 790 1446 824 cum
1492 785 1684 839 oportet
1730 779 1868 841 ipsos

75 850 358 919 adargm
382 851 527 901 debet
561 852 830 901 secundum
865 853 1075 902 formam
1111 855 1479 916 apostolicam‘
1495 873 1696 921 arguere
1732 860 1868 922 ipsos

79 926 240 1002 ῥῖψε
252 931 290 993 ;'
341 941 390 983 et
429 949 544 983 cum
583 941 774 983 tantum
812 934 863 981 in
905 934 1000 982 fide
1043 934 1290 995 fluctuant,
1328 937 1563 987 debemus
1604 940 1868 998 intendere,

74 989 256 1083 bod
278 1029 346 1064 ex
365 1022 533 1064 nostra
553 1015 931 1078 reprobatione‘
948 1016 1143 1064 stabiles
1169 1018 1263 1065 sint
1286 1019 1337 1065 in
1360 1019 1497 1079 fide;’
1547 1037 1576 1069 a
1600 1022 1776 1084 quibus
1803 1021 1870 1070 si²

217 1119 223 1125 ›
278 1094 629 1154 adesisfimus,
673 1097 922 1145 caritatem
965 1096 1139 1146 Christi
1182 1099 1414 1149 ecclesiae
1457 1116 1586 1160 suae,
1623 1103 1724 1150 imo
1763 1118 1870 1151 sec-

46 1159 55 1170 *
71 1179 278 1235 aarum
300 1176 499 1226 istarum
522 1176 826 1226 dimittimus.
892 1178 954 1226 Et
978 1178 1130 1227 istud8
1153 1180 1338 1228 videtur
1370 1181 1487 1230 mihi
1521 1182 1798 1232 damnabile
1823 1192 1872 1232 et

57 1298 96 1334 Ι.
87 1270 221 1321 quo
244 1257 309 1318 ad
330 1255 586 1321 regaliam⁴
611 1257 787 1310 Christi
809 1260 1019 1322 proditio
1044 1261 1312 1312 manifesta.

783 1662 940 1711 CAP.
979 1662 1213 1710 XXXIX.
1250 1668 1253 1671 '

402 1783 480 1832 De
503 1784 638 1832 rebus
661 1786 937 1843 novis-simnia
962 1790 1007 1832 et
1018 1786 1175 1847 primo
1197 1785 1248 1831 de
1272 1785 1599 1831 resurrectione

758 1870 1041 1913 mortuorum
1045 1865 1245 1928 futura.

130 1995 397 2047 Alithia.
466 1995 633 2046 Bone⁶
678 1995 835 2056 frater,
880 2011 1052 2059 posses
1099 1997 1150 2044 in
1195 1997 1286 2045 ista
1331 1996 1532 2044 materia
1580 1993 1877 2043 contendere

79 2079 278 2134 nitms
313 2079 412 2140 diu,
447 2079 586 2128 ideo⁶
619 2092 743 2142 rogo
777 2086 831 2127 ut
865 2078 1045 2147 aliquid
1080 2078 1214 2127 dicas
1247 2079 1299 2125 de
1331 2082 1455 2125 statu
1491 2077 1689 2124 hominis
1731 2090 1878 2139 quem

71 2163 331 2237 &expiet
358 2166 468 2226 post
500 2161 625 2209 hanc
659 2161 819 2219 vitam,
854 2167 903 2208 et
941 2161 1009 2208 sic
1055 2160 1116 2208 de
1158 2167 1285 2208 statu
1321 2158 1629 2207 beatitudinis
1663 2166 1712 2207 et
1753 2165 1879 2206 statu

70 2241 389 2309 sswpetuae
410 2241 737 2291 damnationis
760 2241 932 2289 vellem
956 2241 1091 2306 quod
1122 2240 1302 2304 aliquid
1335 2240 1618 2288 declarareS.
1689 2238 1878 2298 Quam-

64 2321 199 2378 'ds
219 2325 353 2375 enim
373 2323 490 2374 iste⁷
511 2322 622 2373 finis
657 2323 715 2372 sit
745 2322 940 2371 ultimus
977 2323 1027 2370 in
1062 2322 1364 2380 executione,
1391 2321 1536 2369 debet
1570 2328 1736 2369 tamen
1771 2334 1880 2368 esse

115 2405 418 2473 praecipuus
438 2411 487 2454 et
508 2405 694 2468 primus
716 2404 768 2451 in
791 2404 1074 2461 intentione,
1098 2418 1212 2451 cum
1235 2403 1299 2451 ad
1322 2403 1471 2450 finem
1503 2401 1619 2450 illud
1644 2402 1880 2450 debemus

118 2495 292 2546 iotam.
305 2488 455 2536 vitam
477 2484 646 2535 istam⁸
669 2493 717 2534 et
738 2485 956 2532 laborem
979 2485 1262 2547 prudentius
1285 2484 1541 2547 applicare.

83 2574 146 2614 ’ἱί
175 2562 472 2619 .ΡΙινοηεὲι”ε.
545 2566 819 2616 Considero
855 2565 991 2628 quod
1027 2573 1229 2613 cunctae
1265 2573 1511 2613 creaturae
1546 2564 1640 2612 Dei
1676 2572 1881 2627 prosunt
1938 2583 2057 2624 Apctor
2070 2582 2146 2610 abso

119 2657 360 2714 {coeptae
405 2650 458 2698 in
505 2648 605 2697 suis
650 2646 928 2705 ordinibus;
989 2653 1037 2694 et
1083 2646 1152 2694 sic
1198 2646 1394 2708 quilibet
1443 2653 1673 2694 tractatus
1715 2653 1882 2693 noster
1936 2626 1960 2678 3³

79 2731 318 2785 videtur
338 2730 458 2780 mihi
490 2729 671 2779 debere
701 2728 844 2776 nobis
875 2727 1112 2790 proficere
1145 2726 1208 2775 ad
1240 2726 1560 2775 commodum
1585 2734 1631 2774 et
1656 2726 1881 2774 consola·
1927 2726 1954 2745 ⁴⁶

83 2808 332 2878 monem,
355 2811 446 2862 sed
475 2818 705 2860 tractatus
737 2808 1005 2872 specialiter
1036 2808 1098 2856 de
1129 2808 1205 2856 his
1239 2809 1397 2867 sectiS,
1423 2823 1537 2856 cum
1571 2808 1686 2856 certi
1712 2822 1881 2856 sumus

72 2893 267 2960 quod
288 2893 397 2958 plus
426 2893 607 2943 instant
637 2905 728 2954 pro
760 2889 1045 2939 defensione
1075 2890 1279 2938 istorum
1308 2890 1536 2938 ordinum
1569 2889 1880 2952 privatorum,

82 2988 281 3041 'qmm
302 2976 489 3024 instant
506 2988 599 3038 pro
623 2973 929 3021 observantia
945 2970 1066 3034 legis
1084 2969 1204 3030 Dei3
1242 2971 1330 3019 sed
1348 2985 1472 3034 quae
1497 2970 1654 3033 major
1677 2970 1881 3028 insania,
1945 2975 1951 2981 ¹

66 3043 67 3046 Ἴ
76 3070 282 3131 ‘quam
321 3057 386 3108 ad
425 3056 708 3106 traditiones
746 3054 939 3102 frivolas
979 3061 1168 3101 tantum
1206 3052 1465 3110 attendere,
1503 3060 1551 3100 et
1591 3051 1752 3114 legem
1787 3050 1882 3099 Dei

88 3134 236 3191 hm
274 3139 543 3203 pretiosam
585 3136 857 3186 dimittere?
928 3134 992 3183 Et
1037 3134 1155 3197 quid
1192 3134 1372 3182 scimus
1410 3148 1519 3192 nos,
1562 3134 1600 3181 si
1642 3147 1883 3195 personae

75 3217 332 3296 sputum
376 3227 632 3277 sectarum,
672 3231 795 3281 quas
840 3215 999 3280 placet
1039 3215 1150 3264 Deo
1197 3230 1259 3263 ex
1306 3231 1394 3264 sua
1437 3215 1590 3277 gratia
1637 3214 1884 3272 illustrare,

77 3391 82 3401 ¹
102 3404 113 3410 --
127 3364 166 3407 'l'
183 3377 216 3404 ¹
232 3375 412 3429 ludicra]
433 3374 655 3420 luciferina‚
676 3373 728 3418 A.
732 3373 779 3414 B.
782 3373 831 3415 C.
1025 3373 1042 3396 ²
1070 3372 1124 3425 si]
1144 3386 1227 3414 om.
1248 3373 1295 3412 B.
1504 3372 1520 3396 ³
1547 3371 1677 3424 istud]
1699 3371 1817 3416 sicut,
1837 3370 1884 3411 Β.
2227 3264 2232 3392 ι

272 3443 297 3473 e
313 3442 473 3475 manus.
492 3428 557 3470 ed.
575 3441 638 3481 pr.
794 3426 810 3451 ⁴
837 3425 1052 3480 regaliam]
1073 3427 1269 3479 regulam,
1290 3426 1337 3467 B.
1340 3427 1388 3467 C
1409 3426 1473 3466 ed.
1493 3439 1555 3479 pr.
1710 3425 1727 3449 ⁶
1754 3425 1884 3477 bone]
2228 3393 2231 3475 Ι

277 3484 325 3525 Β.
344 3483 502 3562 primae
519 3494 678 3528 manus,
699 3482 752 3522 A.
945 3480 1103 3533 ⁶ideo]
1126 3481 1291 3527 idcirco,
1311 3481 1375 3521 ed.
1396 3494 1456 3534 pr.
1640 3479 1657 3503 ⁷
1684 3479 1780 3532 iste]
1802 3479 1884 3526 ille,

85 3530 201 3591 d·
218 3551 282 3592 pr·
391 3536 575 3589 ‘istam]
597 3549 679 3576 om.
700 3536 763 3576 ed.
785 3549 845 3589 pr.

106 3609 150 3634 '²
205 3620 507 3658 nameus,
987 3618 1016 3651 c
1041 3620 1068 3653 c
