2436 4094
347 476 418 527 42

258 1499 343 1526 Deus
356 1501 403 1526 est

256 1537 408 1563 aeternus.

258 1993 290 2029 et
303 2000 425 2035 ubique.

261 2151 347 2178 Deus
360 2154 408 2179 est
422 2149 474 2177 im-

260 2192 383 2213 mensus

262 2393 293 2418 et
306 2389 447 2418 infinitus.

1013 455 1435 524 sOANNIS
1491 455 1842 506 WICLIF
2184 475 2313 507 mer.
2391 301 2436 546 ⁴

567 597 758 659 penitus
783 602 911 643 caret
934 590 1092 642 causa.
1164 591 1227 640 Et
1251 591 1313 639 ad
1336 590 1468 639 illam
1492 590 1711 639 notitiam
1731 590 2073 653 pervenerunt¹
2097 589 2312 653 philoso-

568 677 677 740 phi3
729 692 788 724 ex
824 689 922 737 quo
955 681 1087 736 patet
1118 672 1337 720 Platonis
1370 673 1620 730 sententia,
1654 672 1788 735 quod
1820 671 1957 720 Deus
1988 681 2063 720 est
2093 672 2313 734 superior

568 754 735 805 omni2
765 755 1052 812 narratione,
1083 762 1131 802 et
1163 769 1265 802 non
1298 753 1526 802 deficiunt
1559 754 1749 817 linguae
1782 753 1843 801 de
1876 754 1986 816 ipso
2018 753 2189 816 loqui³,
2222 753 2313 801 nisi

569 846 764 900 propter
794 836 1127 884 excellentiam
1160 836 1232 883 sui
1257 850 1378 883 esse.
1452 835 1527 883 Ex
1552 835 1726 898 quibus
1751 842 1894 898 patet,
1920 835 2055 897 quod
2078 834 2314 884 mundani

568 919 896 981 intelligentes
918 917 1077 979 ipsum
1109 913 1417 979 imperfecte*¹
1441 917 1721 979 concipiunt
1752 932 1864 964 cum
1894 916 2313 978 phantasmatibus

567 1002 674 1062 ipso
711 999 1071 1061 posterioribus,
1109 1013 1232 1061 quae
1269 998 1607 1060 phantasmata
1642 1013 1755 1046 cum
1789 998 2032 1046 intellectu
2070 996 2166 1045 Dei
2203 1004 2316 1045 sunt

566 1081 842 1130 commixta.
914 1080 1035 1127 Ideo
1061 1080 1175 1128 dicit
1197 1079 1476 1134 Aristoteles,
1502 1079 1650 1142 quod,
1682 1079 1792 1128 licet
1827 1078 1963 1127 Deus
1994 1079 2055 1127 sit
2085 1078 2314 1128 manifes-

569 1163 781 1210 tissimus
827 1162 879 1208 in
926 1169 1109 1219 natura,
1157 1170 1321 1208 tamen
1368 1161 1671 1209 acutissimus
1717 1161 1917 1223 ingenio
1961 1175 2013 1209 se
2058 1160 2207 1208 habet
2251 1160 2316 1208 ad

567 1241 753 1307 ipsum⁵
792 1243 915 1291 sicut
955 1239 1262 1291 nocticorax⁶
1298 1242 1361 1290 ad
1402 1242 1518 1290 solis
1560 1243 1722 1290 radios
1762 1241 2063 1290 intuendum.
2139 1241 2204 1290 Et
2243 1241 2315 1290 sic

568 1326 718 1373 deitas
753 1338 856 1371 non
890 1332 1052 1387 potest
1086 1338 1193 1373 esse
1228 1325 1427 1372 materia
1461 1323 1536 1372 vel
1570 1323 1740 1382 forma,
1777 1339 1891 1372 cum
1926 1323 2181 1387 cujuslibet
2211 1322 2318 1372 talis

567 1413 760 1469 oportet
783 1420 888 1453 esse
915 1420 1126 1453 causam.

634 1486 737 1534 Ex⁷
760 1487 860 1535 istis
886 1488 1112 1549 sequitur,
1131 1488 1265 1550 quod
1295 1486 1447 1535 deitas
1477 1487 1536 1534 sit
1560 1487 1851 1534 aeternaliter
1870 1493 1918 1534 et
1936 1487 2128 1549 ubique,
2143 1485 2259 1549 quia
2277 1486 2318 1535 si

569 1570 728 1633 aliqua
752 1570 810 1617 sit
833 1585 1062 1617 mensura
1080 1570 1211 1632 prior
1230 1568 1417 1626 deitate,
1437 1569 1544 1630 ipsa
1566 1583 1668 1616 non
1687 1568 1812 1616 foret
1835 1569 1993 1632 prima
2017 1583 2178 1626 causa,
2203 1566 2319 1631 quia

571 1656 900 1699 mensuratum
924 1666 1150 1698 mensura
1174 1651 1316 1713 hujus
1346 1650 1481 1698 modi
1513 1649 1635 1697 foret
1661 1650 1818 1712 prius;
1857 1649 1928 1697 et⁸
1953 1650 2064 1698 ideo
2087 1642 2319 1697 mensura

571 1732 758 1780 deitatis
784 1733 978 1795 proprie
1003 1739 1202 1779 vocatur
1226 1731 1497 1788 aeternitas,
1523 1746 1647 1793 quae
1672 1739 1744 1779 est
1772 1731 1976 1779 omnino
2001 1730 2317 1788 indivisibilis,

571 1822 618 1861 et
653 1829 764 1862 cum
802 1814 859 1861 sit
893 1814 997 1875 ipse
1033 1812 1184 1871 Deus,
1221 1828 1323 1860 non
1358 1812 1714 1860 accidentaliter
1749 1813 1839 1860 sibi
1875 1813 2014 1871 inest,
2049 1828 2142 1861 nec
2173 1811 2321 1860 habet

572 1895 702 1957 prius
740 1902 788 1942 et
819 1894 1058 1957 posterius
1094 1894 1216 1941 sicut
1252 1902 1458 1955 tempus,
1528 1893 1616 1941 Et⁹
1647 1894 1921 1942 necessario
1946 1894 2082 1942 Deus
2114 1901 2189 1942 est
2218 1893 2320 1940 ubi-

572 1993 654 2038 que
683 1983 731 2023 et
760 1976 1040 2032 immensuS,
1067 1975 1182 2037 quia
1205 1975 1382 2022 modus
1407 1974 1643 2022 existendi
1671 1976 1738 2022 rei
1764 1975 2018 2038 spiritualis
2049 1983 2123 2024 est
2152 1989 2320 2038 regere

573 2066 619 2106 et
643 2071 865 2116 causare;
902 2056 1038 2104 Deus
1063 2064 1223 2103 autem
1246 2056 1425 2118 ubique
1450 2056 1572 2119 regit
1604 2065 1652 2104 et
1683 2065 1849 2104 causat
1862 2073 1875 2116 3
1913 2057 2025 2105 ideo
2050 2056 2203 2105 modo
2228 2070 2319 2104 suo

573 2137 846 2187 necessario
884 2145 956 2185 est
989 2137 1181 2199 ubique.
1251 2136 1340 2184 Est
1375 2145 1537 2184 autem
1566 2139 1823 2196 immensus,
1849 2139 1976 2201 quia,
2002 2139 2042 2187 si
2078 2133 2320 2186 infinitum

574 2220 811 2268 mundum
836 2218 1137 2281 produceret,
1170 2217 1295 2266 foret
1319 2218 1531 2267 localiter
1554 2219 1738 2266 infinite
1753 2234 1766 2278 ;
1811 2219 1924 2267 ideo
1949 2235 2062 2268 cum
2093 2234 2322 2268 mensura

574 2301 669 2349 loci
715 2316 816 2348 non
857 2307 1104 2348 mensurat
1144 2300 1461 2361 quantitatem
1501 2299 1609 2358 Dei,
1650 2308 1796 2363 patet,
1839 2301 1974 2364 quod
2013 2301 2208 2364 proprie
2249 2308 2324 2350 est

574 2382 853 2429 immensus.
940 2380 1020 2428 Sic
1067 2381 1241 2428 enim1⁰
1289 2388 1361 2428 est
1413 2380 1638 2444 infinitus,
1688 2382 1801 2444 quia
1847 2383 1951 2430 sine
1998 2382 2094 2430 fine
2141 2390 2190 2431 et
2234 2398 2324 2446 per

575 2477 882 2525 consequens
914 2463 1017 2510 sine
1051 2477 1197 2510 causa
1229 2462 1322 2509 alia
1352 2470 1689 2522 mensurante3
1741 2478 1844 2510 non
1875 2463 2083 2511 tamen11
2113 2471 2186 2533 est
2214 2464 2323 2512 infi-

574 2547 702 2593 nitae
739 2546 982 2610 potentiae
1023 2546 1074 2592 in
1114 2546 1291 2607 vigore,
1328 2546 1397 2592 sic
1428 2545 1573 2607 ,quod
1612 2546 1853 2593 infinitum
1888 2546 2125 2595 mundum
2161 2555 2325 2611 potest

574 2627 868 2688 producere3
907 2627 993 2674 sed
1012 2627 1124 2689 quia
1144 2634 1216 2674 est
1234 2627 1473 2674 maximae
1491 2627 1736 2688 potentiae
1759 2627 2006 2690 positivae,
2030 2643 2119 2691 per
2141 2628 2323 2684 nullam

575 2708 717 2755 aliam
753 2709 1021 2771 potentiam
1057 2707 1325 2755 finitatae12.
1397 2707 1518 2755 Ideo
1556 2716 1726 2770 peccat
1760 2708 2043 2772 imaginatio
2079 2709 2172 2768 illa,
2196 2725 2323 2773 quae

574 2789 876 2851 imaginatur,
901 2789 1064 2837 Deum
1088 2804 1194 2837 esse
1218 2789 1432 2836 localiter
1454 2797 1783 2837 mensuratum
1806 2790 1880 2838 vel
1912 2790 2324 2840 dimensionaliter

575 2870 846 2933 figuratum.
920 2870 1018 2918 Sed
1060 2878 1133 2918 est
1173 2877 1304 2918 totus
1344 2870 1523 2932 ubique
1562 2871 1666 2918 sine
1705 2871 2020 2930 dimensione,
2054 2872 2136 2935 qui
2177 2872 2324 2921 habet
2369 2881 2372 2883 “

575 2966 748 2999 omnes
774 2951 1193 2999 denominationes
1215 2951 1493 3014 hujusmodi
1519 2952 1632 2999 satis
1664 2952 1927 3015 aequivoce
1951 2959 1999 3000 et
2029 2953 2232 3016 positive
2265 2969 2323 3003 ac

574 3033 800 3094 privative
819 3032 1034 3096 quodam
1058 3033 1210 3080 modo
1235 3032 1431 3080 infinite.
1491 3032 1674 3080 Dicunt
1699 3034 1829 3081 enim
1843 3033 1880 3060 ¹³
1902 3033 2324 3084 denominationes

575 3113 680 3161 illae
705 3114 822 3162 illud
846 3113 979 3177 quod
1004 3114 1228 3162 convenit
1258 3113 1541 3176 perfectioni
1576 3114 1854 3177 simpliciter
1883 3115 2111 3175 infinitae,
2136 3124 2184 3165 et
2205 3115 2323 3166 illud

631 3269 645 3292 ¹
671 3269 958 3322 pervenerunt]
980 3269 1239 3316 devenerunt,
1261 3268 1318 3309 D.
1451 3268 1467 3292 ²
1494 3269 1628 3322 omni]
1649 3270 1845 3316 omnium,
1865 3270 1928 3311 ed.
1949 3283 2010 3323 pr.
2144 3270 2160 3296 ³
2186 3270 2322 3324 loqui]

577 3322 780 3375 loquendo
800 3325 851 3365 de
870 3325 975 3376 ipso,
995 3324 1075 3370 D.;
1105 3324 1168 3364 ed.
1188 3337 1249 3376 pr.
1404 3323 1422 3347 θ
1445 3323 1700 3376 imperfecte]
1728 3324 1916 3377 perfecte,
1937 3325 2000 3365 ed.
2021 3337 2083 3379 pr.
2225 3325 2242 3349 ⁵
2268 3326 2323 3366 ad

577 3376 719 3429 istum]
750 3391 832 3419 om.
854 3380 916 3418 ed.
937 3392 998 3431 pr.
1153 3378 1169 3402 θ
1196 3377 1450 3431 nocticorax]
1478 3379 1725 3430 nycticorax,
1752 3379 1814 3419 ed.
1834 3391 1896 3432 pr.
2048 3378 2065 3403 ⁷
2091 3378 2160 3432 ex]
2189 3385 2231 3420 et
2258 3392 2322 3425 ex.

579 3430 689 3470 A.D.
890 3433 905 3456 ⁸
933 3438 973 3472 et
1002 3432 1114 3485 ideo]
1145 3432 1250 3479 ideo,
1282 3432 1337 3472 D.
1533 3432 1548 3456 ⁹
1577 3432 1651 3484 Et]
1683 3433 1796 3480 Ideo,
1826 3433 1931 3474 A.C.
2133 3433 2164 3457 ¹⁰
2189 3433 2321 3486 enim]

578 3484 713 3531 etiam,
744 3486 841 3526 ΒΕ.
871 3487 935 3526 ed.
965 3500 1026 3538 pr.
1265 3486 1295 3510 ¹¹
1329 3486 1485 3538 tamen]
1517 3487 1639 3538 quod,
1670 3487 1724 3527 D.
1956 3486 1987 3512 ¹²
2013 3486 2213 3540 finitatae]
2245 3487 2271 3527 i.
2284 3500 2320 3528 e.

579 3536 727 3584 finitae,
758 3539 1106 3594 circumscriptae;
1148 3540 1367 3589 finientem,
1398 3541 1553 3583 A.B.C.
1583 3541 1739 3595 primae
1766 3539 1930 3583 manua
2131 3541 2162 3566 ¹³
2188 3540 2320 3594 enim]

577 3596 713 3631 autem
744 3592 788 3631 B.
