2496 4108
143 417 280 452 cans.
730 396 1319 449 TRIALOGUS.

142 531 252 581 talis
275 532 707 582 monstruosissimi
731 531 1022 591 accidentis3
1060 540 1107 580 et
1132 532 1272 581 vtuncl
1298 533 1467 580 salvari
1501 540 1703 595 possent
1725 531 1901 580 verba2

143 611 256 661 fidei
280 613 559 676 scripturae,
585 622 635 662 et
658 614 727 661 sic
751 613 966 676 undique
990 614 1148 677 major
1173 614 1350 662 utilitas
1374 622 1422 662 et
1445 613 1539 662 Dei
1563 615 1721 677 maj0r
1745 629 1902 662 rever·

143 694 274 742 entia
300 693 563 743 resultaret.

215 774 423 824 Smiliter
456 776 575 824 tales
609 775 881 838 blasphemi
917 776 1195 825 includunt⁸
1227 776 1469 840 praelatos
1504 777 1819 825 insolubiliter
1853 777 1904 824 in

143 856 440 920 negligentia
484 872 584 920 quo
639 857 702 905 ad
756 859 1118 920 grammaticos,
1167 873 1280 906 cum
1336 859 1638 920 grammatici
1695 858 1906 906 doceant

2042 397 2139 452 261
2209 394 2227 400 ”

1962 794 2168 823 Grammatica

1962 829 2077 857 tollitur
2089 828 2161 855 doc·

1963 862 2042 890 trina
2056 862 2097 890 de
2109 866 2206 890 tmus-

1962 896 2146 925 substantia-

142 940 290 988 verba
331 939 606 1001 supradicta
641 939 814 987 Latina
856 947 1136 988 construere
1179 939 1449 988 secundum
1485 939 1621 1002 quod
1658 947 1770 987 sunt
1804 939 1905 985 vul-
1963 931 2059 959 ‘³⁰¹¹e·

141 1020 319 1083 gariter
353 1020 606 1078 intellecta,
643 1021 731 1069 sed
755 1028 955 1083 propter
990 1021 1257 1083 periculum
1294 1021 1507 1068 haeresis
1544 1017 1713 1068 debet⁴
1737 1021 1807 1068 eis
1832 1020 1903 1067 in-

138 1103 278 1167 jungi
302 1104 570 1152 secundum
602 1104 741 1152 istam
775 1104 1110 1166 blasphemam
1141 1105 1400 1161 stultitiam,
1427 1104 1562 1166 quod
1595 1104 1663 1151 sic
1698 1103 1907 1151 doceant

111 1199 323 1249 *pueros
370 1200 486 1233 suos
533 1194 829 1244 construere,
874 1190 886 1211 ‘
903 1186 1111 1254 apostoli
1153 1193 1487 1248 cognoverunt
1527 1184 1800 1232 Dominum
1846 1184 1898 1230 in

141 1262 378 1315 fractione
412 1267 567 1329 paniS,
603 1266 700 1315 hoc
739 1275 811 1315 est
851 1268 901 1314 in
937 1267 1170 1315 fractione
1207 1266 1471 1315 accidentis
1511 1267 1614 1313 sine
1651 1262 1901 1327 subject0,'

142 1348 257 1411 quia
273 1347 408 1396 aliter
424 1350 560 1411 pueri
585 1364 791 1411 capaces
810 1356 1013 1410 possent
1032 1349 1290 1411 concipere
1315 1347 1449 1410 quod
1467 1348 1608 1409 panis
1634 1347 1902 1394 substantia

143 1428 267 1478 foret
289 1429 441 1478 fracta
463 1446 551 1492 per
568 1429 880 1487 Dominum⁵,
902 1429 1037 1492 quod
1046 1430 1077 1488 ⁰,
1098 1438 1150 1478 ut
1168 1430 1394 1477 haeretici
1418 1430 1494 1476 isti
1519 1429 1757 1490 inquiunt,
1778 1426 1904 1475 foret

143 1511 330 1574 grande
353 1512 635 1574 periculum.
707 1511 838 1559 Nam
863 1512 1208 1574 grammaticus
1232 1511 1355 1558 foret
1382 1509 1668 1572 culpandus,
1689 1508 1772 1571 qui
1797 1523 1900 1556 non

146 1593 290 1643 istam
326 1594 777 1657 aequivocationem
826 1594 1084 1655 detegeret,
1127 1597 1139 1617 ‘
1157 1593 1293 1640 canis
1331 1593 1381 1638 in
1429 1592 1569 1639 coelo
1610 1589 1767 1647 lucet,'
1810 1589 1897 1637 sed

143 1674 240 1725 sic⁷
263 1676 460 1724 doceret
483 1676 534 1722 in
551 1675 735 1737 vulgari
757 1674 1018 1731 locutione,
1039 1674 1174 1736 quod
1198 1673 1378 1720 animal
1401 1672 1613 1720 latrabile
1645 1672 1710 1719 ibi
1735 1671 1888 1729 lucet;

143 1757 298 1806 multo
322 1757 480 1819 magis
505 1771 624 1819 ergo
655 1755 925 1818 culpandus
961 1755 1085 1802 foret
1119 1754 1478 1816 grammaticus,
1505 1754 1588 1815 qui
1623 1754 1674 1800 in
1710 1760 1894 1815 puncto

144 1838 372 1887 laesionis
394 1837 508 1885 fidei
533 1836 983 1899 aequivocationem
1016 1834 1296 1899 hujusmodi
1325 1835 1559 1882 reticeret.
1632 1833 1730 1882 Sed
1754 1835 1904 1882 bene-

144 1920 304 1976 ,dictus
336 1921 395 1968 sit
417 1918 662 1967 Dominus
685 1916 933 1975 veritatis⁸‚
960 1917 1042 1979 qui
1065 1917 1269 1965 istorum
1297 1915 1653 1963 haereticorum
1678 1915 1904 1962 notitiam

145 2002 215 2052 sic
236 2000 504 2060 confundit,
527 1999 665 2063 quod
689 2014 844 2062 usque
868 1998 1015 2046 hodie
1040 1998 1263 2046 nesciunt
1296 1997 1359 2045 ad
1383 2012 1583 2045 sensum
1616 2012 1759 2044 suum
1785 2011 1903 2044 con-

143 2090 327 2135 struere
349 2083 496 2130 verba
509 2081 792 2144 evangelica
811 2080 1115 2143 supradicta!
1179 2079 1311 2127 Nam
1336 2080 1428 2142 ipsi
1453 2080 1546 2127 nec
1572 2077 1903 2126 construendo

144 2179 236 2215 nec
276 2164 606 2229 praedicando
647 2163 920 2225 intelligunt
955 2176 1102 2210 voces
1138 2177 1263 2220 suas,
1300 2161 1500 2224 quando
1538 2161 1718 2218 dicunt,
1757 2159 1891 2222 quod

145 2247 356 2311 apostoli
372 2254 612 2294 noverunt
631 2244 879 2293 Christum
897 2245 948 2291 in
966 2243 1201 2292 fractione
1220 2244 1375 2306 paniS‚
1392 2242 1488 2291 hoc
1507 2250 1582 2291 est
1601 2243 1650 2289 in
1670 2241 1904 2290 fractione

146 2328 410 2378 accidentis
434 2328 538 2376 sine
564 2327 801 2389 subjectO.
870 2325 934 2373 Et
959 2326 1028 2373 sic
1055 2325 1363 2373 antichristus
1394 2324 1445 2371 in
1475 2324 1567 2371 ista
1598 2323 1787 2372 haeresi
1822 2322 1905 2369 de-

145 2410 282 2460 struit
305 2409 688 2472 grammaticam,
714 2407 929 2470 logicam
953 2414 1001 2454 et
1032 2406 1286 2454 scientiam
1319 2406 1615 2464 naturalem3
1660 2404 1748 2452 sed
1771 2403 1905 2467 quod

145 2492 305 2556 magis
329 2491 592 2547 dolendum
616 2499 702 2547 est,
728 2490 850 2538 tollit
875 2504 1072 2538 sensum
1098 2489 1348 2550 evangelii.

145 2611 153 2617 -
216 2573 314 2622 Sed
336 2573 473 2621 Deus
497 2573 619 2621 sicut
648 2586 842 2634 semper
877 2579 1033 2618 servat
1056 2571 1276 2617 notitiam
1301 2569 1570 2617 naturalem
1594 2570 1643 2615 in
1668 2568 1814 2624 laicis,
1836 2568 1904 2614 sic

145 2670 340 2719 semper
368 2662 524 2704 servat
559 2668 755 2702 sensum
791 2651 1084 2700 catholicum
1119 2652 1169 2697 in
1204 2650 1496 2713 quibusdam
1532 2649 1729 2706 clericis,
1767 2656 1818 2695 ut
1854 2648 1904 2694 in

146 2738 354 2788 Graecia
376 2736 452 2784 vel
475 2736 600 2794 alibi,
625 2735 708 2782 ubi
732 2734 902 2796 placet.
975 2732 1022 2781 O
1046 2733 1154 2794 quis
1179 2739 1346 2794 posset
1367 2730 1535 2778 fratres
1559 2737 1607 2777 et
1631 2729 1750 2777 alios
1784 2742 1902 2790 apo-

147 2828 296 2870 statas
330 2833 576 2876 excusare,
603 2817 738 2879 quod
770 2815 844 2863 vel
879 2816 1107 2877 ignorant
1138 2813 1213 2861 vel
1249 2827 1350 2860 non
1386 2811 1566 2860 audent
1597 2810 1671 2858 vel
1705 2818 1904 2872 propter

146 2902 375 2957 invidiam
398 2899 571 2948 nolunt
594 2898 740 2946 fidem
766 2912 906 2946 suam
930 2897 980 2943 in
1004 2896 1104 2944 istis
1130 2895 1355 2957 detegere
1380 2902 1427 2941 et
1450 2892 1686 2955 populum
1711 2891 1902 2948 docere,

145 2985 208 3039 de
254 2998 353 3047 quo
400 2989 589 3046 praeter
635 2980 983 3043 obligationem
1032 2976 1299 3025 secundum
1342 2989 1560 3023 amorem
1601 2972 1904 3020 fraternitatis

144 3066 386 3129 accipiunt
426 3072 614 3113 tantum
651 3062 851 3110 lucrum.
925 3059 1113 3107 Revera
1153 3057 1368 3106 naturale
1409 3055 1658 3118 ingenium
1693 3054 1905 3102 hominis

143 3146 501 3212 pseudofratres
547 3142 825 3208 hujusmodi
871 3142 1236 3198 condemnaret,
1285 3154 1398 3186 cum
1444 3146 1677 3199 tanquam
1723 3136 1905 3183 inimici

143 3228 398 3277 domestici
426 3227 536 3290 plus
571 3240 719 3289 quam
751 3224 982 3272 idolatrae
1017 3222 1189 3270 remoti
1222 3220 1491 3283 simplicem
1526 3217 1777 3281 populum,
1799 3232 1903 3279 per-

200 3371 215 3395 ¹
244 3369 363 3423 tunc]
384 3369 456 3415 sic,
478 3368 531 3408 A.
725 3366 740 3389 ²
768 3365 913 3418 verba]
935 3377 1018 3405 om.
1038 3364 1103 3405 ed.
1123 3378 1184 3417 pr.
1377 3362 1392 3385 ³
1419 3360 1653 3413 includunt]
1675 3360 1900 3407 involvunt,

146 3425 214 3468 ed.
231 3437 294 3478 pr.
515 3421 530 3444 ⁴
558 3420 703 3474 debet]
724 3420 905 3466 deberet,
924 3419 989 3459 ed.
1009 3432 1070 3472 pr.
1267 3417 1282 3441 ⁵
1313 3415 1562 3467 Dominum]
1585 3415 1734 3461 Deum,
1755 3414 1819 3455 ed.
1840 3428 1903 3468 pr.

147 3480 165 3504 ⁸
194 3478 327 3532 quod]
348 3490 483 3531 quem,
503 3476 568 3518 ed.
590 3489 651 3529 pr.
814 3474 830 3497 ⁷
860 3473 938 3525 sie]
961 3473 1009 3518 si,
1031 3473 1130 3514 B.C.
1151 3471 1214 3512 ed.
1235 3484 1296 3524 pr.
1461 3470 1476 3494 ⁸
1504 3468 1706 3522 veritatis]
1726 3469 1901 3516 virtutis,

149 3533 197 3574 B.
217 3533 282 3574 ed.
302 3545 364 3586 pr.
