2462 4114
15 313 30 334 a<
0 242 22 251 ὃ
14 159 34 198 ,3
12 94 33 134 Γῆ,
11 0 43 80 ἦνῆ

8 379 34 491 ζ
99 436 249 473 cm„
689 421 1262 475 TRJALOGUS.

89 551 366 603 nescientes
391 553 515 604 inter
536 563 872 619 paupertatem
896 565 943 606 et
967 558 1380 608 mendicationem
1405 559 1717 624 distinguere,
1750 561 1849 624 pri-

92 647 240 693 mam,
266 650 392 698 quae
415 635 764 699 perfectionem
788 647 999 699 sonaret,
1026 638 1282 699 dimittunt,
1309 650 1355 690 et
1380 643 1648 692 secundam
1674 642 1850 706 cupide

91 722 148 764 ut
171 714 440 766 Ischarioth
464 718 832 782 amplectuntur.

793 1071 954 1124 CAP.
990 1073 1153 1124 XXX.

249 1201 328 1252 De
329 1204 559 1270 fratrum
581 1203 850 1255 haeresibus
869 1224 889 1256 .·
928 1223 974 1270 3.
997 1216 1135 1271 super
1158 1209 1306 1258 lz'terzls·
1311 1209 1697 1273 fraternitatum.

6 1389 11 1403 ,.
153 1331 359 1384 Alithia.
430 1335 555 1386 Satis
578 1346 718 1387 acute
741 1338 930 1389 locutus
953 1355 1007 1389 es
1032 1340 1094 1390 de
1118 1341 1208 1390 ista
1240 1340 1458 1390 secunda
1490 1340 1692 1390 fratrum
1724 1341 1851 1391 blas-

90 1413 303 1480 phemia,
339 1415 428 1466 sed
460 1433 584 1482 rogo
615 1426 670 1468 ut
704 1419 766 1468 de
801 1421 938 1470 tertia
972 1437 1147 1485 parum
1184 1422 1332 1472 dicas.
1404 1422 1537 1470 Nam
1571 1438 1659 1487 per
1691 1423 1854 1472 literas

3 1490 7 1491 ⁷
69 1487 443 1568 fraternitatum
466 1499 610 1550 nimis
634 1516 817 1565 magna
840 1516 954 1565 pars
980 1503 1214 1552 ecclesiae
1238 1512 1311 1552 est
1335 1503 1556 1567 decepta.

109 1575 112 1578 ’
159 1578 431 1630 Phroneszlr.
502 1581 667 1632 Placet
702 1584 763 1633 de
799 1584 889 1634 illis
924 1584 1083 1634 dicere
1118 1586 1170 1633 in
1201 1585 1393 1645 Latin0,
1428 1587 1565 1650 quod
1599 1585 1852 1650 quondam

95 1661 316 1725 expressi
346 1663 398 1711 in
428 1662 670 1727 Anglico;
721 1665 810 1714 sed
841 1666 991 1715 timeo
1025 1666 1086 1715 de
1116 1667 1317 1716 Pseuste
1351 1669 1433 1731 qui
1470 1668 1589 1716 mihi
1617 1669 1852 1732 imponet,

90 1731 251 1808 ἐῃιοᾶι
275 1744 518 1808 superflue
540 1744 697 1794 lavem
720 1746 934 1806 laterem,
960 1755 1064 1797 tum
1096 1748 1209 1812 quia
1240 1765 1386 1812 saepe
1418 1751 1618 1812 gemino
1643 1750 1854 1799 eandem

92 1826 399 1887 sententiam,
421 1835 526 1876 tum
561 1829 708 1877 etiam
739 1830 854 1893 quia
886 1838 1135 1880 crescente
1168 1830 1367 1880 fratrum
1400 1833 1580 1882 invidia
1609 1833 1733 1882 facio
1763 1833 1853 1881 im-

90 1907 353 1972 prudenter
399 1910 663 1959 novissima
708 1926 880 1960 eorum
934 1913 1103 1975 pejora
1149 1913 1404 1976 prioribus.
1498 1914 1852 1963 Verumtamen

91 1989 239 2039 istum
261 1990 411 2039 finem
433 1991 684 2055 regulante
707 1992 803 2042 Dei
826 1994 981 2056 gratia
1005 2009 1109 2043 non
1133 1994 1348 2045 intend0.
1410 1995 1648 2059 Suppono
1674 2003 1851 2054 autem,

92 2070 228 2136 quod
262 2071 408 2136 aliqui
443 2072 625 2133 fratreS,
651 2088 777 2138 quos
800 2074 938 2124 Deus
973 2075 1197 2139 dignatur
1229 2075 1407 2126 docere
1417 2076 1448 2136 ²,
1475 2077 1538 2126 ad
1570 2077 1852 2140 religionem

92 2151 391 2217 primaevam
414 2153 590 2205 Christi
623 2155 842 2205 devotius
875 2166 1227 2217 convertentur,
1253 2166 1300 2206 et
1323 2159 1487 2207 relicta
1519 2175 1607 2208 sua
1638 2159 1852 2222 perfidia,

92 2233 194 2284 sive
234 2235 437 2285 obtenta
478 2237 576 2286 sive
611 2239 762 2301 petita
803 2238 1068 2288 antichristi
1109 2239 1303 2289 licentia
1344 2240 1570 2289 redibunt
1605 2241 1751 2290 libere
1788 2241 1851 2290 ad

91 2315 382 2381 religionem
420 2317 599 2368 Christi
635 2321 948 2383 primaevam,
993 2328 1041 2369 et
1075 2327 1192 2370 tunc
1234 2322 1559 2371 aedificabunt
1596 2323 1851 2372 ecclesiam

93 2397 216 2465 sicut
250 2398 465 2449 Paulus⁸.
537 2399 858 2450 Procedendo
894 2410 1056 2450 autem
1092 2401 1155 2451 ad
1190 2410 1446 2452 tractatum
1487 2404 1548 2452 de
1583 2403 1685 2452 istis
1720 2404 1851 2454 falsis

90 2477 239 2530 literis
269 2480 632 2542 fraternitatum,
657 2490 851 2546 oportet
884 2480 1199 2546 supponere4‚
1230 2491 1278 2532 te
1311 2500 1477 2534 earum
1510 2486 1683 2534 seriem
1716 2485 1849 2535 audi-

91 2559 232 2621 visse,
256 2576 356 2626 quo
393 2563 662 2626 supposit0,
687 2571 819 2626 patet
854 2564 1041 2626 prim0⁵
1073 2579 1241 2612 earum
1269 2564 1482 2614 haeresis
1517 2563 1849 2629 Symoniaea⁶,

93 2657 209 2710 cum
237 2658 341 2692 non
367 2643 484 2693 dant
508 2643 628 2692 tales
652 2644 839 2693 literas⁷
862 2644 954 2693 nisi
980 2645 1071 2694 sub
1103 2660 1190 2708 spe
1222 2652 1271 2694 et
1302 2646 1568 2695 intentione
1598 2647 1847 2709 probabili,

91 2724 229 2789 quod
251 2740 314 2774 ex
349 2725 419 2774 eis
441 2725 629 2774 lucrum
663 2726 1004 2790 temporalium
1039 2734 1088 2776 et
1123 2725 1603 2775 confoederationem
1637 2727 1851 2776 illicitam

1981 439 2086 494 349

1906 2421 2107 2450 Consuetudo

1905 2456 2147 2485 exhibendamm

1904 2490 2058 2517 literarum

1903 2524 2103 2564 fraternitatis

1904 2562 2102 2586 examinatur.

94 2807 414 2870 reportabunt
427 2823 440 2865 ;
491 2806 746 2871 quomodo
780 2823 900 2871 ergo
935 2822 1038 2856 non
1071 2815 1185 2857 sunt
1225 2807 1450 2856 haeretici
1488 2807 1765 2871 Symoniaci
1801 2809 1850 2856 in
1928 2857 1933 2862 κ

91 2887 306 2938 affectu?
374 2887 522 2938 Unde
557 2889 607 2937 in
644 2889 1066 2938 confirmationem
1100 2888 1250 2948 istius,
1280 2896 1459 2953 negato
1491 2889 1580 2938 illis
1612 2889 1851 2953 adjutorio

0 2977 2 2982 '
90 2984 192 3034 quo
215 2970 281 3020 ad
303 2970 586 3035 temporalia
618 2977 762 3035 atque
796 2968 1170 3030 defensionem⁸,
1196 2970 1356 3019 statim
1385 2979 1736 3019 remurmurant
1760 2987 1851 3021 nec

10 3066 11 3069 ’
90 3050 398 3116 ingeminant
437 3052 557 3102 tales
596 3052 758 3102 literas
797 3052 971 3101 talibus
1009 3051 1297 3111 offerendaS,
1334 3060 1382 3100 et
1417 3052 1456 3100 si
1498 3051 1654 3115 ipsas⁹
1690 3053 1850 3116 perdi-

91 3133 274 3183 derant.
365 3131 473 3183 Nec
522 3134 722 3184 dubium
771 3134 889 3198 quin
935 3133 1165 3196 implicite
1206 3134 1266 3183 sit
1313 3134 1363 3181 in
1410 3134 1502 3182 isto
1549 3133 1852 3183 fraudulenta

91 3215 279 3280 emptio
304 3222 450 3279 atque
473 3215 701 3274 venditiO‚
722 3231 813 3266 nec
839 3215 1041 3264 dubium
1066 3215 1185 3279 quin
1214 3215 1307 3264 tale
1332 3214 1690 3279 hypocritarum
1715 3231 1850 3265 com-

119 3368 128 3377 ·
147 3355 162 3380 ¹
190 3355 321 3409 quod]
342 3361 400 3402 ut,
422 3355 535 3397 A.D.
657 3355 673 3379 ²
699 3355 891 3409 dignatur
910 3355 1079 3410 docere]
1099 3357 1247 3398 docere
1266 3357 1452 3404 voluerit,
1474 3356 1628 3399 A.B.c.
1650 3357 1852 3399 secundae

92 3422 250 3451 manus.
542 3411 557 3434 ⁸
586 3409 637 3451 cf.
657 3410 774 3458 infra,
794 3410 846 3451 iv.
870 3423 906 3452 c.
928 3422 994 3489 ³39.
1131 3465 1139 3473 ο
1292 3411 1307 3434 ⁴
1334 3411 1582 3465 supponere]
1604 3425 1686 3452 om.
1706 3412 1770 3453 ed.
1789 3425 1850 3506 Ἦ.

95 3463 112 3489 ⁸
169 3464 275 3505 rimo
325 3463 471 3517 prima,
500 3465 564 3505 ed.
594 3477 655 3516 pr.
973 3464 1236 3517 Symomaca]
1267 3465 1511 3517 Symomaea
1539 3465 1765 3514 manifeste,
1841 3496 1851 3508 .

93 3517 109 3542 ⁷
155 3518 275 3560 ‘teras
317 3518 490 3572 regulas,
509 3519 573 3561 ed.
595 3532 656 3571 pr.
768 3520 782 3542 ⁸
810 3517 1110 3573 defensionem]
1131 3519 1184 3560 ad
1204 3519 1494 3567 defensionem,
1515 3520 1564 3563 C.
1674 3521 1690 3546 ⁹
1719 3520 1848 3575 ipsas]

93 3585 301 3627 personas,
323 3572 479 3615 A.B.C.

1906 2909 2025 2938 Auctor
2041 2909 2167 2939 demon-

1906 2947 1991 2976 strat.
2006 2944 2036 2972 in
2050 2944 2108 2972 ista
2120 2953 2154 2972 re

1906 2985 1976 3006 esse
1988 2978 2163 3012 SImonlam,
