2436 4094
330 458 428 526 156

994 446 1415 511 JOANNIS
1484 448 1831 497 WICLIF
2150 469 2312 499 mam.

559 583 846 646 obligatoria
865 582 1081 644 sophista
1101 590 1266 644 posset
1290 581 1385 647 hoc
1410 581 1609 630 faciliter
1627 582 1886 631 defendere
1911 572 2080 632 contra
2096 583 2308 632 rationes

559 666 885 727 cujuscunque
923 663 1170 710 moderni¹
1196 664 1245 710 in
1281 664 1562 726 oppositum
1599 664 1857 722 faciendas,
1883 666 1996 727 quia
2031 666 2071 713 si
2106 679 2222 722 non,
2248 665 2310 713 sit

556 763 681 794 unus
730 746 1062 794 contentiosus
1105 746 1294 807 juvenis
1341 746 1600 808 theologus
1639 748 1762 794 sicut
1803 746 1961 805 frater,
2000 754 2050 794 et
2087 747 2310 795 admittat

557 828 922 891 possibilitatem
956 828 1299 874 incarnationis
1333 828 1452 875 asini
1487 828 1547 875 de
1572 828 1665 876 Dei
1698 830 1931 890 potentia,
1965 837 2121 876 stante
2152 828 2308 876 incar-

557 911 751 957 natione
777 909 1001 966 hominis,
1030 916 1078 956 et
1102 909 1349 956 videamus
1375 924 1496 971 quas
1520 910 1784 957 evidentias
1809 909 2098 971 ponderabit
2111 925 2124 969 ;
2169 917 2215 957 et
2239 910 2308 957 sic

557 998 629 1038 est
654 991 714 1038 de
738 991 874 1038 omni
898 991 1198 1048 nominabili,
1225 991 1370 1038 etiam
1403 1006 1555 1053 usque
1589 991 1652 1038 ad
1685 991 2135 1048 contradictionem,
2159 1005 2309 1053 quam

555 1073 773 1135 garrulus
798 1072 913 1119 dicit
937 1087 989 1119 se
1018 1072 1138 1119 scire
1165 1071 1439 1119 defendere.
1510 1072 1572 1119 Et
1596 1080 1788 1134 captato
1814 1080 2034 1134 tempore
2067 1070 2309 1134 superflue

557 1154 619 1201 ad
641 1153 737 1201 hoc
761 1153 1137 1215 improbandum
1156 1155 1435 1215 evagabitur
1460 1154 1676 1216 sophista
1699 1154 1750 1200 in
1774 1154 2083 1202 altercatione
2102 1152 2308 1215 garrula,

555 1243 602 1282 et
626 1243 820 1296 tempus
845 1234 1133 1296 utrobique2
1156 1235 1383 1282 inutiliter
1405 1235 1720 1297 expendetur.

623 1316 848 1363 Pseuslz's.
918 1315 1083 1364 Probo
1111 1317 1197 1363 tibi
1222 1332 1309 1378 per
1334 1317 1676 1364 deductionem
1701 1316 1763 1364 ad
1787 1315 2147 1373 inconvenienS,
2173 1314 2309 1378 quod

555 1398 926 1445 fundamentum
949 1406 1086 1445 tuum
1103 1399 1162 1446 sit
1180 1399 1490 1460 impossibile,
1511 1399 1624 1461 quia
1641 1407 1756 1445 tunc
1775 1405 2068 1460 sequeretur,
2093 1396 2228 1460 quod
2249 1396 2300 1443 in

556 1479 883 1542 quodcunque
901 1487 1062 1541 potest
1080 1479 1229 1538 DeuS‚
1249 1488 1409 1542 potest
1428 1482 1573 1527 etiam
1598 1488 1827 1537 creatura,
1847 1494 1959 1526 cum
1976 1478 2194 1541 potentia
2210 1477 2306 1525 Dei

556 1562 833 1608 terminatur
858 1561 993 1608 finito
1018 1562 1234 1608 maximo
1259 1562 1309 1608 in
1335 1562 1467 1623 quod
1491 1569 1666 1623 potest,
1692 1569 1740 1608 et
1763 1561 1944 1608 nedum
1974 1575 2123 1608 nemo
2141 1566 2311 1623 ⁴potest

556 1643 727 1690 melius
774 1642 931 1690 facere
973 1658 1121 1705 quam
1167 1642 1307 1690 facit3
1349 1643 1410 1690 de
1457 1643 1601 1691 facto.
1689 1642 1788 1690 Sed
1834 1657 1926 1690 nec
1965 1641 2103 1689 Deus
2147 1647 2312 1703 potest

558 1724 738 1772 salvare
777 1723 1027 1772 hominem
1063 1724 1138 1772 vel
1169 1725 1349 1787 juvare,
1387 1725 1478 1772 nisi
1515 1724 1576 1771 de
1612 1723 1741 1771 facto
1778 1723 1847 1771 sic
1883 1723 1986 1772 erit.
2057 1721 2156 1770 Sed
2190 1720 2309 1785 quid

558 1806 775 1854 stultius?
835 1805 963 1853 Cum
986 1805 1280 1853 Arzlvloteles⁴
1305 1806 1434 1853 dicat
1466 1821 1570 1854 esse
1602 1805 1845 1868 possibile,
1870 1818 2088 1867 pannum
2111 1802 2310 1851 lacerari

558 1887 631 1934 vel
657 1895 799 1949 caput
823 1887 1033 1935 hominis
1058 1887 1227 1949 frangi,
1254 1887 1471 1949 quamvis
1496 1902 1598 1934 non
1621 1887 1898 1934 necessario
1922 1886 1988 1933 ita
2005 1886 2106 1933 erit.
2177 1884 2309 1944 Quia

558 1968 692 2014 aliter
737 1975 903 2029 posset
949 1969 1147 2016 vitiosus
1180 1959 1507 2030 vprorumpere
1550 1967 1773 2015 faciendo
1817 1967 2051 2030 quidquid
2090 1966 2308 2024 voluerit,

559 2049 766 2096 dicendo
803 2050 854 2095 in
890 2049 999 2106 fine,
1026 2057 1077 2096 ut
1112 2057 1164 2096 tu
1200 2050 1510 2111 dogmafisas,
1537 2049 1671 2111 quod
1707 2064 1808 2097 non
1844 2046 2038 2111 posset⁵
2072 2063 2123 2096 se
2160 2064 2189 2096 a
2226 2048 2308 2095 tali

559 2145 705 2192 opere
732 2131 992 2178 continere.
1070 2130 1133 2179 Et
1158 2132 1196 2178 si
1231 2139 1282 2178 tu
1315 2131 1448 2188 dicis,
1475 2131 1608 2192 quod
1640 2130 1735 2178 hoc
1767 2131 1892 2178 male
1927 2130 2085 2188 fiebat,
2109 2130 2308 2178 vitiosus

561 2227 610 2259 se
635 2219 832 2259 excusat
858 2211 1080 2269 dicendo,
1106 2210 1183 2259 ut6
1218 2212 1344 2274 capit
1381 2228 1441 2259 ex
1469 2220 1554 2260 tuo
1590 2227 1841 2274 responso,
1877 2213 2011 2274 quod
2034 2212 2169 2260 Deus
2204 2226 2308 2259 non

560 2293 710 2355 possit
734 2307 854 2350 esse,
881 2293 972 2340 nisi
997 2293 1090 2340 hoc
1122 2293 1303 2341 malum
1336 2294 1522 2341 eveniat
1535 2309 1548 2353 ;
1593 2302 1639 2342 et
1664 2302 1820 2342 cessat
1845 2294 2006 2341 omnis
2029 2295 2207 2357 positio
2232 2293 2308 2342 vel

561 2374 799 2436 depositio
822 2375 873 2421 in
898 2383 998 2421 arte
1024 2375 1307 2437 obligatoria
1330 2377 1517 2423 usitata.

628 2455 900 2503 Phrenesis.
975 2455 1100 2514 Scio,
1126 2457 1260 2519 quod
1285 2457 1530 2520 sophistae
1555 2457 1771 2520 theologi
1795 2457 1871 2506 isti
1904 2458 2166 2506 sententiae
2191 2465 2307 2506 con-

559 2537 808 2594 tradicent,
836 2537 921 2584 sed
945 2538 1115 2584 vellem
1149 2538 1308 2585 videre
1345 2539 1632 2586 evidentiam
1669 2540 1731 2587 ad
1765 2540 1893 2588 istud
1928 2539 2182 2587 efficaciter
2215 2540 2306 2587 im-

558 2619 878 2681 probandum.
951 2619 1081 2666 Nam
1107 2621 1302 2682 quando
1336 2628 1388 2667 tu
1418 2622 1575 2683 primo
1609 2623 1827 2679 assumis,
1852 2621 1986 2684 quod
2010 2623 2222 2685 sequitur
2245 2637 2306 2671 ex

558 2700 664 2757 isto,
690 2707 737 2747 et
771 2699 959 2747 Deum⁷
982 2709 1029 2748 et
1065 2709 1330 2748 creaturam
1365 2703 1416 2749 in
1450 2704 1667 2764 potentia
1703 2704 1970 2765 coaequari,
2007 2711 2138 2765 patet
2173 2704 2307 2767 quod

558 2782 732 2829 falsum
751 2782 970 2840 assumis,
986 2782 1077 2829 nisi
1092 2782 1213 2830 forte
1233 2783 1593 2845 sophisticando
1613 2793 1659 2832 et
1677 2785 2041 2848 aequivocando
2061 2784 2305 2834 Christum

559 2862 722 2910 Deum
759 2871 806 2911 et
847 2863 1097 2911 hominem
1138 2866 1384 2912 vocaveris
1427 2874 1708 2915 creaturam.
1797 2865 1928 2912 Nam
1968 2866 2104 2914 Deus
2144 2875 2306 2929 potest

559 2944 778 2992 Verbum
815 2954 862 2992 et
899 2945 1128 3008 Spiritum
1167 2945 1399 2994 Sanctum
1436 2948 1498 2994 ad
1534 2947 1657 2994 intra
1692 2948 1975 3009 producere.
2047 2947 2143 2995 Sed
2178 2963 2304 3010 quae

560 3041 677 3087 pure
705 3025 943 3074 creatura⁸
967 3035 1128 3088 potest
1152 3028 1201 3073 in
1224 3029 1445 3075 tantum?
1503 3027 1638 3075 Deus
1662 3029 1806 3075 etiam
1830 3028 2053 3090 producit
2075 3029 2304 3078 universi-

560 3115 707 3154 tatem
728 3116 953 3166 creatam,
980 3108 1065 3156 sed
1085 3109 1200 3170 quid
1218 3116 1378 3171 potest
1397 3124 1447 3156 se
1473 3109 1631 3170 ipsum
1651 3109 1950 3171 producere?
1999 3109 2134 3158 Deus
2158 3112 2303 3159 etiam

560 3188 780 3250 producit
817 3191 1018 3248 animas,
1055 3191 1232 3253 gratias
1268 3198 1315 3237 et
1351 3199 1584 3253 tempora,
1610 3191 1697 3238 sed
1740 3206 1866 3254 quae
1906 3180 2051 3253 pure⁹
2087 3201 2305 3243 creatura

617 3362 628 3385 ¹
658 3363 863 3415 moderni]
885 3377 966 3404 om.
989 3365 1043 3403 D.
1244 3364 1260 3388 ²
1287 3366 1521 3419 utrobique]
1542 3367 1748 3414 utrolibet,
1771 3368 1824 3407 D.
2014 3369 2029 3391 ³
2056 3368 2173 3422 facit]
2194 3369 2303 3418 fecit,

563 3416 664 3455 A.B.
686 3419 886 3458 secundae
905 3432 1062 3464 manus,
1084 3420 1131 3459 C.
1333 3420 1347 3443 ⁴
1376 3422 1639 3474 Aristoteles]
1661 3422 1794 3474 primo
1815 3421 1988 3462 Periher.
2010 3423 2135 3463 Arist.
2157 3425 2220 3463 ed.
2240 3439 2302 3477 pr.

560 3470 574 3492 ⁵
603 3472 761 3523 posset]
783 3472 925 3523 possit,
946 3473 1099 3513 A.B.C.
1119 3474 1181 3513 ed.
1203 3487 1263 3527 pr.
1427 3475 1443 3498 ⁶
1471 3476 1536 3527 ut]
1559 3477 1680 3528 quod,
1702 3477 1756 3515 D.
1776 3478 1838 3517 ed.
1858 3490 1918 3529 pr.
2041 3477 2057 3501 ⁷
2083 3483 2125 3518 et
2145 3478 2302 3532 Deum]

564 3524 712 3568 Deum,
735 3526 787 3564 D.
808 3526 870 3565 ed.
891 3540 952 3578 pr.
1107 3529 1121 3550 ⁸
1150 3542 1249 3580 pure
1269 3530 1470 3583 creatura]
1491 3537 1673 3572 creatura
1692 3544 1805 3585 pura,
1826 3532 1979 3573 A.B.C.
2137 3532 2152 3555 ⁹
2181 3534 2302 3586 pure]

562 3590 675 3629 pura,
698 3579 798 3618 A.B.
820 3581 1020 3621 secundae
1040 3595 1195 3629 manus,
1217 3584 1264 3624 C.
