2456 4088
140 443 293 481 cin„
734 427 845 475 ΤΕ
862 426 953 475 [Α
977 428 1023 476 L
1047 428 1091 476 0
1112 427 1161 476 G
1186 425 1302 475 US.
1638 418 1643 423 ’
2033 439 2129 492 231

135 573 256 621 ergo
290 559 402 608 dico
437 561 538 619 tibi,
564 561 702 624 quod
738 560 958 610 Christus
994 560 1081 610 fuit
1115 562 1323 609 univoce
1357 559 1510 609 homo
1535 575 1647 609 cum
1683 559 1899 623 quolibet
1925 559 1931 626 Ι
1955 577 2098 639 {³33²OE
2109 583 2183 605 vere

135 639 231 688 alio
255 640 404 690 fratre
437 657 544 701 su0‚
569 651 617 691 et
646 658 735 706 per
768 658 1077 706 consequens
1110 643 1351 690 infinitum
1383 643 1555 690 melior
1579 642 1717 690 Deus
1750 657 1898 704 quarn
2051 630 2060 640 ’

134 720 304 781 homo,
329 731 378 772 et
402 724 469 772 ita
493 739 607 772 cum
630 724 708 772 ille
740 725 892 772 homo
925 725 1265 787 contingenter
1297 725 1358 772 sit
1390 725 1558 782 homo,
1583 724 1695 772 licet
1727 724 1898 770 huma-

134 803 261 857 nitas
296 819 386 852 sua
420 820 523 853 non
559 807 619 854 sit
654 806 883 854 accidens
909 806 1050 854 alicui
1074 814 1122 854 et
1150 806 1338 854 ratione
1374 806 1481 854 talis
1519 806 1898 873 contingentiae,

132 884 280 935 sicut¹
304 878 608 950 sophismata
629 895 714 936 tua
748 887 810 936 de
844 886 1022 936 Christi
1057 887 1356 935 humanitate
1381 888 1603 936 videntur
1638 886 1894 946 innuere²;

133 980 236 1014 non
276 974 442 1016 tamen
482 968 670 1017 videtur
709 969 829 1016 mihi
868 969 1004 1031 quod
1043 970 1092 1016 in
1127 969 1412 1017 melioritate
1447 969 1664 1016 humana
1699 969 1900 1017 creverit

133 1049 419 1108 successive,
445 1049 534 1098 sed
567 1065 658 1112 pro
694 1051 852 1113 primo
889 1050 1087 1098 instanti
1112 1065 1227 1098 suae
1252 1051 1598 1099 incarnationis
1623 1050 1711 1098 fuit
1747 1065 1900 1113 aeque

133 1129 298 1178 bonus
332 1129 500 1189 homo,
539 1131 660 1179 sicut
696 1131 867 1194 aliquis
902 1131 1081 1179 homo³
1114 1139 1284 1195 posset
1320 1147 1443 1180 esse.
1511 1131 1576 1180 Et
1613 1132 1682 1181 sic
1714 1133 1902 1180 ratione

133 1211 331 1260 unionis
359 1211 694 1275 hypostaticae
730 1220 778 1261 et
812 1213 1000 1261 ratione
1036 1213 1351 1276 plenitudinis
1374 1214 1602 1261 virtutum
1637 1221 1685 1262 et
1719 1214 1902 1276 gratiae

132 1293 321 1342 videtur
355 1294 488 1354 mihi,
514 1294 649 1358 quod
682 1303 799 1343 tunc
834 1295 924 1344 fuit
959 1280 1116 1358 aeque
1150 1296 1310 1344 bonus
1345 1295 1499 1343 homo
1536 1295 1659 1344 sicut
1683 1310 1903 1358 unquam

130 1375 466 1438 posmodum,
505 1384 942 1441 quantumcunque
985 1376 1243 1440 profecerit
1278 1376 1353 1424 vel
1396 1377 1596 1424 creverit
1631 1377 1682 1423 in
1717 1377 1902 1424 virtute.

133 1457 343 1507 Videtur
369 1465 536 1506 tamen
564 1458 696 1517 mihi,
735 1458 871 1521 quod
907 1474 936 1506 a
970 1459 1129 1522 primo
1167 1459 1364 1506 instanti
1402 1473 1518 1507 suae
1554 1458 1903 1506 incarnationis

134 1538 365 1588 inclusive
387 1554 544 1602 usque
570 1540 633 1588 ad
655 1540 842 1589 instans
867 1540 1035 1589 mortis
1061 1555 1191 1598 suae,
1216 1540 1390 1588 meruit
1414 1539 1503 1588 sibi
1529 1547 1576 1587 et
1601 1554 1690 1587 suo
1715 1540 1897 1603 generi,

133 1627 184 1669 et
207 1620 277 1668 sic
300 1619 587 1683 proficiebat
622 1629 777 1670 aetate
813 1630 862 1670 et
897 1622 1133 1684 sapientia
1169 1636 1335 1669 coram
1359 1620 1471 1669 Deo
1509 1628 1556 1668 et
1580 1618 1901 1680 hominibus4,

133 1711 238 1753 n'on
261 1704 422 1752 solum
448 1704 547 1752 suis
571 1703 810 1762 fratribus,
837 1704 925 1752 sed
949 1705 1094 1752 etiam
1121 1704 1210 1751 sibi
1235 1704 1342 1766 ipsi,
1370 1719 1482 1751 cum
1509 1704 1759 1765 apostolus
1787 1703 1905 1752 dicit

136 1785 201 1834 ad
237 1784 447 1849 Philipp.
483 1786 546 1845 ii„
587 1775 722 1849 quod
762 1786 983 1836 Christus
1032 1785 1187 1834 factus
1230 1794 1304 1833 est
1351 1786 1591 1834 obediens
1636 1801 1793 1848 usque
1842 1785 1905 1834 ad

136 1875 348 1915 mortem
365 1875 456 1916 etc.
527 1866 648 1916 Non
670 1875 836 1916 tamen
859 1867 1091 1930 intellig0,
1115 1867 1250 1929 quod
1276 1875 1437 1930 partes
1462 1868 1805 1930 quantitativae
1829 1865 1909 1914 vel

135 1949 401 2010 intensivae
418 1949 575 2000 meriti
591 1949 771 1998 Christi
789 1949 1098 2012 quaesierunt
1117 1949 1207 1997 sibi
1225 1948 1506 1997 humanitus
1524 1958 1685 2011 partes
1703 1949 1907 2012 praemii

133 2030 211 2080 vel
245 2030 426 2094 gaudii,
463 2030 551 2080 sed
591 2032 822 2082 continue
857 2038 1014 2079 totum
1050 2030 1285 2093 gaudium
1319 2038 1611 2079 meruerunt.
1684 2030 1794 2078 Nec
1830 2038 1904 2079 est

134 2112 272 2162 color
311 2112 447 2176 quod
486 2121 604 2162 tunc
647 2113 874 2161 meritum
917 2112 1095 2162 Christi
1137 2112 1398 2174 superfluit,
1443 2127 1557 2161 cum
1598 2128 1800 2162 necesse
1846 2113 1907 2162 sit

134 2193 384 2244 Christum
429 2203 588 2244 totum
635 2197 863 2244 meritum
909 2210 1053 2244 suum
1096 2195 1432 2257 complevisse.
1506 2194 1744 2244 Concedo
1787 2209 1906 2257 ergo

136 2277 237 2336 tibi,
275 2275 410 2341 quod
445 2275 668 2326 Christus
709 2286 782 2326 est
821 2286 1010 2326 tantum
1048 2277 1183 2324 finite
1223 2277 1386 2324 bonus
1422 2276 1590 2336 homo,
1627 2278 1728 2325 imo
1769 2276 1908 2339 quod

137 2366 303 2411 totum
347 2374 506 2424 genus
553 2374 695 2408 suum
742 2367 816 2407 est
856 2360 965 2422 ipso
1005 2359 1191 2416 meliuS,
1233 2367 1568 2407 verumtamen
1610 2373 1906 2422 quocunque

135 2438 338 2488 homine
363 2440 568 2503 signam,
589 2441 672 2503 qui
697 2454 799 2488 non
824 2447 898 2488 est
921 2440 1057 2487 multi
1081 2439 1320 2488 homines.
1391 2440 1456 2487 Et
1480 2441 1549 2488 sic
1576 2440 1638 2488 de
1662 2438 1904 2502 angelis⁶z

139 2520 361 2570 Christus
384 2529 457 2570 est
471 2521 750 2570 humanitus
774 2522 946 2569 melior
965 2535 1114 2583 quam
1139 2521 1309 2583 aliquis
1334 2521 1618 2570 eorundem.
1690 2521 1754 2569 Et
1777 2523 1904 2572 bene

139 2603 331 2662 novisti,
355 2603 490 2666 quod
514 2603 694 2665 duplex
719 2610 792 2650 est
814 2602 1007 2650 bonitas
1031 2602 1259 2659 hominis,
1285 2603 1464 2649 scilicet
1497 2603 1689 2652 bonitas
1720 2604 1903 2665 gratiae

138 2684 215 2734 vel
260 2692 486 2744 naturae;
547 2692 783 2747 quantum
832 2684 895 2732 ad
942 2683 1212 2731 bonitatem
1259 2683 1456 2744 gratiae,
1507 2683 1727 2732 Christus
1767 2683 1904 2732 Deus

139 2766 333 2815 excedit
380 2766 645 2829 quamlibet
686 2765 831 2813 aliam
875 2772 1173 2823 creaturam;
1227 2765 1359 2812 unde
1405 2765 1678 2813 secundum
1726 2766 1923 2828 modosx

138 2846 373 2910 loquendi
407 2855 689 2896 sanctorum
724 2846 977 2909 quodlibet
1011 2846 1288 2894 membrum
1325 2844 1502 2895 Christi
1539 2847 1714 2908 accipit
1752 2846 1904 2896 modo

140 2928 300 2977 subtili
324 2936 469 2992 atque
493 2928 699 2976 mirabili
732 2942 916 2975 nomen
949 2942 1106 2984 suum,
1130 2934 1183 2975 ut
1216 2926 1415 2989 quilibet
1446 2927 1552 2977 talis
1577 2942 1686 2975 vere
1723 2928 1906 2978 dicatur

143 3009 382 3062 Christus.
455 3009 554 3058 Sed
601 3009 665 3057 ad
712 3009 985 3058 tollendum
1031 3016 1140 3058 tuas
1188 3008 1438 3056 instantias
1480 3008 1728 3071 intelligess,
1771 3010 1907 3072 quod

145 3091 367 3142 Christus
392 3100 466 3140 est
489 3106 675 3140 nomen
700 3091 1056 3154 appellativum,
1084 3105 1141 3138 ac
1166 3090 1205 3137 si
1231 3090 1558 3137 intenderetur
1583 3091 1716 3152 quod
1741 3092 1908 3140 omnia

144 3173 366 3222 membra
405 3172 583 3222 Christi
624 3180 868 3235 ungantur
904 3172 1058 3234 gratia
1095 3170 1182 3218 ex⁷
1223 3171 1521 3234 plenitudine
1563 3171 1705 3234 hujus
1748 3171 1907 3222 fontis.

148 3253 272 3309 Ideo
312 3255 428 3303 dicit
469 3254 724 3318 Johannes
766 3254 816 3301 in
854 3253 1092 3316 principio
1137 3253 1210 3300 sui
1245 3252 1495 3314 evangelii,
1537 3253 1671 3314 quod
1709 3253 1769 3300 de
1804 3254 1909 3316 ejus

147 3396 150 3398 Ι
202 3415 217 3440 ¹
244 3414 370 3469 sicut]
391 3421 499 3463 sunt,
520 3415 584 3456 ed.
603 3429 664 3468 pr.
831 3415 846 3437 ²
875 3414 1063 3455 videntur
1083 3413 1270 3465 innuere]
1292 3427 1374 3453 om.
1395 3414 1459 3454 ed.
1480 3427 1541 3467 pr.
1717 3416 1731 3456 ³,
1760 3415 1908 3470 horno]

150 3481 236 3510 om.
258 3469 314 3510 D.
508 3468 524 3493 ⁴
553 3469 605 3511 cf.
621 3471 721 3510 Luc.
741 3469 783 3509 ii.
807 3479 872 3520 52.
1083 3468 1099 3491 ⁵
1126 3468 1196 3519 de]
1219 3481 1301 3507 om.
1323 3468 1430 3508 D.C.
1451 3469 1619 3520 primae,
1641 3469 1687 3509 B.
1710 3471 1911 3511 secundae

149 3536 310 3566 manus.
544 3524 560 3548 ⁶
588 3523 791 3576 intellige]
824 3522 1023 3574 intelligo,
1060 3522 1157 3562 B.C.
1397 3522 1410 3544 ⁷
1439 3522 1508 3575 ex]
1543 3529 1595 3569 et,
1633 3523 1679 3564 Β.
1712 3526 1911 3567 secundae

153 3590 312 3618 manus.
