2424 4120
362 419 468 470 412
1058 400 1483 465 JOANNIS
1552 401 1899 452 WICLIF
2219 422 2351 451 unz.

602 552 694 584 nec
742 537 792 583 in
840 535 1140 583 ornamentis
1189 544 1259 583 est
1306 535 1426 584 alius
1474 535 1684 598 populus
1730 535 1780 582 in
1822 550 1992 583 eorum
2038 536 2352 598 possessione

601 616 845 679 superflua
868 617 976 678 plus
1005 616 1308 674 habundanS‚
1336 631 1447 664 cum
1483 616 1668 664 domini
1700 616 2018 679 temporales¹
2043 631 2134 679 pro
2167 617 2353 679 guerris

600 706 647 746 et
687 698 973 746 defensione
1015 697 1266 760 potestatis
1306 697 1452 746 seculi
1492 696 1619 745 licite
1662 696 1844 745 habent
1882 698 1987 745 ista.
2057 696 2156 745 Sed
2197 697 2353 745 nostri

599 779 756 827 clerici
797 794 956 841 neque
998 779 1328 841 evangelizant
1366 779 1487 827 sicut
1529 779 1735 841 apostoli
1773 793 1933 841 neque
1968 786 2189 841 pugnant
2223 778 2348 826 sicut

600 860 839 909 seculares
865 860 1052 908 domini
1077 875 1237 923 neque
1262 861 1481 908 laborant
1504 867 1558 907 ut
1581 860 1802 922 operarii.
1874 859 1996 908 Ideo
2029 860 2079 907 in
2111 859 2352 908 contraria

599 942 849 1004 iniquitate
859 940 891 1001 ²,
917 957 1041 1004 quae
1078 951 1150 990 est
1182 942 1348 999 otium,
1376 950 1487 989 sunt
1522 942 1736 989 maxime
1771 942 2008 1003 occupati.
2079 939 2352 999 Quomodo

599 1037 717 1084 ergo
742 1037 845 1070 non
869 1022 991 1070 foret
1020 1023 1347 1070 necessarium
1382 1023 1515 1085 ipsis,
1550 1023 1762 1070 seculare
1800 1022 2088 1080 dominium,
2113 1021 2248 1084 quod
2280 1029 2354 1070 est

599 1104 796 1152 occasio
820 1105 940 1152 tanti
974 1104 1179 1161 sceleris,
1205 1105 1524 1166 praecavere?
1582 1102 1646 1151 Et
1669 1104 1788 1151 istos
1825 1103 1949 1151 duos
1974 1110 2132 1151 textus
2158 1102 2220 1150 de
2242 1102 2351 1164 lege

599 1186 747 1233 veteri
778 1186 933 1248 adjeci
958 1201 1070 1233 cum
1103 1186 1254 1234 tribus
1277 1184 1533 1247 praedictis
1557 1184 1746 1246 legibus
1770 1185 1820 1231 in
1845 1183 2040 1246 vulgari,
2065 1192 2118 1232 ut
2140 1183 2355 1246 populus

600 1267 816 1329 quinque
852 1267 1060 1329 panibus
1094 1266 1394 1325 hordeaceiS,
1437 1266 1560 1315 sicut
1595 1266 1646 1313 in
1682 1266 1866 1329 primo⁸
1902 1265 2081 1315 Christi
2116 1265 2354 1323 convivio,

601 1348 728 1397 foret
752 1357 939 1412 pastuS.

1352 1693 1510 1742 CAP.
1537 1693 1602 1742 II.

752 1820 1045 1884 Argumenta
1068 1837 1234 1881 eorum,
1259 1824 1345 1884 qui
1363 1823 1628 1870 dotationem
1651 1838 1681 1869 a
1704 1822 1822 1869 clero
1830 1820 1960 1885 juste
1981 1827 2207 1884 acceptam

1127 1919 1219 1951 esse
1241 1905 1522 1962 contendunt,
1548 1904 1827 1969 refutantur.

313 2049 469 2090 mentia·
673 2031 994 2096 Consequens
1014 2041 1084 2082 est
1107 2034 1283 2093 videre,
1304 2034 1556 2096 quomodo
1582 2034 1849 2082 evidentiae
1869 2033 2024 2082 factae
2042 2033 2092 2080 in
2116 2032 2356 2096 principio

290 2118 479 2179 „Osttae‘iggeg‘
499 2159 517 2179 a
605 2123 717 2163 sunt
751 2115 1024 2163 solvendae.
1094 2115 1158 2163 Et
1191 2115 1571 2178 supponendum
1596 2123 1667 2163 est
1691 2116 1865 2176 primo,
1889 2122 1942 2162 ut
1972 2121 2106 2177 patet
2129 2129 2190 2162 ex
2214 2114 2357 2162 dictis

290 2193 546 2247 {Zfflitur.en’
605 2197 730 2255 alibi,
755 2196 890 2259 quod
925 2197 1002 2245 isti
1037 2204 1262 2259 quattuor
1286 2204 1422 2244 actus
1458 2204 1570 2244 sunt
1606 2197 1829 2254 distincti,
1867 2196 2046 2244 scilicet
2082 2195 2204 2244 scire
2246 2209 2354 2244 cre-

606 2279 719 2327 dere
771 2285 993 2340 reputare
1040 2278 1115 2325 vel
1169 2293 1445 2340 supponere
1500 2286 1547 2326 et
1602 2278 1832 2326 dubitare.
1927 2276 2044 2336 Quo
2092 2277 2350 2340 supposito

605 2360 788 2408 videtur
812 2360 929 2408 mihi
952 2361 1284 2423 propinquum
1317 2360 1428 2408 fidei
1461 2361 1559 2408 sive
1591 2360 1727 2418 fideS‚
1753 2360 1888 2423 quod
1920 2375 2093 2409 omnes
2125 2359 2284 2408 clerici
2308 2366 2357 2408 et

605 2442 870 2504 specialiter
900 2443 1100 2504 praelati
1141 2442 1374 2490 ecclesiae
1408 2442 1586 2490 debent
1619 2442 1775 2489 vivere
1816 2441 2191 2504 exproprietarie
2226 2441 2349 2489 sicut

605 2521 840 2582 Christus,
859 2531 907 2570 et
930 2538 1016 2585 per
1039 2523 1202 2571 locum
1227 2538 1257 2570 a
1279 2523 1451 2586 majori
1476 2524 1598 2581 sicut
1621 2523 1843 2571 vixerunt
1867 2522 2146 2572 sacerdotes
2165 2521 2356 2570 Veteris

605 2603 923 2652 Testamenti.
995 2603 1203 2652 Secundo
1236 2605 1422 2653 videtur
1456 2604 1574 2652 mihi
1610 2605 1862 2667 probabile
1897 2620 1959 2652 ex
1994 2603 2185 2664 effectu,
2221 2603 2357 2672 quod

604 2700 777 2733 omnes
801 2693 964 2748 patres
995 2686 1116 2748 legis
1148 2686 1344 2748 gratiae,
1371 2687 1470 2734 sive
1504 2701 1662 2749 papae
1697 2687 1795 2734 sive
1827 2685 1981 2734 sancti
2006 2685 2247 2744 doctoreS,
2272 2684 2356 2748 qu'i

604 2766 901 2815 admiserunt
924 2767 1227 2815 dotationem
1258 2767 1491 2816 ecclesiae
1524 2767 1599 2815 vel
1631 2774 1984 2815 consenserunt
2013 2766 2079 2814 illi
2103 2766 2355 2823 dotationi,

603 2849 807 2909 graviter
834 2856 1169 2911 peccaverunt,
1197 2849 1309 2911 quia
1342 2855 1511 2896 contra
1543 2848 1703 2910 legem
1726 2847 1821 2896 Dei
1852 2845 1978 2896 tam⁴
2008 2848 2059 2895 in
2089 2847 2197 2910 lege
2229 2862 2357 2896 nova

604 2944 751 2992 quam
774 2931 920 2978 veteri
944 2930 1247 2992 deliquerunt
1255 2929 1285 2978 ⁵.
1357 2929 1519 2977 Etiam
1543 2930 1674 2976 tertio
1697 2928 1882 2976 videtur
1905 2928 2022 2976 mihi
2045 2928 2355 2991 probabiliter

604 3012 997 3075 supponendum,
1040 3010 1175 3074 quod
1216 3010 1353 3058 multi
1393 3010 1547 3059 sancti
1590 3009 1829 3067 doctoreS,
1873 3010 1956 3072 qui
1998 3009 2235 3058 dotationi
2276 3010 2354 3057 isti

605 3102 971 3151 consenserunt,
1014 3100 1126 3140 ante
1173 3099 1382 3140 mortem
1424 3106 1578 3150 suam,
1621 3106 1682 3138 ex
1724 3090 1818 3139 Dei
1858 3091 2011 3153 gratia
2051 3091 2163 3139 licet
2209 3093 2354 3139 nobis

605 3175 903 3233 abscondite,
940 3182 1055 3222 sunt
1089 3173 1296 3236 purgati,
1333 3173 1447 3235 quia
1481 3173 1703 3220 veritates
1743 3172 2064 3235 evangelicae,
2102 3186 2227 3234 quae
2267 3182 2355 3235 per

606 3256 832 3305 doctores
857 3255 964 3304 illos
990 3263 1101 3303 sunt
1127 3255 1313 3313 doctae,
1340 3262 1386 3302 et
1411 3253 1561 3302 multa
1583 3254 1716 3301 bona
1740 3268 1893 3316 opera
1921 3253 1982 3302 de
2007 3268 2202 3316 genere,
2226 3267 2353 3316 quae

590 3434 600 3447 -·
662 3421 676 3445 1
707 3419 879 3459 Domini
900 3418 1166 3473 temporales]
1189 3418 1435 3470 temporales
1455 3418 1623 3463 domini,
1643 3417 1774 3457 a.b.C.
2014 3415 2031 3439 ²
2058 3415 2292 3468 iniquitate]
2309 3415 2351 3455 in

607 3474 834 3526 iniquitate,
855 3474 903 3514 C.
1219 3473 1234 3496 ³
1262 3472 1417 3525 primo]
1438 3472 1707 3516 sanctissimo,
1729 3471 1802 3516 C.;
1834 3470 1885 3511 cf.
1907 3470 2060 3512 Matth.
2079 3470 2157 3511 xiv.
2182 3480 2247 3522 15,
2267 3481 2354 3522 sqq.

577 3579 580 3592 ι
608 3528 621 3550 ¹
651 3527 756 3579 tam]
778 3541 881 3575 eam,
904 3529 953 3568 C.
1115 3527 1130 3551 ⁵
1160 3526 1436 3579 deliquerunt]
1459 3526 1754 3578 delinquerunt,
1777 3526 1824 3565 C.
