2424 4120
113 390 265 430 aaa
704 374 998 427 TRJAL
1022 377 1135 429 OG
1161 377 1280 428 US.

12 535 15 537 >
52 561 65 572 J
112 505 353 564 nationem
374 507 496 557 boni
518 516 600 561 aut
623 508 857 571 eligimus,
884 522 996 558 cum
1019 519 1185 560 tamen
1208 512 1423 562 damnati
1451 513 1632 563 habent
1655 514 1864 577 gratiose

32 579 43 609 '²'
112 602 147 638 ι
175 586 402 644 ,Domino
441 589 594 660 multa
631 591 779 639 bona.
864 590 987 640 Ideo
1028 593 1342 657 intelligendo
1384 596 1588 644 modum
1630 595 1863 659 loquendi

55 723 58 727 ,
107 671 497 734 comparativum
520 687 623 720 non
645 673 934 736 implicative
959 675 1047 723 secl
1080 677 1316 739 negative,
1342 678 1716 727 concedendum
1748 678 1866 726 mihi

15 804 18 806 ,
47 754 58 798 ζ
109 751 312 812 uidetur,
349 753 484 817 quod
517 753 769 817 eligibilius
803 763 879 804 est
914 756 1154 806 damnatis
1190 758 1258 806 sic
1292 773 1414 817 esse,
1453 775 1601 822 quam
1637 761 1762 808 foret
1797 761 1868 808 eis

106 844 218 887 mn
250 849 358 885 esse
390 835 681 899 simpliciter.
752 836 1106 888 Verumtamen
1138 839 1259 888 sicut
1291 840 1524 904 concipis,
1558 840 1693 903 quod
1724 841 1866 903 quid-

6 939 9 947 =
40 946 59 975 5
108 915 233 982 ,quid
271 917 391 965 boni
426 917 551 967 foret
585 918 759 967 melius
794 919 954 968 inesse
989 921 1144 970 beatis
1179 936 1327 984 quam
1363 923 1480 985 ipsis
1517 922 1703 981 deesse,
1741 923 1866 970 inest

62 1040 66 1043 .
108 997 218 1057 illis,
247 998 334 1062 „sic
373 998 527 1051 debes
568 1001 844 1064 concipere,
886 1002 1020 1065 quod
1065 1003 1302 1066 quidquid
1348 1004 1462 1051 mali
1503 1019 1696 1067 poenae
1743 1004 1867 1052 foret

44 1107 48 1146 5
109 1079 368 1145 poenalius
414 1080 575 1130 inesse
630 1081 873 1133 damnatis
918 1099 1069 1147 quam
1116 1085 1186 1133 eis
1233 1084 1417 1144 deesse,
1466 1086 1583 1134 illud
1628 1094 1866 1148 perpetuo

55 1213 57 1225 2
109 1159 236 1215 Πιθεῖ
258 1161 350 1220 illis
363 1177 377 1222 ;
419 1169 468 1210 et
492 1162 561 1211 sic
590 1162 815 1212 dicuntur
846 1163 1024 1213 habere
1049 1174 1286 1228 perpetuo
1322 1168 1711 1230 permanentiam
1746 1182 1867 1230 poe-

104 1242 340 1302 nalitatis·
370 1244 492 1293 sicut
515 1243 709 1296 ‚habent
743 1258 959 1309 poenam
996 1247 1162 1296 damni
1199 1263 1311 1296 cum
1347 1263 1510 1311 poena
1542 1262 1718 1297 sensus
1754 1249 1869 1297 satis

46 1354 56 1390 5
106 1333 252 1392 acuta
285 1326 337 1375 in
371 1326 442 1375 eis
475 1334 714 1390 perpetuo
750 1328 984 1388 stabilita;
1038 1344 1130 1381 nec
1166 1329 1348 1379 habent
1383 1330 1771 1378 consolationem
1805 1332 1885 1377 ex'

49 1443 51 1447 .
103 1421 200 1462 sua
237 1414 407 1455 mutua
446 1408 657 1467 caritate,
695 1410 784 1458 sed
821 1410 1176 1459 desolationem
1211 1427 1273 1459 ex
1308 1411 1387 1460 illa
1420 1411 1676 1462 maledicta
1712 1411 1867 1459 socie-

48 1555 51 1558 „
106 1496 219 1544 tate.
273 1487 563 1561 ,Horrorem
591 1499 754 1540 autem
785 1492 1131 1556 imaginatum1
1165 1493 1226 1541 de
1257 1508 1433 1556 poena·
1453 1509 1625 1542 sensus
1657 1494 1867 1542 existen-

105 1571 231 1624 tium
275 1571 329 1620 in
373 1571 564 1621 inferno
610 1572 690 1621 hic
737 1574 942 1631 dimitto,
991 1574 1106 1637 quia
1152 1575 1314 1623 deficit
1360 1575 1479 1623 mihi
1525 1576 1696 1624 efficax
1743 1576 1867 1623 illius

40 1698 43 1699 γ
106 1666 302 1716 poenae
341 1654 580 1716 probati0‚
615 1669 729 1703 cum
763 1655 949 1704 videtur
983 1656 1100 1703 mihi
1136 1656 1354 1704 sufficere
1390 1658 1636 1720 impositio
1671 1665 1719 1706 et
1754 1673 1867 1721 pro-

106 1734 240 1783 batio
265 1750 458 1798 poenae
484 1735 656 1785 dictae.
714 1735 823 1785 Nec
844 1737 1013 1786 dubito
1039 1738 1156 1800 quin
1176 1752 1384 1800 corpora
1404 1738 1747 1787 damnatorum
1766 1754 1868 1787 non

108 1823 249 1869 erunt
271 1832 334 1865 ex
364 1817 478 1880 igne
509 1824 611 1868 tam
644 1817 802 1867 calido
827 1818 1075 1877 dissoluta,
1101 1818 1188 1867 sed
1211 1819 1364 1868 multa
1391 1821 1538 1867 verba
1570 1820 1683 1869 fidei
1716 1822 1868 1884 scrip-

39 1959 44 1964 .
107 1905 244 1947 turae
267 1906 460 1962 oportet
483 1894 600 1949 sahe
624 1900 905 1963 intelligere,
926 1909 979 1949 ut
1003 1901 1138 1964 quod
1159 1901 1379 1950 Christus
1403 1902 1517 1951 dicit
1542 1903 1713 1951 Matth.
1740 1904 1835 1950 xiii.
1856 1919 1866 1951 :

110 1983 126 2007 ‘
138 1980 206 2030 ibi
250 1981 341 2030 erit
378 1980 521 2030 fletus
567 1989 616 2030 et
661 1981 839 2030 stridor
880 1981 1128 2042 dentium‚'
1171 1984 1285 2046 quia
1333 1984 1549 2032 damnati
1595 1986 1869 2033 transibunt

15 2055 56 2121 ,ζ’
109 2062 174 2112 ab
205 2063 344 2126 aquis
376 2062 585 2111 nivium²
608 2063 673 2112 ad
704 2063 916 2127 calorem
949 2065 1168 2123 nimium,
1195 2072 1242 2113 et
1271 2065 1406 2128 quod
1439 2065 1654 2115 damnati
1687 2066 1868 2115 habent

38 2138 44 2198 ’ζ
108 2159 317 2208 corpora
349 2145 580 2194 continue
615 2145 824 2195 lacerata
860 2154 908 2194 et
946 2140 1175 2194 continue
1210 2147 1480 2209 poenaliter
1514 2148 1716 2207 reunita‚
1754 2164 1868 2197 cum

108 2226 272 2276 multis
303 2227 443 2277 dictis
477 2227 713 2277 similibus
743 2227 806 2276 ad
830 2228 1108 2276 terrendum
1139 2229 1325 2277 viantes
1358 2228 1582 2278 incedere
1606 2245 1694 2292 per
1739 2232 1867 2278 viam

49 2295 54 2307 ²
109 2308 369 2357 ducentem
402 2308 466 2357 ad
487 2308 710 2359 Tartara.
782 2308 907 2357 Mihi
942 2317 1104 2357 autem
1136 2309 1336 2368 videtur,
1363 2325 1476 2358 cum
1513 2311 1717 2359 sufficiat
1745 2312 1866 2359 veri-

45 2379 48 2390 ’
107 2397 184 2440 tas
229 2391 488 2440 verborum
534 2390 884 2439 exhortationis
930 2390 1225 2454 hujusmodi,
1273 2399 1322 2439 et
1370 2392 1439 2440 sic
1485 2393 1671 2441 acutius
1716 2408 1866 2456 quam

105 2470 311 2522 'verbum
356 2471 560 2522 falsum⁸
605 2471 761 2520 taliter
807 2471 988 2531 fictum,
1037 2471 1172 2535 quod
1217 2473 1418 2520 verbum
1465 2475 1658 2522 verum*
1704 2482 1751 2522 et
1799 2476 1866 2524 sic

2 2546 35 2606 ἷῑ
103 2562 306 2605 acutum
340 2555 403 2603 sit
436 2553 760 2603 exhortative‘⁵
795 2553 1069 2613 dicendum,
1107 2562 1154 2601 et
1187 2555 1390 2602 verbum
1425 2554 1600 2602 salsum
1635 2556 1864 2618 phantas-

109 2636 261 2687 ticum
291 2635 621 2704 reticendum.
709 2634 980 2695 Quomodo
1029 2643 1193 2684 autem
1242 2636 1458 2684 damnati
1505 2645 1606 2685 tam
1658 2653 1864 2701 corpore

101 2733 261 2788 quam
301 2718 524 2768 sensibus
563 2717 841 2781 puniuntur,
877 2717 1063 2766 videtur
1100 2717 1219 2765 mihi
1254 2718 1519 2781 probabile,
1556 2720 1692 2782 quod
1726 2721 1864 2769 radix

107 2811 301 2867 poenae
325 2791 496 2850 eor‘um
520 2799 739 2848 consistit
762 2800 812 2847 in
846 2815 934 2848 sua
964 2814 1129 2862 poena
1161 2799 1341 2858 damni,
1366 2807 1415 2848 et
1438 2801 1620 2849 habent
1644 2801 1864 2850 dolorem

0 2863 46 2946 fj'f
106 2880 319 2934 birinum
359 2883 423 2932 ab
462 2882 627 2930 anima
667 2882 731 2930 ad
773 2882 991 2944 singulos
1034 2897 1203 2931 sensus
1245 2897 1375 2941 suOS‚
1417 2892 1466 2931 et
1505 2884 1572 2932 ita
1611 2885 1720 2933 licet
1760 2899 1863 2933 non

108 2964 319 3031 sentiant
352 2964 715 3027 corruptionem
750 2970 833 3012 aut
868 2963 1238 3012 dissolutionem
1276 2965 1349 3012 sui
1384 2967 1615 3028 corporis,
1653 2967 1864 3015 sentiunt
1941 2978 1946 2983 “

106 3045 300 3117 tunen⁶
326 3045 686 3111 displicentiam
720 3046 772 3094 in
804 3046 902 3094 suis
940 3045 1162 3094 sensibus
1198 3046 1308 3108 plus
1345 3062 1492 3109 quam
1527 3048 1758 3110 possibile
1791 3057 1864 3097 est

72 3172 85 3198 Δ)
104 3126 320 3193 ιξὶιῑυθῐιι
343 3127 422 3176 hic
445 3129 647 3188 sentire;
685 3136 733 3176 et
757 3127 890 3175 illum
914 3127 1146 3175 effluxum
1166 3127 1346 3176 doloris
1370 3129 1432 3176 ab
1451 3129 1639 3177 anima⁷
1662 3129 1864 3178 credunt

32 3199 47 3234 1·-
108 3203 310 3276 quidam
346 3209 593 3259 Christum
627 3225 802 3259 vocare
840 3209 1063 3268 ‘fletum,'
1101 3217 1148 3258 et
1192 3210 1411 3258 dolorem
1449 3210 1509 3258 de
1546 3212 1862 3274 perpetuitate

45 3404 50 3414 .,
111 3374 119 3378 ’·
163 3367 181 3395 ²
203 3366 219 3378 ‘
321 3366 332 3378 ⁶
389 3366 498 3420 tum]
519 3371 774 3420 magnatum,
793 3367 856 3408 ed.
875 3380 939 3420 pr.
1269 3367 1287 3391 ²
1313 3367 1489 3421 nivium]
1510 3369 1694 3415 nimium,
1714 3369 1778 3409 ed.
1800 3383 1862 3422 pr.

38 3420 70 3475 f,
109 3420 127 3450 ⁸
150 3421 300 3465 Eleum
342 3434 485 3463 verum
504 3420 665 3467 salsum,
685 3422 748 3461 ed.
768 3435 830 3474 pr.
941 3420 957 3444 ⁴
984 3422 1154 3462 verbum
1176 3423 1336 3475 verum]
1358 3423 1527 3463 verbum
1547 3436 1689 3463 verum
1708 3423 1862 3470 fictum,

2 3482 6 3518 ἶ
33 3468 54 3521 ’ἶ
107 3475 174 3519 d.
190 3489 254 3532 pr.
380 3475 397 3500 ⁶
424 3475 697 3528 exhortative]
719 3475 1015 3522 exhortatione,
1035 3476 1099 3516 ed.
1123 3489 1185 3528 pr.
1373 3478 1389 3500 ⁸
1417 3475 1575 3530 tamen]
1597 3491 1694 3525 non,
1716 3478 1779 3518 ed.
1801 3491 1861 3531 pr.

7 3542 10 3544 ’
35 3551 54 3594 j
106 3527 126 3555 ¹
151 3530 208 3574 ab
224 3529 384 3583 anima]
405 3529 578 3576 animae,
599 3530 758 3570 A.B.C.

170 3594 478 3649 ''r-nummis
944 3613 978 3647 n
1003 3600 1035 3648 d

1925 1511 1982 1643 §0229

2000 392 2103 443 401
