2436 4094
126 419 304 487 caan.
759 433 1331 486 TRIALOGUS.

155 565 335 616 modus
367 567 606 631 pessimus
629 568 741 618 Deo
776 583 894 629 su03
938 570 1038 619 imo
1062 569 1200 619 Deus
1226 570 1286 620 de
1311 570 1440 620 facto
1465 585 1566 619 non
1596 570 1721 620 foret
1752 570 1916 635 justus

154 646 231 695 vel
261 646 398 697 Deus
410 664 424 709 3
461 657 510 698 et
533 665 646 698 cum
669 651 775 700 talis
806 651 969 700 volitio
1002 653 1061 700 sit
1092 652 1416 716 injustissima,
1441 661 1572 716 patet
1606 653 1740 717 quod
1774 653 1912 701 radix

153 729 343 793 peccati
381 730 588 780 invidiae
629 733 952 796 multipliciter
993 742 1065 782 est
1106 750 1344 797 perversa.
1423 735 1542 783 Non
1579 737 1711 784 enim
1756 736 1914 794 vide0,

153 811 408 875 quomodo
448 814 557 877 quis
594 822 754 877 potest
794 830 998 878 peccare
1035 817 1294 875 actualiter,
1337 818 1430 866 nisi
1470 817 1707 881 implicite·
1743 826 1916 881 peccet

153 892 347 944 invidia.
414 893 480 943 Et
503 903 635 959 patet
659 896 794 960 quod
817 912 941 960 vaga
964 898 1194 960 cogitatio
1219 906 1266 946 et
1289 899 1604 961 impossibilis
1629 908 1702 948 est
1726 900 1917 963 pericu-

151 973 261 1023 losa
299 975 555 1036 viantibuS,
595 993 708 1026 curn
755 978 871 1026 sub1
913 979 994 1027 tali
1041 980 1336 1043 cogitatione
1383 979 1504 1029 falsa
1550 990 1717 1044 posset
1763 981 1916 1030 homo

152 1056 354 1106 faciliter
377 1057 523 1122 figere
556 1060 839 1123 appetitum,
865 1068 912 1108 et
936 1061 1005 1109 sic
1038 1076 1090 1109 se
1113 1061 1276 1124 ipsum
1308 1062 1623 1126 indisponere
1656 1064 1719 1112 ad
1753 1064 1915 1112 dicen-

152 1139 270 1188 dam
293 1139 422 1188 illam
445 1148 634 1204 partem
658 1142 890 1190 orationis
915 1132 1235 1191 Dominicae:
1286 1148 1297 1168 ‘
1316 1145 1399 1192 fiat
1422 1145 1643 1194 voluntas
1677 1153 1759 1194 tua
1791 1146 1916 1195 sicut

149 1220 205 1269 in
227 1221 368 1270 coelo
383 1230 440 1271 ⁴et
464 1223 517 1270 in
540 1223 719 1272 terra².'
790 1223 855 1272 Et
879 1225 939 1272 de
963 1225 1139 1274 talibus
1163 1226 1298 1274 vanis
1330 1227 1829 1289 interpretationibus³
1852 1243 1913 1276 ex

151 1303 498 1367 imaginatione
522 1304 738 1354 indebita
761 1306 1151 1369 procedentibus,
1172 1309 1391 1371 quamvis
1415 1309 1526 1357 finis
1550 1318 1747 1373 propter
1764 1324 1914 1373 quem

150 1385 268 1436 talia
306 1394 488 1450 appeto
530 1387 590 1435 sit
631 1387 899 1447 laudabilis,
940 1389 1090 1437 timeo
1132 1390 1251 1437 mihi
1293 1391 1539 1440 multum&
1628 1391 1741 1440 Scio
1781 1392 1914 1440 enim

151 1467 288 1532 quod
311 1467 470 1517 debeo
494 1469 790 1518 intellectum
808 1478 856 1519 et
880 1472 1227 1534 cogitationem
1251 1488 1413 1520 meam
1433 1473 1497 1521 ad
1515 1472 1679 1521 Deum
1703 1482 1750 1523 et
1774 1489 1913 1523 suam

149 1564 316 1600 veram
356 1549 591 1599 fabricam
630 1552 903 1611 terminare,
946 1561 995 1602 et
1035 1568 1138 1602 non
1179 1554 1229 1602 in
1270 1555 1444 1603 talibus
1486 1555 1913 1618 imaginationibus

23 1609 31 1626 '¹
76 1641 78 1643 ’
149 1632 533 1696 imPossibilibus
555 1635 761 1697 evagari,
786 1643 834 1684 et
858 1650 956 1699 quo
982 1636 1045 1684 ad
1067 1636 1234 1684 omnia
1258 1636 1416 1684 futura
1440 1652 1565 1700 quae
1593 1637 1830 1696 desidem,
1851 1637 1914 1686 ad

149 1715 433 1764 volitionem
468 1724 515 1765 et
556 1716 915 1765 ordinationem
952 1718 1164 1766 divinam
1198 1718 1305 1781 ipsa
1345 1718 1585 1767 humiliter
1625 1721 1911 1780 terminare3

150 1804 199 1846 et
245 1797 315 1846 sic
361 1812 451 1861 per
489 1813 705 1847 errorem
751 1799 803 1846 in
850 1799 1095 1862 cognitiva
1140 1801 1371 1863 potentia,
1415 1802 1641 1850 seductor
1689 1801 1914 1850 diabolus

150 1893 339 1928 errores
370 1879 556 1943 peccati
588 1880 640 1928 in
671 1882 889 1944 potentia
919 1881 1112 1930 volitiva
1144 1882 1450 1931 callidissime
1482 1883 1781 1933 introducit⁵.
1851 1884 1916 1932 Et

149 1961 264 2010 ideo
298 1962 628 2012 necessarium
663 1970 736 2012 est
771 1963 834 2012 ab
869 1961 1150 2027 hujusmodi
1185 1964 1565 2028 impossibilibus
1601 1966 1794 2029 penitus
1829 1967 1915 2014 ab·

150 2039 367 2093 stinere⁶.

867 2317 1026 2368 CAP.
1063 2318 1208 2367 XIII.

931 2449 1140 2501 Caritas.

220 2573 424 2623 Alithia.
493 2572 732 2634 Quamvis
755 2574 846 2623 ista
869 2575 963 2623 sint
985 2576 1190 2624 breviter
1215 2574 1344 2624 dicta
1376 2582 1424 2624 et
1456 2590 1557 2638 quo
1581 2575 1645 2624 ad
1678 2576 1912 2624 sermoci-

152 2656 403 2705 nationes⁷
419 2656 564 2704 nimis
587 2656 832 2715 subtiliter,
850 2664 1184 2705 verumtamen
1203 2657 1395 2721 placent
1419 2658 1552 2716 mihi,
1574 2673 1686 2705 cum
1706 2657 1908 2706 faciliter

152 2737 381 2803 possum⁸
405 2737 648 2802 applicare
681 2738 906 2801 exempla
937 2739 1172 2788 naturalia
1204 2747 1251 2787 et
1283 2740 1542 2802 scripturas
1574 2739 1639 2788 ad
1671 2739 1912 2788 detestan-

154 2821 275 2870 dum
314 2820 411 2870 hoc
446 2820 626 2868 vitium.
699 2819 798 2869 Sed
837 2835 961 2884 rogo
1003 2820 1138 2869 dicas
1180 2819 1378 2884 parum⁹
1414 2821 1476 2869 de
1517 2821 1727 2880 caritate,
1763 2831 1928 2884 quam*

153 2902 276 2962 dicis
298 2902 410 2951 huic
434 2910 638 2966 peccato
648 2902 683 2929 ¹⁰
705 2902 892 2966 opponi
926 2902 1176 2951 contrarie.
1247 2901 1452 2950 Videtur
1485 2911 1649 2951 tamen
1680 2903 1797 2950 mihi
1822 2903 1912 2950 mi-

59 3027 64 3039 ,
152 2985 314 3045 rabile,
349 3000 464 3034 cum
506 2984 678 3033 caritas
719 2992 766 3032 et
800 2985 954 3048 gratia
989 2992 1343 3043 convertuntur,
1380 2984 1710 3048 quodcunque
1747 2993 1911 3033 autem

152 3074 410 3132 peccatum
434 3066 614 3115 directe
639 3067 957 3115 contrariatur
980 3067 1161 3130 gratiae
1187 3075 1233 3115 et
1257 3082 1345 3130 per
1369 3082 1679 3130 consequens
1712 3067 1911 3126 caritati,

152 3148 407 3214 quomodo
448 3163 567 3212 ergo
604 3148 782 3197 invidia
822 3148 1021 3198 haberet
1062 3149 1331 3212 specialiter
1372 3149 1619 3198 caritatem
1659 3149 1749 3197 sibi
1791 3164 1911 3198 con-

150 3231 346 3281 trariam
360 3232 379 3280 ?
1654 3241 1660 3247 ·

210 3332 227 3357 ¹
253 3333 348 3384 sub]
367 3345 501 3386 super,
521 3332 577 3373 D.
598 3332 662 3373 ed.
682 3345 745 3385 pr.
912 3331 928 3356 ²
955 3331 1242 3384 sicut—terra]
1265 3344 1348 3372 om.
1369 3330 1525 3373 A.B.C.
1545 3331 1609 3372 ed.
1629 3344 1691 3384 pr.
1802 3331 1818 3355 ³
1846 3331 1906 3373 in·

153 3387 534 3441 terpretationibus]
550 3386 926 3440 imprecationibus,
946 3386 1000 3426 A.
1171 3385 1187 3409 ⁴
1213 3386 1408 3448 multum]
1430 3386 1473 3425 in
1493 3392 1665 3432 tantum,
1686 3385 1741 3426 D.
1762 3386 1826 3428 ed.
1845 3400 1908 3440 pr.

152 3441 170 3466 ⁸
196 3441 439 3494 introducit]
465 3441 651 3488 seminat,
672 3441 829 3482 A.B.c.
1005 3441 1021 3464 ⁶
1050 3442 1104 3481 Et
1123 3440 1496 3493 ideo—abstinere]
1522 3441 1640 3481 Haec
1658 3442 1783 3481 verba
1798 3442 1910 3482 solus

154 3497 285 3537 codex
295 3496 421 3537 habet
435 3497 489 3536 D.
614 3496 630 3519 ⁷
659 3495 1040 3548 sermocinationes]
1054 3495 1413 3541 sermocionantes,
1427 3495 1490 3535 ed.
1503 3508 1563 3548 pr.
1675 3496 1691 3519 ⁸
1718 3496 1914 3551 possum]

152 3563 386 3604 possumus,
406 3550 480 3597 Β.;
510 3551 678 3605 possim,
699 3550 755 3591 D.
911 3551 928 3575 ⁹
954 3550 1120 3605 parum]
1143 3563 1287 3604 parum
1306 3548 1494 3604 amplius,
1516 3550 1627 3592 A.D.
1758 3550 1789 3575 ¹⁰
1813 3564 1908 3606 pec·

155 3604 270 3659 cato]
290 3605 405 3654 vitio,
425 3604 480 3646 D.
