2436 4094
403 345 433 395 8
960 342 1714 395 PROLEGOMENA.

399 479 670 542 alloquitur,
695 495 770 527 ex.
794 494 863 542 gr.
890 479 927 526 Ι.
955 495 995 527 c.
1028 495 1049 526 1
1080 487 1127 526 et
1155 494 1197 535 2,
1217 477 1300 525 ubi
1325 476 1586 525 Phronesis
1610 491 1723 525 cum
1747 454 1946 525 Pseuste
1971 476 2223 541 disputans
2250 476 2312 526 de

399 567 581 615 Alithia
626 567 748 616 haec
800 568 1034 629 loquitur:
1084 565 1248 612 ‘Licet
1297 579 1433 611 soror
1468 570 1638 614 nostra
1686 564 1747 612 sit
1791 565 1991 627 parvula
2033 566 2313 629 quantitate,

400 663 475 703 est
521 663 685 704 tamen
731 670 911 716 magna
957 653 1157 702 scientia
1203 660 1251 700 et
1297 652 1494 710 virtute,
1520 667 1625 700 non
1672 653 1805 701 enim
1849 653 2000 703 habes
2046 654 2314 717 quidquam

402 743 538 806 quod
572 744 732 805 possis
769 743 859 789 sibi
894 742 1106 803 objicere
1142 741 1193 787 in
1228 740 1320 787 hac
1355 740 1519 802 parte.’

470 831 622 879 Haud
644 845 768 888 raro,
794 837 841 877 et
863 829 1144 892 praesertim
1169 829 1231 875 ab
1255 828 1390 876 initio
1414 828 1521 876 libri
1553 828 1693 887 tertii,
1717 829 1914 877 nonnisi
1937 829 2060 878 inter
2083 828 2315 877 Alithiam

401 927 451 967 et
475 918 745 965 Phronesin
769 931 929 964 sermo
953 925 1039 975 est,
1066 916 1266 964 Pseuste
1294 932 1382 979 per
1405 915 1601 980 aliquod
1631 925 1823 980 tempus
1855 917 2094 966 silentium
2126 925 2314 980 agente.

401 1005 626 1067 Exempli
656 1005 809 1066 gratia
840 1004 903 1051 ab
935 1004 1070 1051 initio
1096 1004 1201 1051 libri
1234 1005 1390 1067 quarti
1412 1019 1565 1067 usque
1595 1004 1657 1052 ad
1682 1005 1830 1052 finem
1854 1005 2022 1068 capitis
2047 1007 2076 1052 8
2102 1004 2318 1054 Pseustis

401 1094 642 1142 silentium
667 1092 877 1151 obtinet3
914 1106 1081 1139 verum
1099 1092 1181 1139 ubi
1206 1091 1268 1139 ad
1292 1093 1588 1155 colloquium
1605 1093 1727 1140 redit
1749 1093 1901 1153 (initio
1921 1093 2089 1156 capitis
2107 1094 2177 1155 9),
2195 1093 2317 1141 haec

401 1182 547 1229 verba
570 1180 708 1228 facit:
747 1184 757 1204 ‘
775 1179 981 1242 Propter
1004 1179 1239 1238 stultitias,
1265 1196 1387 1243 quas
1412 1182 1595 1239 ebullis,
1615 1197 1701 1244 per
1725 1190 1917 1244 tempus
1941 1195 2050 1233 non.
2067 1180 2316 1230 modicum

401 1270 665 1316 dormitavi.
738 1267 836 1316 Sed
859 1268 1011 1316 modo
1037 1276 1230 1330 oportet
1259 1284 1338 1317 me
1363 1270 1556 1332 vigilare
1580 1269 1843 1332 paululum,
1868 1269 1932 1317 ad
1962 1269 2066 1318 illas
2092 1269 2316 1320 stultitias

402 1356 792 1419 reprobandum.’
865 1355 958 1404 Cui
996 1356 1258 1404 Phronesis
1300 1357 1431 1404 hunc
1473 1359 1523 1405 in
1561 1357 1765 1405 modum
1802 1358 2094 1420 respondet:
2151 1362 2164 1383 ‘
2181 1357 2316 1407 Con-

405 1445 582 1504 siderO,
607 1445 742 1507 quod
765 1445 910 1492 nimis
936 1445 1199 1507 sophistice
1224 1451 1278 1492 ut
1298 1446 1451 1507 vulpes
1476 1445 1718 1507 infidelzler
1742 1443 2032 1494 dormitasti?

470 1533 605 1581 Alias
634 1548 748 1580 vero
773 1532 952 1580 Alithia
985 1533 1093 1595 ipsa
1128 1537 1139 1556 ‘
1157 1532 1353 1580 fratrem
1389 1533 1680 1581 Phronesin'
1718 1541 1871 1595 rogat,
1907 1541 1961 1582 ut
1995 1537 2007 1558 ‘
2025 1541 2184 1582 cesset
2225 1532 2318 1582 liti-

403 1621 543 1683 giosa
579 1622 826 1669 contentio
851 1620 1065 1669 Pseustis
1101 1622 1270 1679 nostri,
1303 1629 1350 1671 et
1374 1621 1698 1684 procedamus
1729 1637 1815 1684 per
1839 1621 2080 1670 ordinem’
2107 1620 2197 1669 IV.
2226 1630 2317 1682 ης

404 1715 453 1755 et
484 1707 597 1756 inde
633 1710 695 1755 ab
732 1709 825 1755 isto
874 1708 985 1756 loco
1032 1716 1187 1771 usque
1222 1709 1283 1756 ad
1324 1710 1494 1771 capitis
1533 1710 1592 1756 16
1642 1709 1791 1757 finem
1833 1709 1939 1757 sola
1975 1707 2158 1757 Alithia
2202 1722 2317 1758 cum

402 1795 640 1843 Phronesi
665 1795 968 1858 colloquitur,
994 1797 1055 1843 ab
1079 1797 1214 1844 initio
1240 1797 1409 1859 capitis
1438 1807 1496 1858 17
1524 1797 1737 1845 Pseustis
1760 1797 1935 1845 iterum
1956 1798 2104 1846 verba
2127 1796 2257 1845 facit.

474 1883 573 1931 Ubi
604 1899 718 1932 vero
751 1884 931 1932 Alithia
964 1885 1069 1933 sola
1101 1900 1212 1932 cum
1244 1884 1483 1933 Phronesi
1519 1886 1821 1948 colloquitur,
1846 1901 1923 1934 res
1954 1886 2020 1934 ita
2051 1901 2103 1933 se
2137 1885 2318 1934 habere

408 1974 544 2031 solet,
569 1982 622 2023 ut
645 1973 825 2023 Alithia
847 1975 1016 2036 paucis
1042 1975 1307 2036 interroget
1325 1983 1468 2037 atque
1493 1975 1862 2024 instructionem
1886 1974 2138 2032 desideret,
2163 1974 2318 2023 Phro-

407 2062 537 2109 nesis
569 2076 682 2109 vero
719 2063 857 2124 quasi
898 2077 925 2109 e
951 2062 1178 2110 cathedra
1202 2062 1387 2110 docens
1411 2063 1562 2111 multa
1598 2063 1812 2121 disserat,
1838 2078 1915 2111 res
1938 2063 2013 2111 via
2048 2078 2104 2111 ac
2130 2063 2317 2111 ratione

407 2148 724 2210 explicand03
763 2150 860 2197 sive
885 2149 1148 2200 Phronesis
1180 2152 1412 2213 magistri,
1437 2151 1618 2200 Alithia
1650 2151 1872 2215 discipuli
1897 2151 2233 2200 admirabundi
2259 2167 2317 2201 ac

408 2237 577 2287 docilis
601 2246 760 2300 partes
785 2247 908 2300 agat.
982 2246 986 2249 “

1327 2476 1404 2533 D.

476 2597 627 2645 Porro
651 2599 768 2659 quid
785 2599 836 2644 de
853 2607 979 2659 opere
1002 2600 1094 2660 zpso
1099 2599 1410 2661 judicandum
1434 2601 1509 2656 sit,
1533 2598 1794 2646 videamus.

477 2686 762 2748 Trialogum
803 2688 865 2734 ab
907 2688 1074 2734 amicis
1115 2696 1163 2734 et
1200 2686 1443 2749 discipulis
1479 2686 1656 2735 Wiclifi
1692 2693 1806 2749 post
1846 2687 1950 2748 eJus
1997 2686 2185 2737 obitum
2232 2700 2318 2748 per

408 2774 622 2836 quinque
648 2774 883 2822 decennia
901 2775 1099 2837 maximi
1122 2774 1341 2822 habitum
1365 2783 1413 2822 et
1437 2790 1630 2823 summo
1657 2790 1769 2823 cum
1793 2774 1953 2823 studio
1979 2774 2317 2836 perlustratum

408 2876 530 2919 esse,
571 2862 675 2909 libri
716 2877 865 2910 manu
905 2863 1099 2920 exarati,
1142 2864 1225 2925 qui
1267 2878 1394 2926 opus
1434 2863 1564 2911 istud
1602 2864 1843 2921 exhibent,
1887 2861 2164 2910 testimonio
2207 2868 2319 2909 sunt

407 2949 797 2997 luculentissimo.
870 2949 1057 2998 Omnes
1082 2951 1213 2997 enim
1238 2959 1379 2998 notas
1403 2951 1609 3012 margini
1631 2951 1898 3012 adscriptas
1923 2949 2118 3007 habent,
2142 2949 2318 3011 quibus

409 3037 634 3084 materiae
669 3037 720 3083 in
756 3036 999 3099 colloquio
1036 3038 1297 3099 expositae,
1331 3038 1426 3087 loci
1459 3046 1712 3086 auctorum
1743 3040 1794 3085 in
1828 3045 1963 3085 textu
1997 3036 2317 3095 laudatorum,

410 3123 502 3171 alia
540 3124 880 3186 significantur.
952 3124 1180 3173 Ceterum
1216 3141 1421 3173 numero
1457 3134 1505 3173 et
1539 3126 1724 3173 ratione
1762 3133 1990 3173 notarum
2023 3139 2150 3172 unus
2184 3125 2317 3182 liber,

412 3226 557 3272 quern
595 3214 718 3275 siglo
757 3215 804 3261 A
839 3216 1188 3277 insignivimus,
1237 3224 1426 3263 ceteros
1466 3215 1613 3278 longe
1655 3223 1862 3278 superat.
1932 3214 2184 3263 Praeterea
2221 3223 2318 3263 tres

411 3298 529 3355 libri,
555 3314 679 3361 quos
702 3302 847 3349 literis
871 3302 1066 3350 B.C.D.
1091 3305 1378 3362 notavimus,
1403 3303 1586 3351 indices
1609 3303 1788 3351 habent
1816 3317 1976 3350 rerum
2000 3303 2051 3349 in
2083 3301 2316 3365 Trialogo

412 3384 757 3433 declaratarum
816 3389 1117 3450 alphabetico
1168 3391 1340 3439 ordine
1398 3391 1713 3453 compositos.
1807 3389 1973 3438 Brevis
2030 3397 2104 3436 est
2169 3390 2317 3438 index

412 3473 516 3519 libri
563 3472 625 3531 D,
669 3474 963 3536 aliquantum
1010 3479 1242 3540 prolixior
1276 3479 1422 3527 index
1457 3479 1563 3527 libri
1598 3479 1668 3539 B;
1728 3478 2119 3541 copiosissimum
2156 3486 2316 3526 autem

415 3561 623 3610 indicem
659 3570 706 3609 et
740 3578 825 3624 per
867 3569 923 3612 18
963 3566 1075 3615 folia
1109 3577 1405 3630 protractum
1447 3570 1566 3617 liber
1601 3568 1642 3618 C
1679 3569 1888 3618 exhibet.
1957 3567 2056 3615 Vix
2098 3582 2315 3631 unquam

2424 673 2436 831 ἰ
