2436 4094
167 429 303 461 cano.
767 408 1333 460 TRIALOGUS.

165 543 301 608 quod
323 544 462 603 filius,
481 545 596 608 quia
619 544 750 593 idem
767 544 918 604 DeuS,
941 546 1115 593 eadem
1140 545 1349 594 essentia
1366 544 1441 592 vel
1466 551 1664 603 natura3
1699 550 1934 591 ettamen

58 613 61 620 ¹
88 644 94 653 ··
165 635 304 692 pater
336 642 439 675 non
475 634 548 675 est
582 627 720 685 filius,
758 628 978 690 quamvis
1015 626 1099 675 sit1
1136 627 1269 675 idem
1304 626 1440 675 Deus
1477 627 1560 689 qui
1604 625 1742 684 filius,
1780 635 1828 674 et
1864 626 1934 674 sic

165 707 303 758 Deus
325 724 355 758 a
371 708 483 757 Deo
508 700 826 771 distinguitur,
854 710 977 757 sicut
999 708 1137 757 Deus
1162 725 1192 756 a
1215 708 1326 756 Deo
1351 708 1666 772 personaliter
1690 707 1862 766 differt,
1888 717 1936 756 et
1970 707 1972 709 ’

166 799 332 839 tamen
363 798 581 854 negatur,
615 791 750 853 quod
781 790 919 839 Deus
952 806 1055 838 non
1089 798 1162 838 est
1185 790 1336 839 Deus.
1409 789 1517 839 Nec
1542 790 1770 853 sequitur,
1796 789 1935 838 Deus

166 881 304 936 pater
321 871 458 920 Deus
482 871 606 920 filius
631 887 735 921 non
759 880 845 930 est,
867 888 984 935 ergo
1010 872 1145 920 Deus
1169 872 1306 921 Deus
1331 888 1433 920 non
1457 881 1544 920 est.
1615 872 1679 919 Et
1704 873 1773 920 sic
1798 872 1935 920 Deus

166 954 331 1003 Deum
363 963 530 1003 causat
557 955 827 1003 secundum
853 956 1199 1013 causationem,
1227 955 1312 1003 sed
1337 970 1440 1003 non
1465 955 1734 1003 secundum
1758 954 1936 1013 Deum,

167 1043 217 1086 et
238 1034 432 1085 tamen²
455 1052 629 1085 omnes
652 1037 759 1085 illae
785 1045 879 1085 tres
905 1052 1147 1100 personae
1173 1045 1285 1085 sunt
1308 1052 1407 1084 una
1437 1037 1594 1099 prima
1628 1052 1787 1107 causa,
1815 1037 1938 1084 sicut

168 1126 283 1168 sunt
315 1134 443 1167 unus
473 1118 624 1178 Deus,
650 1127 700 1167 et
734 1135 836 1167 non
872 1127 966 1167 tres
1004 1135 1194 1177 causae,
1229 1121 1354 1167 sicut
1389 1134 1491 1167 non
1526 1127 1623 1167 tres
1658 1119 1754 1167 Dii.
1819 1119 1936 1167 810⁸

167 1191 306 1267 pater
328 1210 379 1251 et
413 1202 536 1251 filius
573 1210 684 1250 sunt
719 1218 872 1250 unum
898 1203 1192 1265 principium
1230 1203 1422 1265 spiritus
1460 1203 1626 1260 sancti,
1653 1204 1768 1265 quia
1802 1203 1935 1251 unite

167 1279 460 1349 principiant
484 1285 706 1348 spiritum
730 1293 970 1344 sanctum,
991 1294 1038 1333 et
1062 1293 1165 1333 tota
1189 1286 1372 1333 trinitas
1395 1293 1468 1333 est
1494 1285 1625 1333 idem
1645 1285 1935 1348 principium

167 1366 424 1430 euJ‘uslibet
456 1375 716 1423 creaturae.
789 1366 852 1415 Et
879 1367 1224 1415 conversiones
1258 1367 1650 1430 propositionum
1686 1367 1808 1414 illius
1833 1383 1935 1414 ma-

135 1493 138 1496 ,
167 1449 316 1498 teriae
351 1449 633 1508 exclusivas,
670 1449 962 1511 exceptivas,
994 1448 1303 1507 universales,
1331 1449 1682 1508 convertibiles,
1709 1465 1823 1497 cum
1856 1465 1934 1497 ce-

167 1531 280 1581 teris
299 1532 692 1581 contentionibus
711 1521 997 1594 logicorum,
1018 1531 1240 1594 relinquo
1262 1532 1519 1594 juvenibus
1543 1533 1906 1594 pertractandas
1925 1560 1935 1592 2

166 1622 221 1663 ut
243 1613 419 1663 falsum
442 1622 528 1674 est,
547 1615 681 1677 quod
704 1623 892 1662 tantum
916 1622 1053 1676 pater
1077 1622 1149 1662 est
1172 1613 1323 1673 Deus,
1343 1613 1458 1675 quia
1481 1613 1601 1662 alius
1626 1629 1776 1676 quam
1801 1622 1937 1676 pater

168 1705 243 1746 est
265 1697 417 1756 Deus,
443 1705 492 1745 et
513 1697 644 1745 aliud
668 1712 726 1745 ac
751 1696 842 1744 alia
866 1704 1084 1744 creatura
1107 1710 1255 1758 quam
1279 1704 1415 1757 pater
1439 1703 1513 1743 est
1536 1695 1686 1754 Deus,
1713 1699 1825 1759 quia
1848 1697 1937 1744 hu-

167 1767 376 1828 manitas
411 1787 673 1842 assumpta‚
708 1793 834 1841 quae
867 1786 941 1826 est
972 1786 1072 1825 tarn
1108 1778 1254 1836 aliud,
1288 1777 1403 1839 quia
1438 1785 1610 1825 natura
1645 1779 1750 1837 alia,
1788 1795 1937 1841 quam

167 1863 309 1920 alius,
335 1862 450 1924 quia
472 1875 685 1924 persona
717 1859 848 1908 alia4.
921 1859 985 1907 Et
1018 1867 1151 1922 patet
1183 1859 1405 1907 noscenti
1432 1859 1792 1908 distinctionem
1815 1863 1938 1909 inter

168 1943 581 2008 praedicationem
616 1941 871 1990 formalem
906 1950 954 1989 et
990 1940 1312 1997 essentialem,
1350 1941 1605 2003 quomodo
1649 1943 1936 2005 syllogisan-

170 2028 289 2077 dum
324 2035 398 2076 est
430 2027 482 2074 in
517 2040 808 2089 quacunque
845 2025 999 2086 figura
1035 2039 1147 2072 cum
1182 2024 1284 2071 istis
1310 2024 1537 2089 'terminis
1572 2024 1623 2071 in
1648 2025 1820 2074 divinis
1829 2026 1859 2085 ⁵,
1885 2035 1938 2074 ut

127 2168 130 2171 ¹
169 2111 331 2159 omnis
349 2096 510 2158 divina
532 2117 703 2156 natura
726 2115 800 2155 est
823 2107 998 2170 pater⁶‚
1020 2106 1181 2154 omnis
1206 2106 1330 2154 filius
1349 2092 1444 2153 D‘ei
1463 2114 1536 2154 est
1560 2115 1732 2155 natura
1757 2108 1932 2167 divina,

170 2206 291 2255 ergo
314 2192 476 2240 omnis
501 2191 624 2239 filius
648 2190 744 2238 Dei
777 2197 850 2238 est
884 2189 1015 2237 idem
1040 2187 1174 2251 quod
1206 2196 1280 2235 est
1311 2197 1463 2251 pater.
1533 2188 1597 2237 Et
1629 2189 1694 2237 ita
1726 2205 1828 2238 non
1862 2207 1936 2240 se-

169 2276 330 2338 quitur
351 2273 662 2337 expositorie,
697 2273 793 2320 hoc
827 2279 898 2320 est
931 2280 1069 2334 pater
1093 2278 1141 2318 et
1165 2270 1261 2318 hoc
1286 2278 1359 2319 est
1383 2271 1521 2329 filius,
1551 2272 1936 2323 demonstrando

169 2355 380 2406 eandem
412 2361 632 2403 naturam
668 2354 893 2423 divinam,
931 2353 1142 2400 eundem
1177 2351 1342 2400 Deum
1377 2352 1452 2400 vel
1487 2354 1697 2402 eandem
1738 2370 1936 2403 causam

170 2438 426 2503 cujuslibet
456 2444 719 2495 creaturae,
757 2450 876 2498 ergo
911 2443 1048 2498 pater
1084 2442 1157 2483 est
1192 2434 1329 2482 filius,
1404 2434 1503 2483 Sed
1544 2437 1670 2484 bene
1707 2439 1935 2500 sequitur,

170 2521 308 2586 quod
323 2528 461 2584 pater
485 2519 581 2568 est⁷
598 2519 730 2566 idem
753 2517 888 2580 quod
906 2525 979 2565 est
997 2516 1135 2575 filius,
1157 2524 1205 2564 et
1229 2516 1509 2579 exemplum
1529 2518 1751 2565 omnium
1770 2520 1936 2567 talium

170 2611 305 2668 patet
326 2603 378 2651 in
394 2602 595 2650 materia
613 2601 673 2649 de
698 2599 1044 2648 universalibus
1062 2599 1144 2645 ubi
1163 2605 1335 2645 natura
1353 2599 1628 2647 communis
1646 2608 1719 2647 est
1737 2616 1937 2649 suorum

172 2686 536 2750 suppositorum
567 2682 829 2746 quodlibet,
856 2681 1075 2743 quamvis
1101 2681 1207 2742 ipsa
1231 2681 1482 2742 supposita
1507 2682 1570 2728 ab
1598 2682 1805 2729 invicem
1838 2683 1934 2731 dis-

171 2769 469 2832 tinguantur.
539 2765 723 2814 Totam
759 2771 923 2811 autem
958 2763 1100 2809 istam
1139 2761 1390 2810 materiam
1426 2770 1473 2809 et
1507 2762 1934 2824 profundationem

173 2850 394 2916 ejusdem
415 2847 636 2910 relinquo
659 2845 829 2908 logicis
852 2843 1102 2892 subtilibus
1127 2842 1189 2890 ad
1214 2842 1611 2891 discutiendum⁸.

230 3002 246 3026 ¹
273 3000 346 3054 sit]
368 3011 453 3041 om:
473 2997 628 3039 A.B.C.
648 2996 712 3037 ed.
732 3007 793 3048 pr.
972 2992 988 3015 ²
1016 2992 1173 3045 tamen]
1196 3005 1278 3032 om.
1301 2991 1456 3032 A.B.C.
1478 2993 1542 3033 ed.
1563 3007 1624 3046 pr.
1800 2995 1815 3019 ³
1843 2996 1930 3050 Sic]

175 3056 285 3097 Item
303 3055 375 3102 sic,
394 3054 458 3096 ed.
477 3067 539 3107 pr.
559 3064 653 3093 cum
673 3051 773 3090 B.C.
793 3048 950 3102 primae
969 3060 1127 3087 manus.
1293 3045 1309 3069 ⁴
1334 3060 1512 3099 persona
1531 3047 1630 3100 alia]
1655 3049 1701 3089 B.
1717 3063 1727 3096 3
1757 3063 1933 3102 persona

175 3111 258 3152 alia
275 3114 352 3156 est,
373 3109 452 3155 A.;
474 3119 651 3162 persona
669 3105 749 3145 alia
769 3116 890 3156 quam
910 3108 972 3142 est
991 3107 1119 3154 pater,
1142 3102 1189 3141 C.
1211 3101 1274 3140 ed.
1295 3114 1355 3153 pr.
1481 3102 1496 3125 ⁵
1523 3103 1566 3141 in
1585 3103 1750 3156 divinis]
1773 3118 1854 3145 om.
1878 3107 1931 3146 D,

175 3165 241 3207 ed.
261 3178 321 3219 pr.
377 3163 394 3188 ⁸
421 3169 484 3204 est
502 3160 638 3216 pater]
660 3165 721 3200 est
742 3165 858 3212 pater
877 3158 919 3197 in
939 3156 1097 3201 divinis,
1118 3156 1182 3218 ed.
1204 3169 1262 3207 pr.
1285 3169 1378 3195 cum
1399 3155 1498 3196 B.C.
1519 3170 1664 3197 manus
1685 3159 1853 3211 primae,
1876 3160 1930 3201 D.

175 3220 191 3244 '¹
219 3219 302 3273 est]
324 3219 389 3267 sit,
410 3218 466 3258 D.
631 3216 645 3239 ⁸
674 3213 893 3255 subtilibus
912 3211 965 3252 ad
985 3210 1303 3263 discutiendum]
1326 3223 1407 3250 orn.
1430 3211 1492 3251 ed.
1515 3224 1574 3263 pr.

2087 424 2155 480 57
