2424 4120
322 468 427 521 392

1016 456 1437 519 JOANNIS
1496 458 1848 508 WICLIF
2150 477 2306 507 univ,

566 598 756 652 oportet
773 591 961 637 secundo
980 605 1289 653 cognoscere,
1310 593 1442 655 quod
1461 593 1524 641 ad
1547 593 1847 641 identitatem
1865 594 2063 652 formae,
2083 609 2196 643 cum
2213 580 2306 642 nu-

565 671 755 718 meralis
779 671 1001 719 identitas
1024 673 1242 720 consistit
1267 674 1316 719 in
1340 674 1494 735 gradu
1512 674 1798 736 multiplici¹,
1820 675 1990 723 sufficit
2013 676 2148 738 quod
2171 675 2310 723 iden-

564 751 765 798 tificatur
789 750 1011 799 faciliter2
1034 761 1082 800 et
1105 753 1329 801 identitas
1356 755 1427 802 sui
1461 755 1675 817 subjecti,
1702 755 1810 803 licet
1839 764 2032 818 tempus
2053 755 2311 819 loquendi⁸

564 832 825 880 formaliter
847 835 1062 881 varietur.
1135 834 1261 883 Cum
1284 851 1402 898 ergo
1427 844 1591 884 manet
1613 837 1746 884 idem
1769 837 1962 899 spiritus
1987 851 2193 885 causans
2212 835 2310 884 for-

564 927 696 960 mam
720 915 1015 964 materialem
1050 917 1099 963 in
1133 916 1305 964 eadem
1340 918 1553 975 materia,
1579 917 1804 965 homine·¹
1830 925 2124 980 resurgente,
2159 931 2309 979 quare

565 1008 665 1040 non
689 996 955 1043 remanebit
981 997 1154 1045 eadem
1178 998 1347 1057 forma,
1365 999 1474 1046 licet
1497 1007 1687 1060 tempus
1713 1013 1828 1046 suae
1851 997 2186 1060 productionis
2213 996 2312 1068 for-

564 1077 748 1123 maliter
766 1078 999 1125 varietur?
1053 1078 1206 1127 Tertio
1231 1095 1456 1142 suppono
1481 1080 1563 1128 tibi
1589 1096 1649 1127 ex
1675 1081 1783 1138 fide,
1803 1080 1938 1142 quod
1962 1079 2102 1127 facile
2125 1086 2198 1128 est
2215 1077 2310 1125 Dei

564 1158 943 1218 omnipotentiae
985 1167 1190 1216 atomos,
1228 1168 1657 1223 quantumcunque
1696 1160 1899 1222 dispersi
1939 1159 2132 1217 fuerint,
2167 1158 2312 1206 nobis

563 1238 834 1300 incognite⁵
858 1239 931 1286 vel
955 1240 1231 1289 immediate
1255 1257 1341 1303 per
1366 1257 1416 1289 se
1441 1242 1513 1288 vel
1537 1242 1801 1289 ministerio
1825 1241 2110 1303 angelorum
2134 1253 2308 1288 secun-

564 1318 839 1381 dum'quod
861 1321 950 1368 sibi
974 1321 1217 1383 placuerit,
1244 1323 1401 1370 subito
1420 1323 1494 1370 vel
1519 1324 1784 1370 successive
1809 1322 2047 1385 colligere.
2105 1321 2169 1370 Et
2191 1328 2308 1369 tunc

563 1408 695 1461 patet
720 1401 831 1449 fidei
856 1410 1047 1450 nostrae
1073 1404 1359 1464 possibilitas
1385 1411 1528 1466 atque
1552 1403 1663 1451 Deo
1691 1403 1906 1461 facilitas,
1934 1402 2191 1466 supposita
2213 1417 2319 1450 ser-

564 1482 756 1529 vatione
791 1482 1001 1530 hominis
1034 1484 1083 1529 in
1115 1483 1281 1545 spiritu
1312 1491 1544 1546 tanquam
1579 1481 1736 1542 base⁶,
1771 1492 1819 1532 et
1853 1483 2104 1546 supposita
2139 1482 2313 1531 eadem

567 1562 851 1611 collectione
876 1565 1189 1612 multitudinis
1213 1573 1474 1628 perpetuae
1499 1566 1814 1613 materialium
1838 1573 2127 1613 atomorum.

634 1644 714 1691 Ad
741 1647 950 1705 primum
985 1652 1303 1708 argumentum
1337 1654 1474 1694 tuum
1509 1647 1783 1709 respondeo
1813 1645 2146 1704 concedende,
2169 1645 2307 1708 quod

566 1726 778 1787 imponis
815 1742 894 1773 me
918 1725 1155 1784 innuere⁷,
1190 1728 1368 1775 scilicet
1403 1728 1537 1790 quod
1574 1727 1843 1775 secundum
1880 1726 2038 1775 idem⁸
2063 1741 2240 1790 corpus
2261 1727 2313 1774 in

567 1821 770 1854 numero
813 1807 946 1868 quod
987 1807 1065 1855 hic
1106 1810 1359 1870 gessimus,
1402 1824 1722 1871 resurgemus.
1801 1808 1851 1856 Si
1892 1809 2025 1856 enim
2065 1815 2314 1870 portamus

566 1886 696 1934 idem
732 1902 908 1950 corpus
942 1890 992 1935 in
1028 1904 1231 1936 numero
1267 1904 1351 1951 per
1384 1898 1535 1937 totam
1571 1898 1787 1938 nostram
1823 1889 2092 1952 periodum,
2116 1897 2315 1952 propter

567 1969 864 2017 identitatem
906 1971 1095 2032 spiritus
1137 1973 1386 2028 actuantis‚
1432 1972 1780 2034 quantumlibet
1826 1972 2026 2019 materia
2070 1968 2314 2028 varietur⁹,

568 2057 750 2113 quanto
787 2052 942 2112 magis
966 2052 1194 2099 redeunte
1231 2053 1402 2100 eadem
1437 2053 1634 2100 materia
1669 2054 1720 2099 in
1745 2067 1948 2099 numero
1985 2066 2098 2099 cum
2135 2051 2313 2100 eodem

569 2133 737 2194 spiritu
773 2133 1008 2193 copulata.
1079 2131 1185 2180 Nec
1221 2134 1360 2180 obest
1395 2133 1626 2181 identitati
1662 2133 1897 2181 numerali
1938 2132 2124 2180 formae
2159 2139 2317 2180 mate--

568 2213 694 2260 rialis
719 2213 791 2260 vel
827 2214 1147 2272 accidentalis,
1173 2215 1307 2276 quod
1337 2223 1528 2276 tempus
1564 2215 1856 2263 intellectum
1865 2214 1901 2240 ¹⁰
1937 2213 2197 2262 formaliter
2232 2229 2314 2262 va-

531 2315 536 2318 ·
568 2295 727 2352 rietur,
748 2309 859 2341 cum
885 2302 1095 2342 servatur
1118 2295 1291 2342 eadem
1327 2296 1546 2342 absoluta
1581 2298 1787 2343 essentia
1822 2311 1908 2357 per
1946 2311 1998 2343 se
2033 2294 2312 2358 possibilis3

568 2384 615 2423 et
654 2383 757 2423 toto
799 2375 928 2423 facto
970 2384 1308 2438 argumentum
1345 2384 1481 2423 tuum
1517 2391 1619 2423 non
1661 2376 1768 2438 plus
1803 2376 2016 2439 implicat
2050 2377 2142 2425 nisi
2177 2376 2312 2439 quod

568 2456 726 2504 forma
745 2457 1001 2504 materialis
1020 2465 1066 2504 et
1090 2457 1396 2504 accidentalis
1417 2458 1684 2505 secundum
1703 2458 2077 2505 abstractionem
2095 2457 2315 2505 ultimam

570 2538 820 2595 intellecta,
863 2547 1063 2600 propter
1103 2539 1417 2585 variationem
1458 2539 1688 2600 temporis
1730 2539 1981 2586 variantur.
2055 2537 2154 2586 Sed
2197 2538 2315 2601 quid

569 2621 707 2667 obest
742 2618 836 2666 hoc
859 2619 1191 2666 resurrectioni
1215 2635 1354 2667 verae
1389 2620 1657 2667 secundum
1687 2619 1984 2667 identitatem
2015 2619 2315 2671 numeralem

568 2709 668 2747 tam
686 2699 870 2747 formae
889 2715 1038 2761 quam
1055 2701 1317 2748 materiae?
1364 2700 1551 2748 Eadem
1570 2701 1701 2747 enim
1719 2700 2089 2748 fundamentalis
2107 2701 2316 2748 essentia

568 2783 794 2830 materiae
819 2790 891 2829 est
915 2783 1179 2830 substantia
1203 2783 1423 2830 omnium
1447 2782 1710 2830 formarum
1734 2783 1899 2830 talium
1931 2781 2316 2831 substantialium

571 2864 646 2910 vel
670 2863 1052 2922 accidentalium,
1078 2878 1189 2910 cum
1213 2864 1482 2911 secundum
1506 2862 1825 2926 philosophos
1855 2871 1964 2911 tuos
1996 2869 2161 2910 manet
2184 2862 2315 2910 idem

569 2946 755 2993 instans
792 2945 1017 2992 continue
1060 2959 1158 3006 quo
1199 2944 1262 2992 ad
1303 2945 1574 3006 subjectum
1583 2943 1632 2992 ¹¹.
1707 2943 1757 2991 Si
1798 2958 1916 3006 ergo
1957 2943 2108 2992 homo
2154 2950 2316 3005 potest

570 3043 715 3090 saepe
758 3027 970 3074 eundem
1009 3034 1169 3074 actum
1210 3033 1440 3088 repetere,
1482 3033 1534 3072 ut
1575 3033 1768 3088 oportet
1808 3041 1870 3072 ex
1911 3025 2006 3073 fide
2053 3025 2315 3088 scripturae

572 3108 856 3166 concedere,
883 3107 1001 3170 quid
1025 3108 1164 3154 obest
1188 3107 1321 3169 quod
1344 3106 1510 3154 redeat
1534 3106 1705 3154 eadem
1731 3105 1902 3165 forma,
1922 3105 2033 3154 licet
2050 3106 2315 3168 respectiva

571 3188 884 3237 accidentalia
907 3188 1178 3235 varientur?

623 3311 638 3334 1
666 3309 903 3361 multiplici]
924 3307 1142 3359 multiplici
1159 3307 1376 3352 identitati,
1395 3306 1550 3347 A.B.C.
1716 3358 1719 3360 -
1780 3306 1797 3330 ²
1823 3306 2094 3348 identificatur
2110 3306 2312 3358 faciliter]

570 3364 761 3404 identitas
780 3362 978 3408 facientis,
998 3362 1061 3401 ed.
1081 3375 1142 3414 pr.
1306 3362 1320 3383 ³
1347 3360 1559 3412 loquendi]
1579 3360 1799 3412 loquendo,
1818 3362 1881 3401 ed.
1900 3374 1961 3414 pr.
2077 3359 2094 3383 ⁴
2119 3360 2313 3412 homine]

570 3430 653 3457 om.
674 3418 737 3457 ed.
758 3430 820 3469 pr.
984 3416 999 3438 ⁵
1026 3414 1252 3467 incognite]
1274 3415 1485 3467 incognito
1506 3415 1656 3461 Deum,
1677 3415 1731 3454 D.
1752 3415 1816 3455 ed.
1831 3428 1892 3467 pr.
2056 3416 2073 3439 ⁶
2099 3414 2217 3466 base]
2237 3415 2315 3454 i.e.

568 3471 834 3511 fundamento
855 3470 1061 3510 substrato
1082 3469 1252 3521 (βάσις).
1395 3468 1410 3492 ⁷
1437 3469 1622 3521 innuere]
1642 3469 1864 3516 innumere,
1883 3469 1945 3509 ed.
1966 3482 2028 3521 pr.
2137 3468 2153 3492 ⁸
2179 3467 2312 3520 idem]

569 3524 661 3571 hoc,
684 3525 837 3565 A.B.C.
1000 3523 1017 3546 ⁹
1043 3522 1238 3574 varietur]
1258 3523 1424 3569 variata,
1446 3523 1601 3563 A.B.C.
1743 3523 1774 3548 ¹⁰
1801 3523 2072 3576 intellectum]
2091 3522 2314 3574 integrum,

570 3579 632 3617 ed.
653 3591 714 3630 pr.
881 3578 909 3602 ¹¹
939 3577 1185 3630 subjecttun]
1208 3577 1443 3625 secundum,
1464 3577 1527 3618 ed.
1550 3590 1610 3629 pr.
2183 3594 2187 3597 >
