2436 4094
15 438 30 469 l)

143 434 298 470 mnu.
745 416 1318 468 TRIALOGUS.

140 551 396 600 verborum
438 566 551 599 cum
587 560 697 601 actu
737 552 942 611 animae,
979 552 1069 601 etsi
1111 553 1161 600 in
1202 552 1425 602 verbera¹
1462 567 1564 602 non
1599 552 1895 618 prorumpit;

140 631 294 680 multo
338 634 495 696 magis
541 635 639 696 qui,
672 650 733 683 ex
775 635 845 682 ira
889 635 1045 697 gignit
1092 634 1259 684 odium
1306 650 1636 698 perseverans,
1679 645 1727 685 et
1769 637 1899 699 jacet

139 721 192 762 ut
226 712 370 776 lupus
409 714 645 777 rapidus2‚
689 716 943 779 quomodo
987 716 1236 778 inopinate
1274 718 1471 765 nocebit
1506 718 1749 780 proximo,
1792 726 1898 766 tan-

139 809 290 862 quam
324 797 549 860 antiquus
581 797 727 846 iratus
758 797 980 847 diabolus
1010 797 1087 845 in³
1116 798 1300 847 insidiis
1325 798 1385 846 de
1415 799 1605 848 innata4
1636 799 1816 848 malitia
1847 814 1898 848 se

139 876 408 926 occultans.

2038 426 2135 483 177

206 957 271 1007 Et
294 966 440 1022 patet,
465 960 600 1023 quod
623 961 789 1010 vitium
814 961 911 1010 irae
935 969 1095 1024 potest
1120 960 1264 1009 dividi
1289 961 1339 1009 in
1365 977 1476 1011 suas
1500 964 1688 1025 species
1725 978 1899 1012 secun-
1976 983 2055 1004 raes
2079 983 2162 1003 eccs

138 1039 259 1089 dum
291 1055 464 1090 causas
496 1043 673 1106 quibus
705 1044 814 1106 quis
846 1043 1230 1092 irrationabiliter
1263 1043 1480 1092 irascitur
1512 1044 1643 1092 fratri
1677 1059 1798 1104 suo;
1846 1053 1900 1093 ut

138 1137 266 1172 unus
288 1122 508 1172 irascitur
529 1132 727 1187 propter
750 1124 1084 1173 detentionem
1108 1125 1392 1173 rationalem
1425 1133 1740 1185 terrenorum,
1765 1126 1900 1190 quod

139 1212 215 1254 est
235 1204 574 1265 irrationabile,
600 1221 713 1254 cum
745 1206 961 1254 medium
994 1206 1128 1277 aliud
1156 1207 1308 1255 subsit
1341 1223 1427 1270 per
1451 1207 1586 1271 quod
1615 1208 1901 1271 temporalia

139 1293 255 1336 sunt
294 1286 454 1336 debite
495 1287 804 1350 acquirenda.
891 1287 978 1336 Ille
1017 1289 1163 1336 etiam
1206 1289 1289 1351 qui
1330 1296 1528 1352 propter
1567 1290 1789 1353 rapinam
1826 1290 1901 1338 vel

139 1367 473 1419 detentionem
495 1369 763 1418 indebitam
786 1370 1127 1433 temporalium
1147 1370 1363 1418 irascitur
1380 1370 1510 1419 fratri
1536 1386 1641 1430 su0,
1661 1380 1733 1420 est
1756 1373 1901 1420 ratio-

138 1450 360 1500 nabiliter
394 1451 679 1515 culpanduS,
717 1466 830 1500 cum
866 1451 959 1500 alia
992 1452 1286 1500 rationabilis
1321 1453 1397 1500 via
1433 1453 1613 1513 subsit3
1664 1462 1713 1502 et
1747 1454 1901 1501 multo

137 1532 296 1596 magis
321 1539 394 1582 est
425 1533 502 1582 ille
535 1534 797 1582 iracundus
835 1533 1121 1597 culpandus,
1147 1534 1230 1596 qui
1262 1542 1460 1597 propter
1493 1535 1681 1583 bonum
1718 1536 1900 1598 gratiae

137 1616 214 1665 vel
235 1624 438 1666 naturae
471 1617 700 1675 irascitur,
727 1617 841 1680 quia
863 1616 971 1664 talis
997 1617 1213 1664 irascitur
1237 1624 1284 1664 et
1315 1615 1495 1664 invidet
1518 1616 1629 1665 Deo
1664 1632 1768 1665 su0.
1838 1616 1901 1665 Et

137 1711 200 1747 ex
241 1698 357 1748 vitio
394 1699 491 1747 irae
533 1698 822 1748 fructificant
856 1698 1051 1756 bellum,
1089 1698 1272 1755 odium,
1308 1697 1640 1757 homicidium,
1677 1699 1902 1762 rapinae⁵

137 1788 186 1829 et
221 1788 409 1830 ceterae
443 1780 644 1844 injuriae
680 1779 911 1838 infinitae,
936 1779 1050 1841 quia
1086 1779 1226 1827 cum⁶
1261 1778 1515 1828 fortificata
1551 1779 1717 1829 fuerit⁷
1751 1789 1905 1829 mater

138 1861 378 1925 superbia,
399 1870 447 1912 et
471 1876 680 1911 accensa
703 1861 882 1910 invidia
906 1869 1051 1923 atque
1075 1861 1159 1918 ira,
1180 1861 1389 1909 abutitur
1406 1861 1585 1910 viribus
1609 1862 1904 1911 naturalibus

138 1942 367 2003 hominiS,
392 1959 651 2008 quousque
687 1943 770 1992 fiat
805 1951 975 1991 natura
1011 1942 1196 2000 debilis,
1222 1950 1270 1990 et
1293 1943 1344 1990 in
1379 1943 1565 1991 ratione
1602 1945 1795 1992 animae
1820 1960 1904 1992 ex-

139 2025 375 2077 caecata⁸.
447 2024 658 2075 Possunt
682 2033 846 2074 autem
870 2025 1084 2072 rationes
1107 2023 1397 2087 multiplices
1422 2024 1518 2074 hoc
1542 2026 1711 2073 vitium
1745 2026 1904 2074 disua-
1962 2050 2076 2104 ,33⁵⁰
2112 2050 2148 2070 ca
2171 2051 2220 2071 sas

138 2106 294 2166 dere’,
327 2107 598 2171 specialiter
632 2121 747 2156 cum
782 2121 957 2155 omnes
992 2105 1227 2154 debemus
1264 2121 1370 2154 esse
1406 2106 1574 2156 fratres
1609 2108 1659 2155 in
1683 2107 1904 2156 Domino
1962 2112 1991 2138 vi
2007 2120 2045 2139 ³¹¹
2069 2120 2152 2140 ³⁵¹·

137 2197 188 2239 et
220 2190 272 2239 in
294 2189 372 2238 via
407 2189 472 2238 ad
507 2189 712 2253 patriam
747 2189 983 2252 proficere
1018 2187 1162 2236 nobis
1197 2188 1329 2251 ipsiS,
1357 2189 1443 2237 sed
1478 2190 1727 2238 iracundia
1762 2191 1906 2238 nobis

137 2286 240 2335 quo
263 2271 327 2320 ad
359 2271 860 2321 communicationem
883 2270 1026 2318 istam
1051 2269 1311 2318 fraternam
1336 2271 1494 2334 magis
1519 2273 1673 2331 obest,
1699 2287 1812 2320 cum
1836 2273 1906 2321 ira

137 2353 377 2418 extinguit
399 2353 663 2412 caritatem,
690 2352 938 2401 dissuadet
962 2352 1201 2400 rationem
1226 2360 1273 2400 et
1306 2353 1510 2402 omnino
1542 2354 1744 2417 impedit
1767 2355 1905 2403 itine-

138 2436 380 2485 rationem
404 2435 471 2485 ad
494 2435 729 2499 patriam3
778 2443 825 2483 et
849 2434 962 2482 hinc
987 2433 1168 2482 Genes,
1195 2434 1287 2482 xlv,
1315 2434 1430 2483 dicit
1459 2434 1647 2499 Joseph
1681 2436 1905 2485 fratribus

62 2537 67 2540 ·
139 2514 270 2564 suis:
322 2517 415 2563 ‘ne
461 2512 782 2563 irascamini¹⁰
821 2513 872 2560 in
919 2511 1024 2560 via.'
1095 2511 1201 2560 Et1¹
1250 2511 1438 2576 Joseph
1485 2522 1665 2573 noster,
1709 2515 1791 2578 qui
1834 2522 1906 2563 est

139 2594 378 2654 Christus,
401 2594 454 2644 in
485 2594 738 2658 evangelio
772 2594 998 2657 prohibet
1031 2593 1174 2641 istam
1198 2594 1332 2642 iram.
1404 2593 1533 2642 Cum
1562 2611 1680 2658 ergo
1705 2597 1811 2644 talis
1835 2597 1905 2644 ira

138 2677 410 2741 indisponit
433 2676 666 2735 animum,
691 2675 895 2738 impedit
919 2689 1046 2738 opus
1070 2674 1343 2737 proficuum
1369 2683 1416 2723 et
1448 2677 1652 2724 omnino
1688 2676 1904 2725 habilitat

138 2758 358 2808 divinum
392 2757 629 2822 judicium
669 2756 734 2805 ad
770 2755 1121 2814 damnandum,
1158 2764 1205 2804 et
1247 2771 1335 2819 per
1377 2771 1686 2820 consequens
1729 2758 1904 2821 spoliat

137 2839 354 2889 divinum
394 2839 724 2889 habitaculum
765 2846 812 2887 et
853 2846 1107 2901 praeparat
1143 2837 1207 2886 ad
1247 2837 1595 2901 hospitandum
1633 2841 1903 2888 maximum

137 2921 404 2981 inimicum,
429 2930 576 2987 patet,
613 2921 750 2984 quod
784 2920 907 2968 ratio
945 2919 1269 2979 convinceret,
1306 2919 1441 2983 quod
1477 2935 1506 2968 a
1541 2921 1621 2968 tali
1655 2921 1904 2970 iracundia

15 2982 26 3026 ’ἶ
72 3047 75 3053 s
139 3005 199 3056 sit
246 3005 557 3056 cessandum.
649 3004 772 3054 Sunt
814 3012 976 3053 autem
1016 3004 1228 3052 rationes
1269 3003 1389 3052 aliae
1436 3012 1484 3052 et
1530 3005 1756 3068 exempla
1802 3014 1902 3054 tam

140 3087 379 3141 naturalia
412 3102 563 3152 quam
598 3088 745 3136 etiam
781 3102 842 3135 ex
879 3085 1126 3148 scriptura,
1152 3101 1212 3133 ex
1249 3086 1424 3148 quibus
1460 3086 1707 3135 fortificari
1743 3095 1903 3150 potest

141 3167 235 3219 ista
259 3170 513 3220 sententia.
583 3167 720 3229 Quid
755 3169 888 3218 enim
924 3167 1034 3231 plus
1071 3169 1327 3217 conturbat
1359 3168 1588 3232 juvamen
1621 3177 1819 3218 naturae
1854 3178 1902 3218 et

208 3361 225 3386 ¹
251 3361 441 3416 verbera]
460 3361 598 3408 verba,
614 3360 678 3402 ed.
698 3373 763 3414 pr.
926 3359 943 3383 ²
971 3359 1156 3413 rapidus]
1178 3360 1356 3407 rabidus,
1378 3360 1426 3400 B.
1446 3360 1509 3401 ed.
1528 3373 1589 3413 pr.
1794 3360 1809 3384 ³
1837 3360 1900 3414 in]

35 3446 54 3461 „
142 3428 228 3458 om.
247 3416 312 3458 ed.
330 3429 394 3470 pr.
577 3415 591 3438 ⁴
619 3414 779 3492 innata}
800 3414 918 3459 irata.
938 3414 1001 3454 ed.
1022 3428 1082 3467 pr.
1284 3415 1300 3439 ⁶
1329 3415 1514 3467 rapinae]
1535 3415 1734 3468 rapinam,
1755 3416 1819 3456 ed.
1839 3428 1901 3468 pr.

139 3469 158 3493 ⁸
185 3469 301 3525 cum]
322 3477 432 3517 tunc,
453 3469 517 3511 ed.
537 3483 598 3523 pr.
807 3468 948 3521 suerit]
970 3469 1057 3514 suit,
1078 3468 1142 3509 ed.
1163 3482 1224 3522 pr.
1336 3469 1351 3493 ⁸
1379 3469 1614 3521 excaecata]
1649 3476 1900 3516 excaecatus.

141 3522 207 3565 ed.
240 3537 303 3578 pr.
466 3523 484 3548 ⁰
510 3523 742 3576 disuadere]
778 3524 1012 3568 desuadere.
1044 3524 1108 3563 ed.
1141 3536 1202 3575 pr.
1334 3524 1366 3548 ¹⁰
1394 3524 1645 3576 irascamini]
1667 3524 1899 3570 irascimini,

137 3578 206 3620 ed.
227 3590 288 3632 pr.
455 3579 484 3604 ¹¹
513 3579 575 3632 et]
597 3585 638 3620 et
655 3579 724 3623 sic,
748 3578 853 3617 B.D.
874 3578 938 3617 ed.
960 3590 1020 3629 pr.

210 3662 507 3699 TRIALOGUS.
1013 3660 1047 3694 N
