2496 4108
69 407 79 425 2
150 418 286 448 ωε.
749 402 859 450 TR
877 403 969 451 [Α
991 403 1038 451 L
1063 404 1105 451 0
1126 403 1174 454 G
1198 404 1314 454 σε.

23 511 25 513 ’
69 532 77 557 2
149 527 319 569 verunt
335 521 387 569 in
403 522 609 571 ecclesia
625 522 720 571 Dei
743 530 924 582 sancta,
944 523 1036 572 ista
1060 524 1277 572 subtilius
1295 532 1342 573 et
1360 525 1646 588 profundius
1665 525 1902 588 demergit

75 611 80 615 ’
150 599 378 650 homines
396 601 447 648 in
470 603 727 665 voragines
751 618 970 651 errorum
990 604 1050 652 de
1070 604 1181 663 fide,
1207 615 1255 654 et
1278 606 1386 668 plus
1404 606 1516 654 facit
1540 615 1815 668 apostatare
1837 608 1900 654 ab

19 666 22 682 ἶ
43 667 62 729 ’.
150 682 328 731 abbate
345 681 565 731 Domino
590 692 758 732 nostro
781 684 900 747 Jesu
924 684 1160 734 Christ01.
1218 687 1308 734 Εῖ2
1325 695 1431 735 esto
1456 688 1589 750 quod
1607 687 1900 736 Innocentius

0 2483 22 2522 ,ΛΕΜ
0 2210 27 2450 (ξρρνῑῑρχηςιῖμὲω
15 2093 16 2096 „
15 2062 18 2063 ,
3 1970 23 1996 ηι
0 1759 33 1946 ,ngffithgps
11 1681 36 1702 ,ζῆ
6 1629 26 1653 Ι.
0 1589 26 1610 ⁴2⁴⁴:
22 1498 31 1572 v
9 1402 15 1412 ,Α
6 1271 8 1274 v
6 1239 8 1242 -
5 1181 19 1208 υ,
8 1082 11 1083 ,
13 1016 25 1047 ᾖ,
14 971 17 986 Α,
14 931 19 946 ,Α
15 903 19 907 ,
16 853 26 870 ,Ἴ
12 798 28 828 ἢ,

66 826 70 838 ,-
149 764 317 812 tertius
338 763 543 813 deviavit
566 767 617 813 in
640 766 733 815 ista
774 766 1035 825 dementia,
1069 775 1121 815 ut
1157 767 1324 816 fratres
1349 769 1438 816 sibi
1463 770 1739 831 imponunt,
1764 770 1899 832 quod

61 910 65 913 ,
149 858 253 893 non
270 846 475 908 pertinet
492 847 610 895 mihi
630 848 882 906 discutere,
903 849 1005 896 scio
1024 857 1191 897 tamen
1216 866 1276 898 ex
1295 851 1391 898 fide
1412 850 1588 899 Christi
1607 852 1742 914 quod
1760 853 1899 914 quid-

147 925 266 988 quid
283 926 334 974 in
352 928 552 976 materia
569 929 660 976 ista
679 928 932 988 diffinierit,
952 945 1054 978 non
1074 931 1218 979 debet
1237 933 1475 994 acceptari
1500 948 1529 980 a
1552 933 1786 992 fidelibus,
1807 934 1898 981 nisi

50 999 60 1033 1
147 1005 210 1055 de
245 1016 428 1070 quanto
453 1009 504 1057 in
526 1010 635 1073 lege
670 1011 951 1073 evangelica
975 1020 1050 1060 est
1084 1012 1351 1071 fundatum,
1377 1029 1490 1061 cum
1516 1023 1674 1062 certus
1701 1030 1810 1063 sum
1835 1030 1896 1061 ex

147 1088 322 1137 eadem
345 1089 455 1148 fide,
481 1091 618 1153 quod
653 1092 704 1139 in
727 1092 818 1141 ista
841 1093 948 1155 lege
972 1095 1134 1141 omnis
1158 1096 1332 1142 veritas
1357 1103 1405 1142 et
1430 1096 1700 1158 specialiter
1723 1097 1896 1144 veritas

51 1201 66 1219 2
146 1169 259 1219 fidei
277 1173 548 1221 secundum
570 1188 863 1232 mensuram,
889 1191 1014 1238 quae
1039 1177 1196 1238 magis
1221 1178 1457 1239 congruit,
1487 1178 1776 1225 continetur.
1835 1177 1899 1225 Et

148 1265 263 1299 cum
285 1251 336 1300 in
360 1251 556 1303 Christo
582 1263 630 1302 et
664 1256 773 1318 lege
810 1271 897 1304 sua
932 1271 1033 1303 non
1070 1266 1181 1306 sunt
1204 1257 1292 1306 Est
1316 1267 1363 1305 et
1388 1258 1544 1312 N0n⁸,
1582 1259 1670 1306 sed
1703 1260 1755 1306 in
1789 1259 1898 1320 lege

148 1347 251 1391 sua,
275 1341 329 1382 ut
350 1343 483 1398 patet
506 1351 568 1383 ex
594 1336 773 1395 dictis4‚
799 1338 1084 1396 continetur,
1111 1338 1246 1400 quod
1278 1347 1638 1387 sacramentum
1662 1339 1792 1387 istud
1825 1345 1899 1386 est

149 1429 330 1479 corpus
347 1415 527 1465 Christi
551 1426 599 1466 et
623 1419 778 1480 panis,
798 1419 909 1468 ideo
928 1419 1023 1467 hoc
1044 1420 1188 1468 debet
1206 1421 1405 1482 quilibet
1430 1420 1583 1469 fidelis
1608 1422 1658 1468 in
1677 1420 1898 1468 Domino

146 1499 419 1548 observare.
492 1498 590 1549 Sed
632 1516 694 1548 ex
735 1501 831 1549 isto
873 1501 1128 1550 manifeste
1170 1502 1385 1561 infertur,
1430 1503 1564 1565 quod
1602 1503 1697 1551 hoc
1739 1517 1898 1551 sacra-

2037 405 2142 475 263

145 1588 367 1629 mentum
391 1596 494 1629 non
519 1582 578 1630 sit
595 1582 822 1631 accidens
842 1583 943 1631 sine
969 1584 1204 1646 subjectO,
1225 1599 1337 1631 cum
1361 1583 1552 1632 fundari
1577 1599 1680 1632 non
1704 1585 1896 1648 poterit,
1978 1617 1982 1621 -

146 1663 282 1726 quod
305 1662 441 1712 Deus
465 1664 579 1712 fecit
601 1664 829 1713 accidens
854 1680 1032 1727 corpus
1057 1680 1229 1724 suum3
1266 1666 1379 1714 ideo
1409 1665 1678 1714 adhaerens
1710 1666 1823 1714 fidei
1845 1674 1899 1714 ut

143 1743 383 1794 haeresim
405 1746 671 1794 maximam
695 1745 790 1794 1100
815 1747 1024 1808 negabo.
1083 1746 1205 1794 Ideo
1229 1747 1339 1795 misi
1364 1747 1481 1794 alias
1508 1749 1709 1810 satrapis
1732 1748 1783 1795 in
1807 1748 1898 1796 ista

143 1827 344 1876 materia
365 1827 482 1876 istas
505 1834 601 1876 tres
626 1827 978 1885 conclusiones,
1005 1843 1119 1875 cum
1141 1829 1490 1891 protestatione
1515 1828 1703 1877 debita:
1732 1831 1897 1891 prima

96 1948 98 1950 .
142 1916 218 1958 est
238 1907 361 1958 haec
374 1924 388 1968 ;
426 1909 468 1957 si
490 1909 660 1957 virtute
691 1909 920 1957 istorum⁵
942 1910 1201 1957 verborum
1236 1911 1655 1958 sacramentalium
1685 1911 1746 1958 sit
1769 1911 1895 1958 acci-

143 1989 266 2040 dens
306 1989 412 2038 sine
453 1990 674 2053 subjecto
719 1991 771 2038 in
817 1999 1122 2039 sacramento
1169 1991 1343 2050 altaris,
1385 1992 1502 2040 illud
1548 1993 1776 2040 accidens
1824 2001 1896 2040 est

141 2073 405 2136 ipsummet
429 2080 798 2122 sacramentum.
859 2072 997 2120 Patet
1021 2088 1081 2120 ex
1105 2072 1216 2132 hoe,
1241 2073 1374 2136 quod
1399 2082 1756 2122 sacramentum
1780 2074 1896 2122 illud

143 2153 413 2204 secundum
446 2154 807 2202 confessionem
831 2155 1138 2203 concordem
1169 2156 1372 2203 istorum
1403 2155 1757 2205 haereticorum
1793 2170 1896 2204 non

145 2243 220 2285 est
243 2236 511 2285 substantia
523 2251 538 2296 3
573 2236 687 2284 ideo
711 2251 815 2284 non
839 2245 1058 2299 superest
1082 2237 1202 2300 quid
1226 2239 1373 2286 verba
1403 2238 1493 2287 ista
1526 2238 1826 2286 destruerent
1849 2245 1897 2285 et

145 2318 196 2366 in
220 2309 525 2367 sacramento
550 2317 888 2381 relinquerent,
910 2319 1002 2366 nisi
1025 2319 1120 2367 tale
1145 2318 1387 2367 accidens.
1447 2317 1658 2367 Secunda
1675 2319 1898 2366 conclusio

145 2399 234 2448 fuit
273 2400 364 2448 ista
377 2415 391 2460 ;
444 2400 566 2448 inter
600 2415 776 2448 omnes
817 2400 1054 2458 haereseS,
1091 2416 1217 2463 quae
1255 2415 1475 2463 unquam
1512 2400 1808 2463 pullularunt
1847 2400 1898 2447 in

145 2481 353 2530 ecclesia
387 2489 556 2530 sancta
578 2480 687 2540 Dei,
712 2497 816 2529 non
851 2481 938 2529 fuit
973 2481 1242 2540 nefandior,
1276 2497 1424 2544 quam
1459 2482 1672 2530 haeresis
1707 2497 1900 2546 ponens

146 2563 374 2612 accidens
397 2547 502 2611 sine
528 2563 747 2626 subjecto
773 2578 879 2611 esse
903 2563 998 2610 1100
1022 2563 1293 2611 venerabile
1319 2572 1691 2611 sacramentum.
1762 2563 1898 2611 Patet

149 2660 212 2694 ex
233 2644 347 2703 hoc,
371 2644 533 2707 quod⁶
556 2644 648 2692 ista
671 2645 762 2702 via,
786 2652 1023 2706 quantum
1058 2645 1108 2691 in
1145 2659 1196 2692 se
1232 2652 1319 2702 est,
1345 2645 1607 2692 haereticat
1638 2645 1900 2707 praecipua

146 2728 294 2775 verba
317 2726 510 2784 Christi,
530 2733 579 2774 et
601 2726 839 2774 haeresim
856 2740 1000 2788 super
1017 2726 1256 2788 majorem
1281 2734 1469 2788 partem
1493 2726 1725 2774 ecclesiae
1749 2726 1898 2773 intro-

149 2809 295 2858 ducit.
378 2807 540 2856 Tertz'a
587 2808 813 2855 conclusio
859 2815 932 2855 est
979 2808 1070 2855 ista
1083 2824 1096 2867 ;
1151 2807 1246 2855 hoc
1293 2816 1651 2855 sacramentum
1698 2823 1758 2856 ex
1804 2807 1899 2855 fide

145 2891 382 2955 evangelii
406 2899 479 2939 est
509 2890 786 2938 naturaliter
815 2905 955 2937 verus
987 2891 1140 2951 panis,
1167 2898 1213 2938 et
1239 2890 1644 2937 sacramentaliter
1676 2905 1733 2938 ac
1765 2905 1899 2938 vera-

148 2980 267 3028 citer
289 2993 470 3042 corpus
496 2978 689 3028 Christi.
760 2978 898 3026 Patet
921 2993 982 3025 ex
1007 2979 1258 3040 evangelio
1285 2978 1575 3041 supradicto.

215 3059 470 3119 Quantum
494 3061 558 3108 ad
594 3060 862 3108 secundam
894 3060 1230 3121 quaestionem
1264 3066 1412 3118 tuam,
1439 3060 1622 3108 videtur
1646 3060 1763 3107 mihi
1786 3075 1899 3122 pro-

147 3142 319 3201 babile,
343 3142 479 3205 quod
504 3141 739 3199 ChristuS‚
765 3141 847 3204 qui
873 3141 1150 3189 dominatur
1174 3156 1319 3203 super
1347 3156 1520 3189 omnes
1553 3141 1787 3199 diabolOS,
1811 3157 1899 3204 per

150 3222 245 3272 hoc
287 3223 434 3272 docet
474 3238 567 3271 nos
604 3222 865 3285 figurative,
904 3221 1155 3285 quomodo
1193 3237 1399 3285 regnum
1435 3220 1718 3271 antichristi⁷
1753 3223 1803 3270 in
1846 3238 1898 3272 se

202 3374 216 3399 ¹
246 3373 436 3426 Christo]
457 3386 540 3413 om.
563 3373 627 3413 ed.
648 3385 709 3425 pr.
931 3372 946 3394 ²
976 3372 1035 3425 et]
1057 3379 1115 3420 ut,
1138 3373 1192 3415 D.
1412 3374 1427 3397 ³
1456 3375 1507 3414 cf.
1532 3386 1551 3413 2
1574 3375 1762 3416 Corinth.
1782 3377 1809 3417 i.
1836 3388 1897 3431 19.

147 3428 252 3469 Cod.
283 3429 357 3469 C.:
399 3441 485 3469 non
514 3432 608 3467 sunt
636 3426 714 3467 nisi
743 3434 803 3467 est
834 3433 873 3466 et
902 3440 998 3467 non.
1273 3427 1286 3450 ⁴
1315 3428 1453 3480 dictis]
1485 3429 1716 3481 praedictis,
1737 3431 1800 3471 ed.
1837 3444 1898 3485 pr.

144 3481 162 3505 ³
188 3482 381 3535 istorum]
401 3495 485 3522 om.
503 3479 658 3521 A.B.C.
861 3481 876 3504 ⁶
906 3481 1035 3533 quod]
1058 3482 1164 3533 quia,
1184 3481 1237 3520 D.
1420 3483 1434 3505 ⁷
1463 3483 1712 3537 antichristi]
1733 3497 1815 3525 om.
1838 3486 1897 3532 13„

148 3537 200 3576 A.
220 3537 377 3590 primae
396 3549 554 3582 manus,
574 3536 637 3576 ed.
660 3549 718 3587 pr.

1953 1919 2075 1947 Thaees
2086 1921 2133 1982 abi

1952 1987 2117 2022 episcopos

1951 2021 2063 2049 missae
2076 2023 2116 2050 de

1950 2060 2145 2084 sacramento

1950 2089 2067 2118 altaris.
