2424 4120
290 1122 531 1161 Aruegmntaad

288 1163 463 1189 deramonst

287 1196 442 1223 (1313111611
423 1165 493 1218 1111ᾶο
495 1197 546 1217 3-11

286 1230 328 1256 tiu
331 1236 393 1254 mu
374 1226 535 1254 uiiaetlttm

286 1272 323 1291 ex
326 1261 462 1295 cogtat

287 1297 370 1324 diluu
372 1299 441 1322 nurt

286 2271 425 2304 Primum,
442 2280 503 2306 quo

284 2306 464 2339 perhibetur

283 2339 522 2400 giendicantium

303 2374 429 2413 00615135
442 2378 535 2428 atqu

281 2441 349 2468 ficia
361 2441 474 2501 riegnis‚

326 2483 343 2501 3
386 2475 432 2509 psi
446 2475 475 2502 in

282 2509 355 2540 lant,
366 2484 470 2537 decori

283 2550 364 2573 esse.

1057 402 1220 467 JOA
1244 403 1480 454 NNJS
1549 404 1773 454 WJCL
1792 404 1898 452 [Γ
2224 426 2360 457 cm.

1314 766 1471 816 CAP.
1507 767 1649 816 VIII.

769 896 1001 959 Argutiae
1025 898 1091 944 ad
1109 897 1400 961 defendendos
1424 899 1772 946 mendicantium
1796 899 1976 946 ordines
1991 899 2203 960 prolatae

1288 980 1652 1042 redarguuntur.

670 1106 764 1154 Pro
807 1107 1166 1170 complemento
1207 1108 1338 1156 finali
1378 1117 1522 1158 restat
1562 1109 1728 1158 tollere
1768 1110 2003 1172 objectus,
2039 1109 2123 1172 qui
2165 1108 2286 1156 fiunt
2327 1124 2356 1156 a

603 1187 847 1251 discipulis
879 1189 1156 1237 antichristi.
1225 1189 1456 1252 Arguitur
1491 1191 1622 1238 enim
1656 1191 1990 1248 communiter,
2021 1189 2156 1253 quod
2187 1189 2373 1238 fratres-

602 1270 806 1316 multum
846 1278 1049 1332 prosunt
1089 1270 1319 1318 ecclesiae
1360 1279 1408 1319 et
1446 1286 1550 1319 non
1585 1278 1777 1329 nocent,
1816 1286 1928 1319 cum
1963 1271 2143 1319 habent
2178 1269 2356 1318 domos

602 1359 744 1414 atque
770 1351 1010 1406 ecclesias,
1035 1352 1211 1414 quibus
1239 1367 1391 1415 regna
1422 1353 1746 1415 multipliciter
1779 1353 2082 1410 decorantur,
2107 1350 2356 1414 praedica-

601 1434 811 1481 tionibus
853 1433 964 1491 suis,
1005 1434 1168 1481 missis
1210 1441 1257 1481 et
1298 1435 1597 1482 orationibus
1638 1435 1904 1496 specialiter
1942 1434 2255 1498 adjuvantur3
2308 1440 2356 1480 et

601 1515 925 1563 communitas
966 1530 1136 1563 eorum
1177 1516 1289 1563 vivit
1329 1515 1546 1578 parcius1
1588 1516 1648 1564 de
1691 1516 1968 1563 elemosinis
2015 1515 2228 1572 divitum,
2269 1528 2367 1576 per,

600 1612 721 1658 quas
767 1612 973 1660 regnum
1021 1597 1295 1645 coelorum²
1342 1598 1601 1661 acquiritur
1614 1612 1628 1657 3
1689 1598 1798 1660 quis
1853 1612 1973 1660 ergo
2021 1602 2357 1645 contemneret

600 1678 718 1727 tales
744 1680 934 1727 sectas?

669 1760 767 1808 Sed
790 1760 867 1808 hic
893 1760 1077 1819 dicitur,
1104 1768 1156 1808 ut
1182 1776 1325 1823 saepe
1351 1760 1482 1819 aliaS,
1507 1759 1641 1823 quod
1673 1760 1778 1808 illae
1802 1766 1961 1808 sectae
1993 1757 2353 1807 infundabiliter

598 1842 900 1890 introductae
936 1843 1141 1889 multum
1182 1849 1361 1890 nocent
1400 1842 1646 1890 ecclesiae.
1719 1841 1930 1900 Nocent‚
1966 1842 2182 1904 inquam,
2220 1840 2353 1888 adul-

598 1924 802 1972 terando
834 1925 1034 1971 verbum
1066 1923 1175 1981 Dei,
1209 1931 1387 1971 nocent
1422 1925 1472 1971 in
1509 1924 1796 1972 seminando
1831 1924 2056 1972 haereses
2091 1922 2355 1972 contrarias

599 2005 724 2063 fidei,
761 2013 809 2053 et
846 2006 916 2053 sic
951 2013 1131 2053 nocent
1166 2005 1216 2052 in
1259 2005 1541 2053 seducendo
1579 2005 1746 2053 fideles
1782 2005 2028 2062 ecclesiae,
2067 2002 2359 2053 sustinendo<

598 2087 828 2135 versutias
869 2087 1150 2144 antichristi,
1191 2087 1327 2149 cujus
1369 2093 1708 2149 argumentum
1755 2086 2005 2148 probabile
2052 2094 2124 2134 est
2170 2085 2353 2133 fructus

599 2169 784 2217 notatio
810 2169 1029 2216 seminati
1052 2170 1102 2216 in
1126 2168 1341 2227 ecclesia,
1368 2183 1397 2215 a
1420 2175 1638 2230 tempore
1664 2167 1789 2230 quo⁸
1811 2167 2001 2216 fuerant
2023 2166 2295 2216 introducti.

666 2250 729 2298 Et
748 2258 982 2313 quantum
1007 2250 1070 2297 ad
1093 2250 1330 2312 argutiam
1352 2249 1632 2306 triformem,
1652 2257 1783 2311 patet
1806 2257 2041 2311 quantum
2066 2249 2129 2297 ad
2143 2250 2353 2311 primum

598 2340 799 2394 partem,
820 2331 955 2394 quod
978 2331 1147 2379 fratres
1170 2331 1351 2379 habent
1375 2332 1524 2378 domos
1543 2339 1852 2393 sumptuosas
1876 2339 1923 2378 et
1941 2345 2173 2379 onerosas
2189 2330 2354 2392 regnis

599 2429 722 2476 quae
747 2413 978 2471 incolunt,
997 2420 1045 2460 et
1070 2413 1273 2460 omnino
1299 2412 1560 2460 contrarias
1579 2412 1702 2459 vitae
1722 2411 2016 2474 apostolicae
2034 2419 2080 2460 et
2097 2411 2354 2460 imitationi

477 2483 494 2502 ⁰
516 2489 526 2496 “
599 2494 800 2542 Domini
825 2494 978 2542 nostri
1001 2493 1121 2557 Jesu
1142 2493 1319 2542 Christi
1333 2508 1346 2553 ;
1385 2492 1605 2541 Christus
1631 2493 1763 2541 enim
1786 2501 1834 2540 et
1859 2494 1931 2541 sui
1955 2493 2163 2556 apostoli
2185 2493 2353 2541 horre-

597 2577 714 2623 bant
754 2576 1101 2638 proprietatem
1143 2575 1404 2623 domorum
1450 2575 1617 2622 talium
1663 2582 1716 2622 ut
1755 2590 2011 2624 venenum.
2081 2574 2350 2635 Quomodo

596 2658 763 2720 igitur4
799 2657 996 2705 inolevit
1030 2657 1158 2704 clero
1191 2656 1493 2719 privilegium
1525 2655 1738 2714 fratrum,
1772 2664 1825 2704 ut
1860 2656 1922 2704 ad
1953 2671 2216 2719 regnorum
2233 2695 2236 2698 Α
2251 2655 2351 2704 dis-

594 2740 828 2802 pendium
863 2738 1116 2789 aedificent
1152 2739 1240 2787 sibi
1275 2739 1587 2802 proprietarie
1622 2737 1742 2785 tales
1777 2739 1963 2788 turres?
2022 2738 2142 2787 Non
2163 2737 2350 2786 videtur

595 2823 726 2870 enim
751 2837 897 2870 causa
922 2822 1175 2884 patentior,
1202 2836 1349 2883 quam
1374 2819 1523 2883 quod,
1549 2819 1670 2868 sicut
1695 2820 1916 2868 diabolus
1939 2821 1990 2867 in
2014 2820 2153 2883 Cayn
2181 2828 2350 2868 contra

595 2912 769 2952 statum
788 2903 1090 2951 innocentiae
1116 2902 1381 2951 aedificavit
1406 2902 1647 2950 civitatem
1671 2909 1724 2948 ut
1748 2902 1903 2965 spolia
1925 2902 2156 2965 praedata
2179 2910 2350 2950 contra

594 2983 913 3033 caritativam⁵
937 2984 1431 3032 communicationem
1455 2984 1623 3047 populi
1657 2991 1879 3041 tueretur,
1909 2984 1977 3031 sic
2000 2983 2076 3031 isti
2099 2981 2267 3031 fratres
2297 2984 2348 3030 in

594 3067 819 3115 domibus
844 3065 1178 3114 defensionum
1205 3080 1398 3113 suarum
1421 3065 1627 3127 praedas
1650 3065 1818 3129 populi
1847 3080 1967 3127 quas
1999 3065 2202 3127 rapiunt,
2228 3080 2347 3113 con-

595 3156 849 3197 servarent.
934 3145 1079 3195 Unde
1123 3155 1348 3209 quattuor
1385 3147 1581 3195 ordines
1618 3147 1816 3194 fratrum
1857 3146 1907 3193 in
1945 3143 2108 3208 Cayn⁶
2146 3146 2346 3195 nomine

595 3231 871 3294 figurantur.
958 3227 1087 3277 Utile
1134 3227 1302 3292 igitur⁷
1347 3227 1469 3277 foret
1509 3229 1684 3291 regniS‚
1727 3228 1860 3291 quod
1901 3225 2184 3290 expensae⁸,
2225 3242 2347 3290 quas

652 3385 664 3407 ¹
693 3383 874 3437 parcius]
896 3383 1047 3436 potius,
1068 3384 1119 3424 C.
1284 3383 1300 3406 ²
1327 3383 1556 3434 coelorum]
1578 3388 1770 3429 ceterum,
1791 3383 1840 3423 C.
1940 3382 1965 3427 '³
1992 3394 2017 3421 a
2036 3385 2222 3434 tempore
2240 3381 2343 3434 quo]

596 3445 717 3490 atque
737 3438 958 3490 quomodo,
981 3439 1029 3478 C.
1193 3437 1206 3459 ‘¹
1235 3437 1378 3489 igitur]
1399 3450 1511 3489 ergo,
1532 3438 1581 3477 C.
1715 3437 1730 3460 ⁵
1758 3435 2030 3488 caritativam]
2051 3436 2275 3482 caritatem,
2294 3436 2344 3476 C.
2420 3459 2424 3462 -

597 3491 613 3514 ⁶
640 3493 776 3544 Cayn]
799 3494 943 3544 Caym,
963 3493 1079 3538 b.C.;
1112 3491 1163 3532 cf.
1184 3491 1310 3532 Trial.
1331 3492 1406 3531 IV.
1426 3503 1492 3542 33.
1576 3492 1591 3515 ⁷
1620 3491 1763 3544 igitur]
1784 3503 1896 3544 ergo,
1918 3491 1966 3532 C.
2077 3489 2093 3513 ⁸
2121 3489 2340 3543 expensae]
2406 3528 2411 3532 ,

554 3598 557 3601 ‚
597 3547 794 3598 expensis,
818 3548 897 3587 a.b.
