2436 4094
311 446 408 502 108

959 443 1396 508 JOANNIS
1466 445 1826 495 WICLIF
2143 462 2285 492 mun.

541 587 625 637 est,
662 578 795 642 quod
830 577 947 625 nihil
983 579 1073 626 nisi
1109 578 1285 636 Deum,
1321 586 1368 627 et
1403 578 1564 627 media
1598 569 1673 627 utl'
1710 578 1972 641 disponunt
2013 577 2077 626 ad
2111 577 2290 640 ipsum}

540 661 730 723 penitus
755 667 1052 721 appetamus.
1123 660 1185 707 Et
1215 660 1276 708 ad
1307 667 1496 708 tantum
1527 668 1688 722 potest
1719 660 1871 708 homo
1904 658 2290 708 habitudinaliter'

539 741 795 802 indisponi,
821 741 956 803 quod
980 741 1071 788 hae
1097 742 1221 789 duae
1244 743 1490 804 potentiae
1523 742 1876 790 innaturaliter2
1900 743 1950 790 in
1974 742 2166 804 objecta
2199 740 2287 787 mi·

539 823 670 870 sera³
693 823 1060 870 irrevocabiliter
1084 831 1319 885 perpetuo
1352 825 1679 871 terminentur.
1752 824 1815 872 Et
1848 826 1935 872 iste
1971 831 2044 872 est
2067 826 2290 871 summus·

536 904 714 965 gradus
762 904 996 962 miseriae,
1045 905 1127 966 qui
1173 905 1466 952 intellectum
1513 905 1781 953 humanum
1827 914 1989 968 potest
2035 904 2284 966 attingere.

324 1010 342 1029 0
367 1009 436 1063 ⁰3³1
452 1007 480 1062 {a
536 987 611 1033 De
648 986 818 1033 ordine
854 982 1042 1033 autem4
1065 987 1387 1048 potentiarum
1422 987 1566 1049 hujus
1600 988 1791 1049 spiritus
1825 1002 1928 1035 non
1963 993 2158 1049 oportet
2193 998 2289 1033 nos

536 1083 641 1116 esse
689 1067 932 1124 sollicitos,
976 1068 1089 1129 quia
1134 1068 1251 1115 nihil
1292 1069 1415 1116 valet
1462 1069 1621 1131 aliqua
1661 1069 1765 1131 ejus
1811 1069 2042 1131 potentia,
2085 1067 2177 1116 nisi
2224 1065 2285 1113 de

535 1156 719 1212 quanto
756 1147 1005 1196 ordinatur
1039 1149 1103 1197 ad
1137 1148 1313 1196 Deum.
1386 1149 1532 1197 Unde
1568 1150 1853 1198 intellectiva
1887 1149 2106 1212 potentia
2140 1148 2286 1196 habet

533 1231 583 1277 in
609 1230 769 1292 aliquo
800 1231 1037 1277 rationem
1070 1230 1381 1278 excellentiae
1414 1245 1558 1293 super
1590 1232 1858 1293 potentiam
1889 1231 2147 1288 volitivam,
2172 1235 2304 1301 eum,

533 1313 689 1374 ipsam
713 1311 970 1374 praecedat
993 1320 1041 1360 et
1064 1320 1255 1359 moveat
1278 1320 1510 1374 tanquam
1529 1312 1742 1371 ductrix3
1781 1312 1897 1359 nihil
1915 1313 2048 1359 enim
2062 1311 2293 1366 volumus

534 1394 623 1441 nisi
642 1393 774 1455 quod
788 1393 1110 1455 intelligimus,
1128 1393 1296 1441 saltem
1312 1393 1581 1441 secundum
1596 1395 1942 1455 apparentiam,
1959 1407 2065 1441 esse
2079 1393 2289 1439 bonum.-

537 1474 816 1522 Secundum
871 1474 1108 1536 aliquam5
1163 1474 1399 1521 rationem
1456 1474 1734 1521 dominatur
1789 1489 1934 1536 supra
1987 1472 2285 1521 intellectum

534 1556 751 1618 potentia
790 1555 994 1612 volitiva,
1038 1570 1151 1603 cum
1191 1556 1298 1618 ipsa
1344 1555 1611 1617 praeexigit
1655 1551 1996 1603 intellectivae⁶
2037 1553 2289 1617 potentiae

534 1637 850 1683 ministerium
874 1644 922 1683 et
946 1636 1034 1683 sibi
1059 1637 1265 1699 imperat
1287 1644 1341 1684 ut
1364 1637 1517 1684 taliter
1535 1645 1772 1699 operetur.
1846 1636 1944 1685 Sed
1967 1650 2140 1685 omnes
2163 1635 2282 1684 istae

535 1725 647 1766 sunt
669 1718 940 1765 locutiones
965 1718 1256 1780 figurativae,
1282 1733 1394 1766 cum
1423 1718 1542 1766 tales
1567 1719 1882 1781 proprietates
1907 1718 2067 1768 solum
2091 1716 2283 1781 proprie

534 1799 723 1848 insunt⁷
744 1800 1014 1847 substantia.
2286 1808 2288 1810 ’

1279 2026 1434 2076 CAP.
1473 2027 1519 2074 X

1043 2155 1329 2219 Angelorum
1353 2163 1525 2205 natura
1549 2163 1593 2205 et
1613 2162 1768 2204 molus.

600 2277 802 2326 Alz'thz'a.
874 2278 1004 2338 Quia
1045 2282 1314 2328 secundum
1361 2296 1638 2329 mensuram
1680 2280 1892 2328 debitam
1933 2277 2169 2341 procedis,
2214 2279 2285 2326 mi

532 2359 675 2408 frater
699 2361 977 2418 Phronesis,
1005 2362 1065 2408 de
1089 2363 1393 2410 universitate
1428 2372 1603 2419 creata,
1630 2361 1928 2410 conveniens
1959 2359 2086 2408 foret
2109 2368 2283 2422 parum

531 2442 584 2488 de
617 2443 796 2504 angelis
830 2451 1135 2504 pertractare,
1173 2458 1285 2490 cum
1319 2444 1427 2492 illos
1471 2443 1731 2490 adoramus
1771 2450 1818 2490 et
1859 2441 2114 2500 credimus,
2150 2439 2287 2504 quod·

533 2530 644 2572 sunt
667 2522 871 2571 fabrica⁸
896 2523 989 2570 Dei
1014 2525 1298 2586 dignissima
1322 2525 1444 2572 inter
1469 2525 1680 2587 singulas
1706 2532 1967 2583 creaturas.

599 2605 871 2652 Phronesis.
942 2605 1019 2652 De
1061 2606 1240 2653 noticia
1282 2606 1568 2668 angelorum
1605 2620 1778 2667 parum
1816 2603 2133 2667 concipimuS,
2170 2609 2284 2653 cum'

530 2693 632 2733 tam
661 2686 1008 2734 demonstratio
1042 2702 1190 2749 quam
1223 2702 1394 2735 sensus
1427 2687 1586 2735 deficit
1618 2702 1717 2750 quo
1744 2687 1808 2734 ad
1839 2701 2010 2734 eorum
2036 2686 2299 2734 noticiam:

531 2767 839 2815 Rationabile
886 2775 1047 2815 autem
1093 2776 1179 2826 est,
1221 2777 1274 2816 ut
1314 2768 1450 2817 Deus
1498 2769 1582 2830 qui
1623 2770 1674 2816 in
1716 2768 1944 2815 creaturis
1992 2767 2090 2815 suis
2136 2781 2281 2815 orna-·

530 2850 712 2896 tissime
737 2849 972 2911 procedit,
999 2849 1174 2897 habeat
1197 2858 1418 2897 naturam
1443 2850 1727 2911 angelicam,
1754 2865 1784 2897 a
1808 2863 2011 2911 corpore
2042 2848 2091 2896 et
2120 2849 2284 2896 anima

532 2938 816 2992 separatam,
837 2938 889 2977 ut
912 2931 1035 2978 sicut
1059 2932 1301 2992 quaedam
1325 2939 1397 2978 est
1419 2931 1577 2978 forma
1599 2931 1801 2978 omnino
1825 2930 2050 2978 materiae
2076 2929 2280 2992 alligata,

532 3013 772 3074 quaedam
809 3020 970 3060 autem
1005 3012 1176 3070 forma,
1201 3013 1311 3060 licet
1346 3014 1405 3061 sit
1439 3014 1665 3060 materiae
1691 3013 1753 3059 ad
1784 3020 1978 3074 tempus
2001 3012 2280 3074 conjuncta,

533 3103 603 3142 est
645 3102 809 3142 tamen
851 3110 880 3142 a
919 3095 1121 3141 materia
1159 3094 1450 3156 separabilis,
1485 3102 1538 3141 ut
1576 3094 1737 3141 anima
1776 3093 2003 3150 humana,
2037 3093 2280 3155 quaedam

533 3185 694 3224 autem
718 3177 909 3238 corpori
935 3176 1208 3237 conjuncta,
1228 3182 1281 3222 ut
1304 3175 1623 3222 instrumento
1649 3174 1926 3236 separabilis
1952 3174 2002 3221 in
2020 3182 2204 3232 natura,
2231 3182 2278 3222 et

533 3257 662 3315 alias,
699 3257 816 3305 dum
851 3257 939 3305 sibi
975 3256 1217 3319 placuerit,
1251 3272 1280 3304 a
1314 3271 1516 3319 corpore
1553 3264 1772 3318 separata
1785 3271 1798 3314 3
1848 3264 1897 3303 et
1931 3255 2050 3304 tales
2085 3256 2278 3318 spiritus¹

588 3413 602 3436 ¹
631 3413 694 3465 ut]
735 3426 837 3464 quae
874 3419 932 3459 ut,
970 3413 1033 3453 ed.
1072 3426 1132 3466 pr.
1381 3411 1397 3435 ²
1423 3410 1721 3464 innaturaliter]
1761 3409 2080 3456 immutabiliter,
2119 3410 2173 3450 A.
2177 3409 2222 3450 Β.
2225 3388 2279 3451 C.

533 3466 547 3488 ³
576 3467 741 3519 misera]
762 3467 933 3514 miseria,
954 3467 1017 3507 ed.
1037 3480 1099 3519 pr.
1263 3465 1276 3488 ⁴
1304 3466 1461 3518 autern]
1483 3480 1564 3506 om.
1586 3466 1637 3505 A.
1642 3467 1686 3505 Β.
1733 3463 1738 3467 ”
1792 3499 1795 3501 .
1832 3464 2073 3516 ⁵aliquam]
2095 3463 2293 3516 aliquam',

534 3522 683 3565 autern,
697 3521 748 3560 A.
753 3521 797 3560 B.
802 3522 850 3562 C.
869 3522 980 3573 ed.p
1159 3521 1174 3543 ⁶
1203 3520 1491 3573 intellectivae]
1512 3520 1715 3565 volitivae,
1734 3519 1796 3560 ed
1816 3532 1876 3572 pr.
1897 3531 1990 3558 cum
2011 3519 2058 3559 C.
2075 3518 2280 3559 secundae*

536 3585 691 3614 manus.
810 3574 825 3598 ⁷
853 3535 1013 3628 insuntr]
1029 3574 1165 3623 insint,
1187 3576 1249 3616 ed
1269 3587 1330 3627 pr.
1440 3576 1455 3598 ⁸
1482 3574 1652 3628 fabrica]
1670 3573 1838 3620 factura,
1856 3572 1917 3614 e'd.
1938 3585 1998 3625 pr.
