2436 4094
428 384 463 434 4
1006 365 1760 418 PROLEGOMENA..

430 514 560 554 certe
597 507 872 554 absolutum
908 520 1010 552 non
1046 520 1168 562 esse,
1207 504 1452 552 Robertus
1490 501 1732 564 Vaughan,
1758 501 1826 548 vir
1866 500 2171 558 clarissimuS,
2208 506 2343 546 recte

428 595 636 656 conJ'ecit
677 593 810 659 (Lifh
849 595 949 640 and
983 592 1203 655 Opinions
1244 593 1307 656 of
1319 591 1451 654 John
1492 592 1543 638 de
1589 590 1732 650 chlz‘
1766 607 1800 647 e,
1833 592 1976 650 1831,
2014 589 2080 636 ΙΙ.
2112 598 2206 649 175
2231 584 2344 650 sq.).

427 682 608 744 Neque
633 683 712 730 illo
738 690 926 729 tantum
951 683 1000 728 in
1025 682 1149 738 loco,
1177 680 1262 728 sed
1293 681 1467 729 iterum
1492 680 1582 726 sub
1605 678 1754 725 finem
1778 678 1996 740 ejusdem
2020 677 2226 740 capituli,
2244 690 2345 723 vnec

430 784 533 816 non
567 777 679 832 post
703 770 890 816 initium
917 770 1086 830 capitis
1117 780 1175 829 27
1204 769 1309 815 libri
1334 768 1503 830 quarti,
1537 765 1756 829 ersdem
1788 766 1978 814 concilii
2008 765 2193 813 mentio
2217 763 2346 812 facta

428 866 517 906 est.
591 857 697 905 Nec
723 858 808 904 abs
833 873 883 904 re
908 858 1046 904 fuerit
1072 857 1327 918 conjicere,
1353 856 1539 913 librum,
1566 856 1745 918 quippe
1770 869 1868 917 quo
1893 854 2152 902 concilium
2171 866 2345 900 mense

433 945 571 1008 Majo
620 948 745 1005 1382
791 945 1008 992 habitum
1051 952 1475 1003 commemoretur,
1518 953 1600 993 aut
1638 959 1770 992 anno
1817 943 2036 1006 sequenti
2083 950 2166 990 aut
2210 955 2343 989 anno

433 1033 631 1080 demum
663 1035 805 1093 1384,
832 1034 969 1095 cujus
999 1033 1075 1081 die
1100 1042 1349 1096 postremo
1374 1033 1595 1082 Wiclifus
1632 1041 1840 1082 mortem
1872 1033 2005 1090 obiit,
2031 1043 2343 1081 consumma-

430 1131 534 1169 tum
561 1137 683 1172 esse.

1351 1255 1426 1313 B.

498 1365 611 1431 Jam
645 1369 705 1416 de
729 1375 995 1431 argumento
1018 1369 1122 1418 libri
1155 1371 1386 1419 nonnulla
1422 1372 1629 1420 dicenda
1665 1379 1789 1420 sunt.
1863 1371 2124 1434 Trialogus
2158 1370 2347 1418 univer-

432 1476 538 1508 sam
572 1461 845 1509 doctrinam
881 1461 941 1509 de
974 1461 1084 1509 Deo
1120 1464 1360 1525 rebusque
1398 1462 1568 1511 divinis
1605 1464 1736 1511 brevi
1771 1463 2065 1527 compendio
2107 1463 2172 1510 ita
2209 1476 2346 1510 com-

434 1550 673 1611 plectitur,
710 1558 762 1597 ut
799 1550 1198 1598 scholasticorum
1239 1566 1376 1598 more
1414 1555 1425 1576 ‘
1447 1551 1650 1598 Summa
1687 1551 2005 1599 summarum'
2039 1557 2348 1614 nuncupatus

432 1639 507 1695 sit,
534 1638 594 1685 cf.
623 1637 871 1696 SHIRLEY,
892 1638 936 1685 A
966 1637 1216 1701 Catalogue
1238 1640 1376 1704 qfthe
1396 1638 1625 1702 Orzgrmal
1649 1639 1804 1687 Works
1822 1637 2014 1703 qfsohn
2038 1638 2216 1707 Wyclis}
2230 1638 2347 1688 Oxf.

438 1727 581 1785 1865,
608 1741 655 1788 p.
678 1742 723 1787 9.
795 1726 936 1788 Opus
978 1735 1184 1789 quatuor
1225 1728 1355 1776 libris
1392 1736 1594 1787 constat,
1629 1743 1753 1791 quos
1791 1743 1894 1776 non
1934 1743 1964 1776 a
2001 1727 2348 1790 posterioribus

428 1814 522 1862 sed
547 1815 608 1862 ab
633 1822 830 1862 auctore
854 1815 962 1876 ipso
990 1815 1245 1863 distinctos
1270 1831 1377 1864 esse
1404 1831 1480 1864 res
1505 1817 1613 1878 ipsa
1635 1823 1848 1865 testatur.
1919 1815 2047 1864 Cum
2071 1815 2351 1865 Guilielmus

442 1901 689 1960 Woodford
723 1900 784 1949 de
825 1902 994 1949 ordine
1037 1901 1288 1950 Minorum
1330 1904 1457 1952 circa
1498 1919 1682 1956 annum
1728 1919 1857 1962 1400
1898 1903 2123 1952 articulos
2163 1903 2349 1965 aliquot

432 1988 641 2052 Joannis
665 1990 840 2038 Wiclifi
865 1992 1187 2054 impugnaret,
1215 1994 1476 2040 sententias
1501 1993 1721 2055 Trialogi
1751 1992 1881 2040 haud
1903 2007 2086 2055 paucas
2115 1992 2348 2040 librorum

433 2079 743 2140 capitumque
773 2079 987 2127 numeris
1023 2087 1213 2127 notatas
1248 2081 1460 2128 recitavit
1485 2078 1783 2145 (Fasciculus
1807 2097 1971 2128 rerum·
1991 2081 2348 2143 expetendarum

431 2170 475 2211 et
497 2166 861 2228 fugiendarum,
902 2167 966 2214 ed.
1015 2166 1108 2214 Ed.
1155 2167 1353 2225 Brown,
1397 2168 1558 2216 Lond.
1601 2170 1745 2230 1690,
1786 2168 1825 2216 Ι.
1857 2184 1952 2231 190
1978 2166 2088 2235 sq.).
2157 2168 2347 2218 Verum
2396 2214 2399 2218 .

432 2253 578 2300 etiarn
614 2262 782 2302 auctor
816 2255 920 2317 ipse
957 2270 1060 2302 non
1095 2255 1245 2303 semel
1279 2255 1416 2303 locos
1453 2257 1614 2319 operis
1651 2257 1838 2319 priores
1873 2258 1939 2305 ita
1972 2258 2024 2305 in
2057 2258 2347 2313 memoriam

434 2351 643 2400 revocat,
678 2352 730 2391 ut
764 2351 846 2391 aut
876 2332 1051 2390 librum
1084 2352 1165 2391 aut
1197 2344 1342 2391 etiam
1372 2344 1593 2407 capitula,
1623 2346 1798 2407 quibus
1831 2346 2047 2409 singulae
2079 2346 2346 2397 sententiae

432 2430 682 2491 expositae
714 2430 820 2489 sint,
854 2432 1104 2493 significet.
1175 2431 1399 2494 Exempli
1435 2448 1582 2481 causa
1609 2434 1660 2480 in
1693 2434 1800 2481 libri
1836 2434 1929 2485 III.
1966 2435 2121 2498 capite
2158 2437 2187 2484 8
2224 2434 2347 2484 haec

435 2519 670 2582 legimus:
732 2525 743 2544 ‘
759 2521 896 2568 recolo
943 2537 1010 2567 me
1056 2522 1237 2568 dixisse
1282 2535 1338 2568 IN
1385 2535 1540 2569 mssso
1587 2536 1763 2581 PRIMO,
1812 2523 1947 2586 quod
1992 2523 2172 2584 omnia,
2219 2539 2347 2588 quae

434 2609 677 2666 eveniunt,
713 2609 988 2656 necessario
1027 2609 1246 2657 absolute
1282 2608 1536 2657 eveniunt.'
2300 2662 2302 2664 .

502 2695 694 2744 Deinde
726 2697 863 2744 initio
895 2697 1064 2759 capitis
1102 2707 1158 2757 27
1187 2697 1294 2744 libri
1327 2697 1414 2746 IV.
1440 2697 1561 2747 haec
1598 2699 1777 2762 scripta
1812 2700 2112 2750 invenimus:
2182 2701 2353 2751 ‘Dixi

432 2792 595 2831 autem
634 2786 847 2846 superius
888 2798 945 2837 IN
989 2799 1247 2832 PRINCIPIO
1286 2800 1452 2833 HUJUS
1494 2800 1686 2842 QUAR'rr
1729 2801 1826 2835 PER
1863 2802 2041 2836 Novum
2078 2801 2345 2849 culmum,

432 2880 613 2933 quanta
648 2872 952 2934 blasphemia
986 2881 1186 2921 utuntur
1221 2873 1392 2922 fratres
1425 2875 1476 2922 in
1511 2875 1607 2923 hoc
1643 2876 1902 2924 venerabili
1938 2877 2296 2927 sacramento.’·

501 2959 797 3022 Principales
840 2961 1003 3023 operis
1046 2970 1207 3023 partes
1249 2962 1315 3010 ita
1355 2962 1617 3024 dispositae
1657 2972 1782 3022 sunt,
1818 2971 1871 3011 ut
1908 2964 2028 3012 liber
2067 2965 2253 3028 primus
2292 2966 2346 3014 de

435 3046 548 3104 Dee,
587 3048 831 3096 secundus
873 3049 924 3096 de
964 3051 1130 3096 mundo
1171 3057 1296 3111 agat,
1331 3049 1390 3097 cf.
1417 3050 1481 3097 ΙΙ.
1516 3066 1568 3097 1:
1616 3050 1848 3099 ‘Videtur
1882 3061 1994 3114 post
2028 3052 2158 3102 illam
2192 3069 2344 3117 gene-

433 3133 582 3180 ralem
609 3136 896 3184 sententiam
923 3137 1101 3184 dictam
1126 3138 1177 3184 de
1199 3136 1299 3184 Deo
1321 3138 1623 3200 loquendum
1641 3153 1747 3187 esse
1766 3139 1818 3186 de
1835 3140 2134 3188 universitate
2157 3143 2344 3193 creata!

436 3219 605 3268 Tertio
645 3231 806 3270 autem
844 3224 982 3283 libro,
1025 3234 1287 3288 postquam
1329 3225 1389 3274 de
1427 3226 1677 3281 virtutibus
1718 3235 1766 3275 et
1803 3228 1926 3276 vitiis
1964 3235 2217 3278 tractatum
2255 3238 2343 3290 est,

434 3306 494 3354 de
538 3314 663 3355 statu
704 3310 1008 3360 innocentiae
1052 3321 1194 3376 atque
1238 3314 1297 3361 de
1340 3314 1565 3376 peccatiS,
1609 3315 1670 3363 de
1712 3314 1831 3379 Jesu
1873 3316 2087 3371 Christo
2109 3318 2343 3369 salvatore

435 3392 637 3455 ejusque
672 3396 1000 3447 incarnatione
1038 3401 1307 3463 exponitur.
1379 3401 1566 3461 Quarto
1604 3403 1815 3466 denique
1848 3404 1972 3452 libro
2007 3412 2055 3453 et
2089 3405 2151 3454 de
2184 3420 2342 3455 sacra-

436 3481 612 3528 mentis
638 3482 835 3544 singulis
859 3494 906 3534 et
939 3488 999 3535 de
1029 3490 1262 3538 ecclesiae
1287 3491 1515 3539 ministris
1540 3507 1632 3540 nec
1657 3492 1844 3549 nonde
1869 3493 2118 3543 ordinibus
2142 3493 2341 3544 fratrum

438 3569 830 3630 mendicantium,
856 3584 1104 3635 postremo
1134 3579 1192 3627 de
1218 3581 1362 3628 rebus
1387 3581 1659 3629 novissimis
1685 3582 1852 3645 agitur.
