2436 4094
155 423 308 459 caras.
752 407 1325 458 TRIALOGIJS.

153 536 364 587 defertur
386 546 582 598 astrum,
609 541 744 604 quod
767 557 898 591 nunc
923 550 998 592 est
1021 545 1368 603 stationarium,
1397 559 1526 592 nunc
1554 544 1904 607 retrogradum,

152 627 200 668 et
221 634 355 669 nunc
379 620 615 670 directum
629 638 642 682 3
679 631 727 672 et
752 623 858 672 illos
881 625 1085 674 circulos
1110 626 1636 689 nominantepiciclos,
1662 635 1709 674 et
1734 641 1907 688 quem-

151 699 268 749 libet
300 700 553 750 hominem
583 704 635 751 in
667 719 754 752 sua
785 707 1099 768 generatione
1139 722 1168 755 a
1206 707 1328 756 facie
1361 708 1483 756 coeli
1514 709 1564 755 in
1590 723 1679 756 sua
1702 707 1906 770 periodo

151 796 211 832 ac
244 784 341 831 vita
375 799 489 832 cum
523 784 746 834 fortuniis
781 803 839 836 ac
873 787 1171 836 infortuniis¹
1204 789 1409 837 limitari.
1479 789 1704 838 Planetas
1739 798 1903 837 autem

151 863 432 914 describunt
455 867 505 914 in
529 868 628 916 suis
649 869 1020 931 proprietatibus
1045 877 1092 918 et
1117 871 1542 932 complexionibus
1553 853 1908 937 ‘satisldiversi-

151 945 296 995 ficari.
369 946 558 996 Omnes
577 957 742 997 tamen
767 951 999 1012 possunt²
1022 967 1052 998 a
1076 952 1176 999 sole
1206 953 1372 1000 lumen
1397 955 1625 1015 recipere,
1652 962 1698 1002 et
1723 954 1906 1011 lunam,

149 1041 276 1091 quae
307 1036 383 1078 est
413 1030 608 1079 infimus
640 1032 943 1093 planetarum
977 1041 1024 1080 et
1056 1034 1234 1081 mater³
1257 1033 1582 1093 humidorum,
1616 1036 1833 1098 ponunt4
1858 1036 1908 1082 in

149 1111 461 1173 oppositione
487 1113 757 1161 secundum
780 1122 968 1176 partem
994 1115 1272 1163 inferiorem
1305 1117 1448 1164 nobis
1475 1117 1753 1165 sensibilem
1777 1117 1907 1165 illus-

148 1191 276 1250 trari,
317 1193 369 1240 in
416 1194 761 1258 conjunctione
806 1211 921 1244 vero
975 1212 1088 1244 curn
1135 1197 1237 1246 sole
1285 1199 1554 1246 secundum
1601 1207 1788 1261 partem
1836 1199 1908 1247 sui

151 1274 450 1337 superiorem
481 1277 694 1338 partem⁵
725 1278 965 1341 majorem
995 1279 1172 1327 habere
1198 1296 1227 1328 a
1251 1280 1365 1327 solis
1396 1281 1576 1328 lumine
1608 1281 1908 1339 illustratam,

150 1363 200 1404 et
216 1356 268 1404 in
286 1371 488 1406 accessu
505 1373 563 1407 ac
581 1374 774 1408 recessu
794 1375 823 1407 a
841 1360 940 1408 sole
961 1360 1226 1408 secundum
1246 1361 1454 1423 quadras
1472 1371 1519 1410 et
1538 1369 1700 1425 partes
1723 1363 1841 1411 alias
1858 1363 1908 1409 in

150 1437 332 1487 lumine
349 1440 532 1488 variari.

221 1519 320 1569 Sed
353 1536 453 1584 quo
489 1523 554 1571 ad
588 1538 762 1572 omnes
796 1513 925 1572 istas‘
948 1526 1225 1583 sententias,
1263 1526 1312 1572 in
1348 1525 1638 1589 quibusdam
1674 1526 1908 1574 sensibili-

149 1603 268 1651 bus⁶
304 1602 472 1653 dicunt
506 1606 831 1667 probabiliter,
867 1615 919 1655 ut
956 1606 1017 1654 de
1053 1607 1203 1665 astris,
1242 1607 1292 1654 in
1328 1608 1432 1655 aliis
1469 1616 1631 1657 autem
1674 1608 1909 1656 sensibili-

150 1684 268 1734 bus⁷
301 1685 660 1735 infundabiliter
691 1689 949 1746 somniant,
985 1697 1032 1736 et
1064 1689 1177 1736 ideo
1210 1689 1438 1736 nimirum
1471 1703 1642 1736 eorum
1674 1690 1909 1752 judicium

149 1767 344 1830 saepius
379 1775 453 1816 est
485 1783 779 1837 perversum.
852 1769 1066 1818 Tantam
1103 1778 1266 1818 autem
1301 1778 1492 1833 ponunt
1528 1770 1911 1833 regularitatem⁸

148 1848 199 1896 in
245 1854 382 1898 motu
429 1851 566 1909 coeli,
614 1850 749 1914 quod
795 1852 834 1899 si
883 1852 1022 1900 coelo
1068 1867 1222 1900 unum
1269 1860 1452 1900 astrum
1500 1852 1561 1900 de
1610 1868 1739 1900 novo
1786 1862 1912 1901 esset

149 1929 367 1979 additum
398 1931 475 1980 vel
509 1932 737 1991 ablatum,
763 1941 920 1981 totum
956 1933 1148 1982 coelum
1184 1949 1287 1981 non
1322 1942 1597 1982 moveretur
1632 1934 1707 1981 vel
1743 1949 1911 1981 move-

148 2011 304 2062 retur⁹
327 2027 440 2061 cum
463 2013 746 2077 fatigatione
770 2023 817 2063 et
839 2030 1014 2077 poena,
1039 2023 1092 2063 ut
1124 2015 1240 2064 dicit
1262 2015 1491 2063 Averroz‘s
1506 2033 1532 2071 ,·
1568 2015 1909 2063 Lz'ncolmiensz‘s

147 2102 325 2154 autem,
349 2096 433 2158 qui
468 2096 674 2144 multum
708 2097 759 2144 in
794 2097 886 2145 ista
919 2098 1120 2145 materia
1155 2097 1398 2155 laboravit,
1425 2098 1562 2160 ponit
1599 2099 1648 2145 in
1685 2113 1774 2145 suo
1810 2097 1910 2144 Ex-

148 2177 395 2226 ameron¹⁰
417 2177 730 2242 deceptiones
754 2180 803 2226 in
827 2179 919 2227 ista
943 2179 1143 2227 materia
1167 2180 1282 2228 satis
1306 2180 1609 2243 multiplices
1682 2179 1815 2227 Nam
1850 2195 1910 2227 ex

149 2259 246 2308 fide
277 2261 538 2323 scripturae
571 2261 646 2309 sol
669 2276 801 2309 nunc
826 2262 952 2310 stetit
975 2269 1023 2309 et
1054 2277 1185 2309 nunc
1218 2262 1519 2321 retrocessit;
1558 2263 1911 2324 etsignoramus

149 2342 189 2390 si
225 2342 419 2405 saepius
451 2343 518 2391 ita
551 2342 678 2391 fecit.
748 2343 812 2391 Et
848 2358 961 2391 curn
995 2350 1152 2391 totum
1184 2343 1422 2406 judicium
1458 2344 1727 2392 astronomi
1764 2344 1823 2392 sit
1849 2344 1911 2392 de

146 2423 493 2487 regularitate¹¹
540 2434 704 2474 motus
753 2425 878 2484 astri,
926 2426 1178 2489 quomodo
1228 2426 1619 2474 certitudinaliter
1664 2426 1909 2489 judicabit,

147 2506 416 2569 specialiter
425 2505 463 2533 ¹²
484 2507 535 2554 in
568 2507 800 2569 gemellis,
825 2508 908 2570 qui
941 2522 970 2555 a
1001 2507 1124 2555 facie
1158 2508 1280 2555 coeli
1303 2523 1457 2571 prope
1491 2507 1639 2570 pari¹3
1661 2508 1910 2555 influentia

149 2596 260 2636 sunt
282 2589 516 2651 respecti3
557 2591 685 2637 unus
715 2589 860 2637 habet
891 2597 1067 2637 statum
1098 2589 1320 2637 fortunae
1351 2589 1688 2636 laudabilem¹4
1712 2598 1760 2636 et
1791 2589 1910 2637 alius

61 2721 80 2734 s
147 2669 411 2719 infortunia
434 2671 548 2719 satis
570 2670 733 2719 multa.
807 2669 1031 2718 Similiter
1056 2684 1168 2718 curn
1194 2671 1409 2718 actiones
1435 2671 1700 2718 activorum
1726 2679 1837 2718 sunt
1861 2672 1910 2717 in

1969 1535 2148 1564 Sententiae
2158 1536 2227 1565 illae

1970 1571 2191 1605 dijudicantur.

149 2753 305 2815 passis
329 2752 599 2801 secundum
623 2752 966 2814 dispositiones
990 2766 1246 2814 passorum
1270 2751 1361 2799 et¹5
1384 2752 1612 2800 materiae
1646 2767 1707 2799 ex
1736 2752 1910 2814 quibus
1984 2790 1986 2793 .

150 2833 203 2882 fit
238 2833 485 2892 embrio¹⁶‚
512 2841 622 2882 sunt
659 2834 773 2882 satis
810 2833 1026 2896 dispares
1063 2834 1112 2880 in
1148 2833 1362 2891 matrice,
1390 2848 1481 2880 nec
1518 2833 1678 2896 aliqua
1713 2832 1924 2881 scientia*

147 2916 291 2966 tradit
330 2916 546 2980 regulam
589 2915 649 2963 de
691 2916 792 2965 istis
833 2916 1043 2964 materiis
1084 2931 1175 2963 nec
1218 2916 1495 2963 varietatem
1538 2915 1741 2963 actionis
1782 2915 1909 2963 coeli

204 3072 219 3096 ¹
247 3084 298 3114 ac
314 3071 400 3115 vita
418 3084 513 3113 cum
532 3071 722 3112 fortuniis
740 3084 789 3112 ac
808 3070 1060 3124 infortuniis]
1078 3078 1225 3112 cuncta
1243 3071 1445 3117 fortuniis,
1467 3070 1572 3111 A.B.
1682 3070 1698 3093 ²
1726 3071 1905 3124 ponunt]

154 3132 340 3180 possunt.
360 3127 410 3168 C.
429 3127 495 3168 ed.
513 3140 575 3180 pr.
842 3126 857 3149 ³
885 3126 1036 3179 mater]
1057 3127 1264 3179 magister,
1286 3126 1388 3166 A.B.
1409 3126 1565 3178 primae
1584 3138 1742 3171 manus,
1763 3126 1826 3165 ed.
1846 3139 1908 3178 pr.

149 3183 165 3203 ⁴
192 3181 372 3234 ponunt]
388 3186 605 3234 reponunt,
620 3180 724 3220 A.B.
834 3181 849 3205 ⁶
876 3181 1057 3234 partem]
1078 3194 1236 3233 parum,
1257 3180 1305 3221 C.
1326 3180 1388 3220 ed.
1409 3193 1470 3232 pr.
1581 3180 1597 3202 ⁶
1626 3179 1907 3232 sensibilibus]

149 3235 348 3281 sensibus,
368 3234 432 3276 ed.
451 3248 514 3288 pr.
623 3235 639 3258 ⁷
668 3234 947 3288 sensibilibus]
968 3235 1284 3280 insensibilibus,
1306 3235 1462 3275 A.B.C.
1482 3234 1546 3274 ed.
1565 3247 1627 3286 pr.
1751 3235 1765 3257 ⁸
1794 3246 1910 3286 regu-

147 3289 372 3342 laritatem]
393 3289 746 3342 irregularitatem,
767 3289 822 3329 D.
1006 3290 1021 3312 ⁹
1050 3290 1117 3329 vel
1135 3289 1385 3341 moveretur]
1407 3301 1489 3328 om.
1511 3289 1575 3328 ed.
1598 3301 1674 3340 pr„
1694 3300 1788 3328 cum
1809 3288 1907 3329 ΒΕ.

150 3344 307 3397 primae
324 3356 484 3385 manus.
691 3344 722 3367 ¹⁰
750 3343 1002 3396 Exameron]
1023 3345 1049 3384 i.
1063 3357 1098 3384 e.
1120 3343 1349 3394 ἑξαήμερον,
1370 3343 1541 3383 Roberti
1564 3345 1789 3382 Grosseteste
1806 3342 1911 3383 liber

149 3398 202 3439 de
221 3410 346 3462 opere
364 3410 434 3438 sex
451 3398 623 3439 dierum.
733 3398 763 3422 ¹¹
791 3398 1073 3451 regularitate]
1095 3397 1402 3450 irregularitate,
1423 3397 1475 3437 A.
1600 3396 1631 3420 ¹²
1659 3396 1907 3450 specialiter]

151 3452 383 3506 specialiter
401 3458 553 3498 tamen,
574 3452 682 3493 C.D.
700 3453 764 3493 ed.
785 3466 845 3506 pr.
1054 3453 1082 3476 ¹³
1111 3464 1240 3504 prope
1260 3450 1369 3504 pari]
1392 3451 1588 3503 sphaerae
1606 3452 1838 3503 paritatem,
1859 3451 1908 3492 C.

152 3506 308 3560 primae
325 3518 483 3552 manus,
505 3506 559 3546 D.
581 3507 645 3547 ed.
665 3520 726 3559 pr.
953 3506 981 3530 ²⁴
1010 3503 1486 3557 statum—laudabilem]
1507 3504 1910 3551 satum—laudabile,

154 3560 306 3601 A.B.C.
326 3560 389 3601 ed.
410 3573 471 3613 pr.
583 3561 612 3584 ²⁵
639 3561 699 3613 et]
721 3574 802 3602 om.
825 3562 898 3605 A.;
933 3561 1016 3606 sed,
1040 3561 1093 3600 D.
1115 3560 1177 3601 ed.
1198 3573 1259 3612 pr.
1374 3559 1405 3582 ¹⁶
1423 3559 1594 3605 embrio,
1615 3559 1685 3600 i.e.
1706 3557 1889 3612 embryo.

830 318 910 323 -——-
973 318 1016 324 μ
1115 320 1124 322 -
1136 319 1216 323 -.,--«
1329 320 1337 322 ,
1349 319 1377 322 ἡ,
1387 319 1397 322 Α
1418 320 1436 321 Ὗ
1530 318 1543 321 2
1630 317 2010 323 ...η--Φ-«Μ,
2024 320 2051 323 -,.
2198 323 2215 326 ψ
2230 320 2252 327 -
