2462 4114
259 558 262 559 ⁷
313 559 395 587 Varii
406 559 533 587 fratrum

314 601 432 621 errores
445 597 538 626 atque

459 635 476 653 x

312 665 433 700 fiuntur,
448 661 562 693 primus

312 702 321 721 ι
372 698 546 722 aeramento

312 728 413 756 altaris

1085 406 1508 470 JOANNIS
1577 407 1923 458 WIC'LIF
2224 427 2378 458 maxv.

629 541 849 604 capitu10.
920 539 1100 589 Prima
1123 548 1195 590 est
1227 541 1426 590 fratrum
1454 541 1744 604 blasphema
1765 541 1995 600 haeresis,
2021 556 2119 605 qua
2141 541 2192 590 in
2217 557 2374 592 sacra-

627 631 794 671 mento
829 621 987 670 altaris
1024 622 1297 671 stultificant
1331 623 1601 677 ecclesiam,
1628 624 1696 672 sic
1733 623 1866 686 quod
1894 623 2059 672 relicta
2093 623 2189 674 fide
2225 625 2373 687 scrip-

626 712 760 752 turae
794 704 868 751 isti
901 711 1124 766 quattuor
1159 703 1353 752 ordines
1382 704 1604 752 laborant
1635 705 1683 752 in
1718 704 1933 767 pluribus
1967 719 2117 767 quam
2149 713 2375 768 quattuor

626 783 762 832 rivis¹
786 784 1052 833 haereticis.
1122 785 1185 833 Et
1210 786 1404 848 signum
1428 785 1626 834 evidens
1651 794 1724 834 est
1749 784 1885 848 quod
1908 801 1937 834 a
1961 785 2056 834 fide
2080 786 2286 845 deviant,
2312 802 2374 835 ex

625 866 720 914 hoc
762 865 896 928 quod
938 873 1048 914 sunt
1090 874 1278 915 tantum
1314 867 1539 915 contrarii
1576 867 1665 915 sibi
1706 867 1839 930 ipsis,
1922 866 1986 915 Et
2025 869 2067 916 si
2107 866 2374 931 Templarii

627 948 852 996 destructi
873 946 1059 995 fuerant
1077 956 1274 1011 propter
1292 948 1535 997 defectum
1554 948 1664 997 fidei
1684 950 1828 997 nobis
1847 949 2167 1011 incognitum,
2187 957 2372 1012 quanto

567 1079 570 1082 Α
625 1029 781 1091 magis
807 1029 883 1076 isti
906 1029 1102 1077 ordines
1125 1038 1323 1092 propter
1340 1029 1582 1078 haeresim
1607 1037 1740 1078 tante
1764 1033 1959 1078 notam!
2019 1029 2219 1078 Mittunt
2242 1031 2373 1078 enim

625 1111 689 1159 ad
725 1111 983 1158 Tartarum
1023 1111 1256 1173 magistro
1299 1125 1389 1159 suo
1433 1107 1505 1160 et2
1548 1119 1755 1174 patrono
1796 1111 1991 1160 diabolo
2018 1111 2201 1160 multas
2243 1112 2372 1160 vivas

625 1192 812 1240 animas
863 1193 1127 1240 annuatim.
1209 1193 1379 1241 Taceo
1426 1208 1557 1251 vero,
1605 1192 1740 1255 quod
1785 1193 2016 1240 occidunt
2058 1193 2374 1256 'corporaliter

625 1274 857 1336 plurimos
881 1272 1048 1321 fratres
1077 1274 1245 1334 suos33
1288 1282 1335 1322 et
1368 1274 1437 1322 sic
1461 1282 1666 1336 pensata
1697 1270 1823 1322 tota⁴
1846 1275 2170 1336 occupatione
2202 1288 2373 1323 eorum

626 1363 697 1404 est
722 1354 931 1412 evidens,
956 1355 1090 1417 quod
1113 1355 1163 1402 in
1195 1355 1399 1403 ecclesia
1424 1354 1629 1403 Christi⁵
1654 1363 1764 1403 sunt
1789 1359 1801 1379 ‘
1818 1356 1902 1403 viri
1934 1355 2181 1404 inutiles⁶.'
2253 1351 2372 1403 Non

626 1438 755 1484 enim
793 1436 916 1484 valet
958 1435 1251 1485 introductio
1294 1452 1409 1485 suae
1450 1437 1659 1485 haeresis
1700 1437 1821 1484 ultra
1857 1436 1953 1485 hoc
1995 1436 2130 1500 quod
2170 1452 2232 1486 ex
2274 1436 2372 1485 fide

625 1519 886 1581 scripturae
912 1518 1172 1580 antiquitus
1197 1518 1285 1566 fuit
1310 1518 1549 1577 doctum⁷,
1576 1518 1682 1576 nisi,
1707 1526 1759 1566 ut
1782 1518 1953 1580 loquar
1977 1512 2173 1577 ironice,
2199 1519 2249 1566 in
2271 1518 2368 1567 hoc

625 1600 759 1662 quod
783 1600 979 1662 capiunt
1003 1600 1312 1648 occasionem
1335 1601 1386 1647 in
1410 1599 1802 1648 conclusionibus
1828 1601 1926 1648 suis
1958 1600 2224 1660 haereticis,
2249 1615 2371 1663 quas

626 1682 904 1730 subtilitates
944 1683 1212 1740 nominant,
1255 1682 1508 1729 ecclesiam
1549 1681 1872 1744 perturbandi.
1959 1681 2176 1745 Fingunt
2222 1682 2371 1739 enim,

625 1763 758 1826 quod
790 1763 1005 1825 quotidie
1037 1778 1213 1826 corpus
1238 1763 1415 1812 Christi
1447 1764 1687 1826 integrum
1722 1764 1771 1810 in
1803 1771 1973 1811 natura
2003 1774 2091 1812 sua
2123 1763 2370 1822 devorant,

626 1853 672 1893 et
697 1846 787 1892 sub
810 1852 943 1892 tanta
967 1846 1243 1907 quantitate,
1270 1852 1450 1907 quanta
1481 1853 1552 1893 est
1584 1845 1636 1892 in
1669 1844 1823 1903 c0e10,
1851 1841 2135 1907 inglutiunt⁸
2157 1853 2242 1893 ore
2265 1856 2370 1902 su0‚

626 1926 751 1988 quia,
774 1934 826 1974 ut
861 1925 1094 1988 inquiunt,
1121 1941 1298 1988 corpus
1323 1925 1499 1975 Christi
1523 1934 1596 1974 est
1628 1927 1677 1973 in
1709 1934 1880 1974 natura
1915 1941 2002 1974 sua
2031 1926 2271 1989 integrum
2306 1925 2371 1974 ad

627 2006 888 2070 quamlibet
912 2007 1171 2055 accidentis
1195 2007 1492 2069 particulam,
1514 2022 1663 2070 quam
1688 2008 1755 2055 sic
1780 2015 1984 2056 sacrant.
2046 2007 2154 2056 Nec
2179 2014 2372 2056 cessant

627 2087 678 2134 in
723 2087 815 2135 isto
862 2087 948 2135 sed
994 2088 1288 2150 praedicant,
1337 2088 1471 2151 quod
1518 2095 1725 2150 possunt
1772 2097 1896 2136 stare
1951 2097 2086 2137 extra
2132 2089 2370 2137 mundum

626 2164 932 2226 maximum⁹‚
975 2177 1023 2217 et
1062 2170 1222 2231 ipsum
1268 2177 1547 2217 manentem
1590 2171 1679 2217 sub
1720 2176 1854 2217 tanta
1894 2172 2158 2233 quantitate
2199 2178 2251 2218 ut
2298 2178 2370 2219 est

626 2250 792 2308 m0d0,
816 2264 998 2312 ponere
1022 2251 1071 2297 in
1096 2265 1153 2298 os
1185 2265 1340 2298 suum.
1410 2250 1474 2298 Et
1506 2258 1662 2298 certus
1697 2265 1818 2309 sum,
1844 2251 1979 2314 quod
2010 2251 2226 2300 infernus
2258 2251 2370 2300 licet

626 2340 811 2380 tantum
835 2330 1096 2379 dilataverit
1121 2347 1176 2380 os
1202 2347 1342 2380 suum
1367 2339 1601 2395 quantum
1634 2332 1821 2391 sufficit,
1846 2347 1949 2380 non
1983 2333 2051 2381 sic
2083 2336 2244 2396 potest
2256 2348 2270 2393 ;
2321 2342 2369 2382 et

625 2414 845 2476 probatio
886 2413 1028 2476 hujus
1070 2413 1394 2462 conclusionis
1434 2421 1508 2461 est
1549 2414 1618 2461 eis
1661 2413 1826 2472 faciliS‚
1862 2414 2025 2476 posito
2059 2415 2200 2477 quod
2233 2414 2368 2464 Deus

625 2494 748 2543 det¹⁰
791 2495 860 2543 eis
900 2502 1191 2557 potestatem
1232 2495 1295 2542 ad
1336 2494 1933 2543 transsubstantiandum¹l
1980 2503 2162 2559 panem
2209 2501 2369 2546 sacra-

623 2576 882 2624 mentalem
917 2576 967 2622 in
1007 2583 1164 2623 totum
1204 2575 1458 2634 mundum,
1496 2576 1618 2624 sicut
1659 2577 1709 2623 in
1747 2591 1924 2639 corpus
1960 2576 2135 2626 Christi
2169 2577 2322 2626 modo
2331 2577 2368 2605 ¹²

624 2655 966 2706 consecrantffl.
1059 2656 1123 2705 Et
1171 2657 1238 2704 sic
1285 2656 1454 2705 fratres
1501 2657 1796 2706 seminantes
1848 2673 1935 2707 sua
1980 2658 2235 2707 mendacia
2279 2672 2368 2722 per

623 2741 798 2801 patrias
821 2754 908 2802 per
927 2753 1048 2801 quas
1066 2738 1306 2795 vadunt¹⁴‚
1326 2742 1338 2763 ‘
1354 2754 1439 2786 ore
1457 2753 1683 2801 perverso
1708 2740 1991 2802 gradiuntur
2002 2732 2033 2801 ς’
2069 2741 2366 2789 mentiuntur

623 2822 754 2868 enim
777 2835 878 2867 non
902 2819 1062 2867 solum
1087 2820 1147 2867 de
1173 2817 1319 2867 aliis¹⁵
1354 2833 1479 2882 quos
1515 2818 1698 2878 odiunt,
1726 2835 1840 2868 cum
1851 2816 1890 2845 ¹⁰
1919 2820 2009 2868 illis
2042 2819 2363 2879 benefaciunt,
2421 2876 2426 2878 v

623 2901 708 2950 sed
743 2902 804 2950 de
840 2901 937 2949 se¹⁷
971 2901 1088 2964 ipsis
1124 2908 1171 2948 et
1193 2900 1413 2948 Domino
1448 2899 1565 2963 Jesu
1599 2900 1805 2949 Christo,
1877 2901 1940 2950 Et
1974 2901 2214 2951 evidentia
2247 2901 2364 2950 est¹⁸

621 2983 781 3032 multis
817 2983 1050 3040 fidelibus,
1077 2997 1164 3031 sua
1198 2982 1456 3031 mendacia
1491 2982 1590 3044 pati
1625 2982 1877 3040 humiliter,
1902 2997 2014 3031 cum
2050 2983 2116 3032 sic
2140 2983 2362 3046 blasphe-

679 3112 688 3135 ¹
718 3110 832 3163 n‘vis]
854 3110 979 3156 rimis,
998 3109 1062 3150 ed.
1082 3122 1143 3163 pr.
1334 3109 1351 3132 ²
1378 3109 1437 3161 et]
1460 3122 1542 3149 om.
1564 3109 1612 3149 C.
1808 3109 1824 3133 ⁸
1851 3108 1995 3151 fratres
2014 3110 2129 3162 suos]
2151 3123 2234 3151 om.
2254 3111 2305 3151 A.
2313 3110 2360 3152 B.

622 3163 636 3186 4
662 3171 704 3204 et
724 3165 781 3204 sic
801 3170 971 3217 pensata
990 3164 1099 3217 tota]
1121 3176 1202 3204 om.
1224 3163 1285 3209 B„
1306 3163 1358 3203 A.
1378 3164 1534 3215 primae
1553 3176 1711 3203 manus.
1873 3165 1889 3187 ⁵
1917 3164 2091 3216 Christi]
2112 3177 2194 3205 om.
2214 3165 2278 3206 ed.
2327 3178 2359 3207 r.

622 3219 637 3241 ⁶
665 3219 717 3258 cf.
738 3221 856 3259 Prov.
876 3220 929 3259 vi.
956 3229 1018 3259 12.
1181 3217 1197 3240 ⁷
1224 3217 1411 3269 doctum]
1433 3217 1651 3264 detectum,
1674 3218 1727 3257 A.
1909 3218 1926 3241 ⁸
1952 3217 2194 3271 inglutiunt]
2215 3219 2296 3272 deg
2311 3233 2359 3259 u-

622 3273 741 3319 tiunt‚
763 3273 862 3313 B.C.
1033 3272 1049 3295 ⁹
1076 3271 1318 3323 maximum]
1340 3285 1422 3311 om.
1443 3271 1596 3311 A.B.C.
1618 3270 1816 3312 secundae
1833 3284 1991 3313 manus.
2209 3272 2241 3297 ¹⁰
2267 3273 2358 3326 det]

622 3327 755 3373 debet,
775 3327 838 3367 ed.
858 3340 920 3379 pr.
1041 3326 1071 3350 ¹¹
1099 3325 1586 3377 transsubstantiandum]
1608 3326 1867 3372 turbandum,
1888 3327 1940 3367 A.
1959 3326 2116 3379 primae
2132 3340 2289 3373 manus,
2310 3326 2358 3367 B.

622 3381 652 3403 ¹²
678 3381 824 3433 modo]
845 3394 941 3426 non,
963 3380 1016 3421 A.
1036 3380 1192 3433 primae
1210 3392 1366 3426 manus,
1387 3379 1433 3418 B.
1454 3380 1516 3419 ed.
1536 3393 1598 3432 pr.
1835 3379 1865 3404 ¹⁸
1891 3380 2150 3433 consecrant]
2172 3381 2356 3428 sacravit,

624 3435 775 3475 A.B.C.
797 3436 859 3475 ed.
879 3448 941 3487 pr.
1090 3433 1120 3459 14
1146 3434 1318 3486 vadunt]
1340 3434 1510 3480 vallunt,
1530 3434 1592 3474 ed.
1612 3447 1673 3487 pr.
1837 3434 1867 3459 ¹⁵
1894 3435 2006 3487 aliis]
2024 3434 2118 3481 illis,
2138 3435 2190 3474 A.
2211 3435 2274 3476 ed.
2294 3448 2356 3488 pr.

624 3489 652 3511 ¹⁶
681 3489 793 3540 cum]
814 3489 879 3529 vel
898 3489 979 3540 qui,
1000 3489 1063 3529 ed.
1083 3502 1144 3541 pr.
1283 3488 1313 3513 ¹⁷
1340 3488 1403 3540 se]
1425 3501 1506 3528 om.
1527 3489 1590 3528 ed.
1610 3501 1672 3540 pr.
1835 3488 1866 3513 ¹⁸
1893 3489 2094 3529 evidentia
2111 3488 2194 3542 est]
2214 3489 2356 3530 &adem

596 3554 598 3569 2
623 3549 682 3581 est
703 3543 916 3588 evidentia,
938 3543 1040 3583 A.B.
1061 3543 1262 3584 secundae
1280 3555 1446 3588 manus:
1480 3543 1656 3594 ejusdem,
1678 3542 1724 3581 B.
1744 3542 1900 3595 primae
1918 3554 2073 3590 manus,
2098 3542 2146 3584 C.
2166 3543 2228 3583 ed.
2246 3555 2317 3596 pr.¹
