2496 4108
129 438 264 467 cans.
725 415 1293 467 TRIALOGUS.

128 562 245 600 runt
269 552 460 602 contriti
484 552 547 600 de
569 551 650 600 tali
668 550 869 609 haeresi,
889 550 964 598 vel
988 558 1323 600 remanserunt
1346 559 1460 613 post
1484 557 1693 598 mortem
1716 549 1882 597 haere-

129 634 225 694 tici,
249 649 352 683 non
376 642 450 682 est
484 642 705 682 nostrum
740 641 924 681 temere
965 633 1180 682 diffinire.
1255 633 1391 681 Deus
1426 642 1594 682 tamen
1627 632 1710 694 qui
1746 631 1880 679 novit

131 731 323 774 arcana,
351 716 511 764 noscit
543 715 791 763 veritatem
826 716 877 762 in
908 715 998 762 ista
1033 716 1246 773 materia,
1281 715 1426 762 sicut¹
1466 715 1584 763 aliae
1629 727 1884 776 personae,

131 799 308 862 quibus
330 797 435 860 ipse
458 797 661 845 voluerit
683 795 906 844 revelare.
980 794 1099 843 Non
1124 796 1312 844 autem²
1333 806 1555 845 tenemur
1588 797 1783 846 credere
1808 794 1883 842 vel

130 879 289 928 verbis
311 878 584 937 ostendere,
608 877 743 940 quod
771 877 875 940 ipse
910 885 1022 940 post
1056 886 1263 926 mortem
1298 879 1357 926 sit
1389 887 1525 940 pater
1562 878 1882 933 beatissimus,

23 979 47 1008 ε.
132 961 255 1011 sicut
271 961 323 1008 in
339 961 435 1008 vita
451 958 726 1008 adulatOres
745 958 906 1021 cupidi
925 959 1086 1021 ipsum
1110 959 1333 1017 clamant,
1361 960 1446 1008 sed
1471 961 1511 1008 si
1535 961 1585 1008 in
1609 961 1705 1008 vita
1727 972 1882 1020 usque

70 1046 81 1049 ’
131 1043 198 1092 ad
229 1051 438 1096 mortem
463 1058 493 1091 a
515 1041 694 1100 Christi
717 1041 914 1103 sequela
938 1041 1046 1103 plus
1070 1041 1210 1088 fuerit
1242 1041 1552 1100 deformatus,
1578 1050 1695 1090 tunc
1729 1041 1780 1088 in
1812 1041 1886 1087 in-

131 1123 271 1173 ferno
289 1123 578 1187 profundius
596 1130 671 1170 est
689 1123 962 1172 damnatuS.
1021 1122 1206 1171 Multos
1225 1131 1388 1171 autem
1409 1139 1636 1187 suppono
1657 1123 1885 1171 seductos

129 1205 278 1254 fuisse
324 1205 417 1253 hac
462 1204 663 1262 haeresi,
706 1205 789 1267 qui
834 1204 1037 1252 finaliter
1083 1206 1408 1267 poenitebant,
1451 1213 1503 1253 ut
1551 1218 1778 1267 suppono
1825 1201 1886 1249 de

131 1286 359 1335 Domino
373 1285 696 1334 Lz‘ncolniensi
715 1294 767 1334 et
790 1286 960 1334 ceteris
984 1286 1066 1348 qui
1096 1286 1146 1333 in
1171 1284 1386 1349 scriptis³
1411 1287 1716 1350 reliquerant,
1750 1283 1886 1347 quod

132 1368 360 1418 accidens
393 1368 579 1431 potest⁴
602 1383 708 1417 esse
744 1368 847 1416 sine
883 1368 1116 1430 subjecto.
1186 1368 1250 1416 Et
1286 1369 1424 1416 cum⁵
1462 1369 1617 1417 dictus
1641 1366 1887 1414 Lincolm‘-

131 1451 256 1499 ensis
276 1450 328 1498 in
358 1449 523 1513 glossa
547 1465 635 1498 sua
666 1448 727 1497 de
760 1449 932 1497 divinis
965 1450 1245 1497 nominibus
1276 1454 1287 1475 ‘
1305 1450 1546 1508 accidens,
1574 1447 1728 1507 dicit⁶‚
1763 1447 1886 1495 forte

133 1539 207 1580 est
242 1531 347 1580 sine
383 1529 636 1593 subjecto‚’
665 1538 712 1579 et
747 1531 1028 1579 adverbium
1065 1531 1201 1579 istius
1238 1532 1422 1580 subtilis
1461 1532 1675 1580 doctoris
1712 1531 1780 1578 sic
1815 1529 1888 1576 in-

133 1612 326 1676 telligo:
379 1612 606 1661 accidens
641 1611 734 1660 tale
770 1612 820 1659 in
856 1621 1161 1660 sacramento
1196 1622 1388 1675 oportet
1423 1614 1474 1661 in
1516 1621 1626 1661 actu
1664 1611 1888 1660 conside-

133 1695 334 1742 rationis
358 1702 552 1742 nostrae
575 1693 794 1751 existere,
815 1709 928 1741 cum
952 1694 1141 1741 movet⁷
1165 1695 1411 1742 actualiter
1429 1709 1628 1743 sensum
1648 1701 1887 1750 nostrum,

135 1776 224 1825 sed
247 1775 686 1825 considerationem
711 1775 771 1823 de
795 1775 1062 1838 quidditate
1088 1776 1292 1838 subjecti
1317 1777 1390 1824 sui
1411 1776 1550 1823 decet
1574 1774 1889 1838 suspendere,

134 1865 183 1907 et
205 1865 360 1906 totam
396 1856 837 1905 considerationem
873 1856 1170 1903 substantiae
1205 1866 1394 1905 creatae
1431 1865 1623 1919 oportet
1658 1857 1708 1903 in
1745 1856 1893 1917 signi-

136 1937 304 1988 ficato⁸
338 1953 429 1986 suo
465 1937 707 2000 colligere,
741 1945 795 1984 ut
829 1936 1040 1985 intrans⁹
1076 1938 1324 1986 basilicam
1360 1953 1464 1986 non
1504 1938 1659 2000 infigit
1695 1952 1892 1985 sensum

136 2035 280 2069 suum
301 2020 354 2067 in
385 2019 774 2067 consideratione
809 2019 870 2067 de
902 2019 1168 2081 quidditate
1199 2019 1318 2082 ligni
1344 2020 1569 2082 imaginis
1603 2020 1700 2067 sive
1726 2019 1895 2076 crucis,

136 2101 226 2158 sed
265 2101 426 2164 ipsum
468 2099 626 2149 colit¹⁰
668 2108 903 2162 quantum
945 2100 1186 2149 suffecerit
1227 2101 1276 2148 in
1321 2103 1526 2164 signate.
1614 2101 1693 2149 Sic
1735 2107 1808 2148 est
1846 2101 1896 2147 in

136 2183 339 2231 materia
379 2182 442 2231 de
481 2181 642 2230 hostia
679 2190 979 2240 consecrata,
1023 2190 1070 2230 et
1112 2183 1225 2244 quia
1265 2183 1361 2231 hoc
1402 2183 1454 2230 fit
1495 2182 1804 2245 quandoque,
1848 2189 1896 2228 et

137 2265 434 2328 quandoque
472 2264 770 2327 oppositum,
808 2264 920 2312 ideo
961 2256 1133 2326 reputo
1142 2263 1178 2290 Π
1220 2265 1356 2327 quod
1390 2264 1732 2312 Lz'ncolnz’ensis
1766 2263 1894 2321 dicit,

138 2346 368 2400 accidens
391 2345 516 2394 forte
540 2360 647 2393 esse
672 2345 776 2393 sine
803 2345 1034 2408 subjecto,
1093 2345 1156 2393 Et
1179 2345 1260 2394 illo
1285 2347 1438 2394 modo
1463 2346 1723 2409 loquuntur
1740 2346 1895 2408 philo-

139 2427 300 2490 sophi,
322 2435 577 2490 ponenteS‚
603 2427 738 2489 quod
769 2435 962 2489 tempus
994 2427 1139 2476 habet
1171 2442 1278 2475 esse
1311 2443 1398 2490 per
1432 2428 1663 2485 animam,
1688 2434 1736 2475 et
1761 2428 1896 2489 quod

140 2509 362 2558 sensibile
386 2523 474 2572 per
491 2508 934 2556 considerationem
956 2509 1146 2556 animae
1170 2517 1244 2556 est
1267 2509 1317 2556 in
1332 2517 1455 2556 actu.
1516 2509 1738 2571 Tempus
1765 2511 1896 2557 enim

141 2589 290 2640 habet
312 2605 342 2638 a
364 2589 508 2638 nobis
541 2604 646 2637 esse
679 2589 947 2651 cognitum,
971 2589 1103 2651 quod
1128 2590 1187 2636 sit
1211 2604 1440 2637 mensura
1468 2598 1630 2637 motus
1659 2591 1897 2638 sensibilis

139 2687 229 2736 per
252 2671 691 2720 considerationem
717 2672 908 2718 animae
933 2670 1185 2728 actualem,
1220 2671 1341 2718 sicut
1374 2672 1597 2719 sensibile
1631 2671 1775 2719 habet
1806 2686 1897 2734 po-

140 2754 343 2802 tentiam
375 2752 506 2801 illam
542 2752 784 2815 passivam
817 2751 1065 2799 reductam
1101 2751 1164 2798 ad
1199 2760 1375 2808 actum,
1402 2751 1519 2798 dum
1548 2752 1794 2799 actualiter
1826 2760 1899 2800 est

142 2836 384 2885 sentitum.
461 2833 525 2881 Et
549 2842 621 2881 est
652 2832 771 2880 mihi
796 2833 1056 2895 probabile,
1083 2832 1218 2895 quod
1242 2833 1407 2894 magni
1434 2832 1712 2895 philosophi
1736 2833 1787 2880 in
1811 2834 1900 2881 ista
1940 2881 1945 2886 ,

94 2948 102 2959 ,
142 2917 344 2965 materia
367 2916 436 2964 sic
460 2915 600 2963 tacite
634 2922 899 2962 senserunt.
973 2913 1070 2961 Sed
1093 2914 1207 2976 quia
1239 2913 1412 2962 frustra
1443 2923 1515 2962 est
1547 2915 1707 2962 rimari
1743 2915 1898 2963 inten-

142 2999 328 3054 tionem
365 2996 574 3046 auctoris
608 2996 752 3059 hujus
781 2995 968 3053 erroris,
994 2996 1105 3043 ideo
1137 2996 1489 3043 discussionem
1522 3003 1665 3058 atque
1699 3004 1898 3044 conten-

143 3082 332 3135 tionem
366 3080 495 3137 circa
535 3078 663 3126 hanc
704 3077 920 3140 glossam
962 3077 1181 3140 relinquo
1222 3076 1462 3139 theologis
1504 3077 1898 3138 dimittendam12,

146 3169 307 3211 certus
332 3175 525 3224 semper
548 3159 608 3208 de
633 3158 727 3207 fide
753 3158 1002 3220 evangelii,
1029 3159 1078 3205 in
1104 3174 1200 3222 qua
1224 3158 1459 3221 intrepide
1485 3160 1795 3222 conquiesco,

203 3291 218 3316 ²
246 3289 371 3342 sicut]
394 3289 452 3329 sic
472 3294 526 3334 et,
546 3288 609 3329 ed.
630 3301 692 3340 pr.
830 3286 847 3310 ²
872 3286 1031 3339 autem]
1053 3287 1174 3334 enim,
1195 3287 1258 3327 ed.
1280 3300 1341 3339 pr.
1492 3287 1507 3309 ⁸
1536 3286 1716 3340 scriptis]
1738 3287 1899 3340 scriptis

151 3345 247 3391 suis,
267 3345 330 3385 ed.
350 3357 412 3398 pr.
706 3340 721 3364 ⁴
749 3341 906 3394 potest]
927 3354 1011 3380 non
1031 3348 1181 3394 potest,
1205 3341 1301 3381 B.C.
1323 3341 1478 3393 primae
1497 3354 1654 3386 manus,
1676 3341 1731 3381 D.
1751 3342 1814 3381 ed.
1835 3355 1896 3394 pr.

147 3399 164 3423 ⁸
191 3398 308 3451 cum]
328 3405 480 3443 tamen,
500 3396 564 3437 ed.
585 3409 647 3448 pr.
795 3395 811 3418 ⁶
838 3395 1040 3441 accidens,
1061 3395 1178 3447 dicit]
1201 3396 1257 3435 ita
1278 3395 1442 3434 scribit:
1471 3395 1661 3435 accidens
1682 3396 1819 3446 (dicit)
1842 3396 1896 3436 D.

149 3448 214 3494 ed.
234 3466 296 3506 pr.
459 3451 476 3474 ⁷
503 3450 662 3502 movet]
684 3455 838 3495 monet,
858 3450 921 3491 ed.
942 3462 1003 3502 pr.
1168 3450 1183 3471 ⁸
1211 3448 1459 3501 significato]
1482 3449 1658 3501 signato,
1680 3450 1733 3489 D.
1754 3450 1817 3490 ed.
1834 3463 1894 3503 pr.

146 3507 163 3531 ⁰
194 3505 371 3557 intrans]
394 3512 556 3551 notans,
577 3505 631 3543 D.
758 3504 788 3528 ¹⁰
817 3503 936 3555 colit]
958 3503 1130 3555 colligit,
1154 3503 1207 3542 D.
1229 3503 1384 3556 primae
1402 3516 1560 3543 manus.
1672 3503 1699 3527 ¹¹
1731 3505 1895 3558 reputo]

150 3568 306 3614 repeto,
326 3560 390 3601 ed.
410 3573 472 3612 pr·
661 3558 691 3581 ¹²
719 3556 1024 3610 dimittendam]
1046 3558 1350 3610 disputandum,
1370 3557 1434 3597 ed.
1456 3569 1515 3609 pr.

2018 410 2122 478 265
