2436 4094
736 321 1495 373 PROLEGOMENA.
2007 336 2073 390 23

156 451 478 516 gravibusque
524 452 682 502 lucide
729 456 927 519 quidem
975 456 1062 504 sed
1118 471 1221 505 non
1269 457 1373 505 sine
1421 455 1582 503 multis
1639 455 1881 504 scribendi
1939 471 2073 504 com-

27 520 85 593 Ρὲῑ
135 540 348 605 pendiis
371 549 594 590 exaratus
625 551 712 591 est.
782 543 972 592 Literae
1003 545 1216 608 capitum
1248 543 1453 594 initiales
1486 543 1758 606 simplicem
1785 544 1835 591 in
1871 544 2074 592 modum

24 616 26 618 ’
61 669 82 693 ,ἶ
154 627 224 677 ita
265 628 424 691 pictae
470 637 597 688 sunt,
643 638 695 677 ut
743 632 951 680 caerulei
998 641 1046 680 et
1092 633 1220 681 rubri
1268 633 1444 681 coloris
1489 632 1768 680 vicissitudo
1817 640 2074 695 spectetur.

16 758 20 764 .
59 706 71 735 ³
142 707 347 781 *Primae
381 717 678 780 singularum
712 722 1063 769 sententiarum
1103 722 1267 769 literae
1303 722 1458 770 rubris
1499 721 1650 784 signis
1684 729 1732 769 et
1769 729 1880 769 ante
1916 721 2074 769 literas

25 822 27 826 ⁴
76 846 79 870 z
154 810 205 852 et
248 819 396 868 supra
441 820 525 853 eas
572 806 759 865 additis,
803 824 898 856 nec
943 824 1047 857 non
1092 811 1284 872 punctis
1330 810 1527 858 lineisve
1568 811 1692 858 intra
1738 809 1895 858 literas
1942 811 2074 872 ipsas

75 901 81 911 ²
143 892 307 941 minio
345 894 493 942 rubro
533 896 704 957 positis
744 896 1081 960 insigniuntur.
1152 897 1407 946 Praeterea
1445 899 1589 961 primi
1630 898 1925 962 singularum
1964 913 2072 946 ora-

7 1001 30 1051 ‚j
153 979 299 1034 tionis
331 981 674 1043 particularum
704 999 871 1032 versus
906 986 1061 1033 rubris
1096 985 1234 1034 lineis
1270 987 1516 1034 subductis
1552 986 1922 1050 distinguuntur.
1992 985 2072 1034 Li-

18 1067 26 1079 “’
73 1088 75 1090 ·
147 1068 351 1123 brorum
397 1069 616 1135 Trialogi
663 1073 824 1135 capita
869 1074 1059 1137 singula
1117 1090 1276 1137 neque
1338 1083 1651 1123 numerantur
1698 1091 1855 1138 neque
1905 1075 2072 1125 distin-

3 1148 24 1219 ᾗ
50 1161 70 1202 ἒ.
146 1165 376 1220 guuntur.
444 1155 607 1208 Notae
654 1161 945 1224 marginales
995 1150 1129 1211 rarae
1177 1178 1339 1211 rerum
1385 1164 1661 1225 graviorum
1708 1178 1950 1211 summam
1997 1164 2072 1210 in-

3 1232 5 1235 ’
57 1234 65 1256 ³
150 1252 321 1295 nuunt.
425 1246 601 1311 Neque
659 1249 836 1297 desunt
901 1266 1136 1298 manuum
1196 1259 1277 1299 aut
1336 1252 1597 1314 digitorum
1654 1252 1892 1314 imagines
1949 1252 2070 1300 locis

127 1342 423 1393 ,memoratu
460 1335 760 1399 dignioribus
798 1338 862 1387 ad
900 1340 1173 1402 marginem
1215 1341 1483 1403 appositae.
1555 1339 1855 1388 Correctoris
1894 1355 2070 1389 manus

143 1422 425 1488 ,frequenter
459 1425 837 1489 deprehenditur
879 1436 1024 1491 atque
1062 1444 1123 1477 eo
1159 1429 1345 1477 facilius
1383 1429 1702 1492 distinguitur,
1739 1444 1839 1492 quo
1878 1430 2070 1491 saepius

149 1511 227 1562 ille
265 1501 413 1562 rubro
455 1515 620 1564 colore
658 1532 773 1567 usus
816 1526 903 1567 est.
974 1518 1115 1566 Idem
1158 1526 1415 1577 corrector,
1457 1519 1540 1581 qui
1581 1518 1751 1580 procul
1791 1518 1939 1566 dubio
1982 1518 2070 1566 fuit

139 1600 368 1667 -Joannes
421 1605 474 1651 de
513 1604 744 1665 Tamum),
791 1606 922 1655 haud
974 1623 1084 1655 raro
1130 1609 1280 1655 verba
1327 1609 1505 1670 scripta
1559 1608 1625 1655 ita
1654 1606 1968 1664 emendavit,
2017 1616 2069 1655 ut

116 1693 132 1700 “
148 1700 332 1740 rectam
378 1701 525 1757 atque
570 1696 837 1758 genuinam
885 1697 1146 1745 lectionem
1193 1696 1534 1754 introduceret,
1583 1695 1790 1744 eandem
1846 1710 1971 1757 quae
2018 1696 2068 1742 in

10 1809 17 1860 ἱι
59 1768 61 1770 ,
147 1780 320 1829 codice
364 1781 427 1831 A.
471 1784 628 1845 prima
673 1798 823 1831 manu
870 1785 1049 1847 scripta
1093 1784 1484 1847 deprehenditur.
1567 1784 1683 1831 Duo
1729 1784 1887 1846 prima
1932 1783 2067 1830 volu-

0 3619 15 3752 ἑ

0 3755 25 4094 l

148 1868 294 1918 minis
328 1868 443 1918 solia
475 1870 685 1920 indicem
721 1887 880 1920 rerum
917 1873 967 1920 in
1002 1873 1237 1935 Trialogo
1274 1873 1603 1935 expositarum
1638 1871 1869 1919 exhibent
1903 1870 2067 1933 alpha-

143 1957 307 2014 betico
329 1959 500 2008 ordine
525 1962 866 2024 compositum,
893 1961 974 2025 qui
1007 1962 1193 2030 circiter
1224 1961 1457 2010 ducentas
1490 1961 1809 2024 quadraginta
1841 1960 2066 2006 notiones

49 2074 57 2089 ·
139 2048 495 2111 complectitur.

214 2134 388 2184 Codex
424 2136 481 2186 C.
505 2137 623 2186 olim
657 2153 862 2188 numero
895 2155 1010 2201 931,
1035 2147 1209 2204 postea
1241 2155 1338 2201 403
1369 2139 1554 2201 (De'nzir‚
1578 2139 1608 2187 1.
1631 2139 1700 2199 l.),
1723 2138 1826 2202 jam
1859 2151 2063 2185 numero

146 2234 281 2285 4505
323 2231 531 2284 notatus,
574 2225 868 2285 chartaceuS‚
911 2229 962 2276 in
1010 2237 1077 2287 40,
1122 2227 1348 2276 foliorum
1390 2238 1504 2288 227,
1547 2228 1651 2275 sine
1693 2226 1931 2276 columnis
1978 2241 2065 2288 per

145 2312 333 2375 integra
371 2313 500 2373 folia,
543 2329 646 2363 non
685 2331 784 2364 una
823 2331 973 2365 manu
1010 2317 1319 2379 perscrithS‚
1363 2317 1576 2378 quinque
1618 2314 1793 2363 Wiclifi
1835 2321 2063 2361 tractatus

79 2387 99 2397 ’
144 2401 387 2450 continet:
443 2417 485 2450 1.
520 2401 812 2466 Dialogum;
871 2419 914 2451 2.
954 2403 1358 2466 Supplementum
1396 2402 1591 2465 Dialogi
1607 2417 1619 2462 ;
1679 2417 1724 2463 3.
1760 2401 2061 2465 Trialogum‚

145 2489 179 2538 f.
215 2493 477 2554 34-—187;
512 2508 560 2565 ⁷4¹.
588 2492 991 2556 Supplementum
1015 2494 1261 2556 Trialogi;
1302 2505 1347 2554 5.
1373 2494 1658 2543 Tractatum
1683 2493 1743 2540 de
1777 2494 2061 2541 salutatione

143 2581 378 2644 angelica.
449 2581 547 2630 Hic
583 2597 794 2645 quoque,
830 2591 883 2630 ut
918 2584 968 2630 in
1005 2582 1191 2637 Codice
1228 2582 1284 2631 B.
1322 2597 1506 2630 nornen
1541 2580 1753 2629 hominis
1790 2582 2059 2639 Bohemici‚

54 2657 56 2659 V
143 2670 228 2733 qui
267 2671 478 2718 exaravit
515 2669 704 2728 librum,
746 2672 797 2719 in
839 2670 956 2719 folio
999 2686 1060 2731 23
1104 2670 1167 2718 ad
1209 2671 1395 2719 calcem
1432 2670 1629 2732 Dialogi
1671 2670 1914 2732 adjectum
1956 2670 2058 2728 suit,

135 2758 231 2809 ‚sed
277 2767 460 2822 postea,
507 2767 560 2807 ut
606 2774 719 2808 cum
766 2758 1007 2808 Michaele
1054 2758 1248 2806 Denz‘sz'o
1293 2759 1563 2821 loquamur,
1614 2762 1625 2782 ‘
1642 2773 1671 2805 a
1717 2758 1933 2820 quodam
1979 2758 2059 2820 pie

141 2845 333 2911 inepto'
369 2861 561 2895 erasum
597 2855 683 2895 est.
755 2846 962 2904 Deinde,
1001 2862 1114 2895 cum
1154 2847 1204 2894 in
1242 2846 1487 2895 nonnullis
1523 2845 1847 2894 voluminibus
1883 2845 2057 2892 Wiclifi

140 2932 293 2999 op'era
338 2935 674 2985 exhibentibus
715 2937 922 2985 auctoris
963 2937 1113 2999 ipsius
1160 2950 1342 2984 nomen
1391 2935 1624 2984 cautionis
1673 2948 1819 2982 causa
1860 2948 2057 3000 prorsus

140 3025 379 3094 omissum
412 3025 484 3082 sit,
519 3026 727 3074 auctoris
763 3039 947 3074 nornen
980 3024 1074 3072 hoc
1109 3025 1160 3071 in
1194 3024 1317 3071 libro
1352 3038 1454 3071 non
1490 3023 1644 3085 plenis
1680 3022 1877 3087 quidem
1913 3022 2057 3069 literis

47 3159 51 3171 ,
139 3115 437 3177 exscriptum
482 3122 647 3162 tamen
693 3115 862 3178 paucis
909 3115 972 3162 ita
1019 3114 1340 3176 significatum
1386 3120 1473 3170 est,
1521 3120 1574 3161 ut
1614 3112 1847 3162 dubitatio
1895 3113 2056 3160 omnis

140 3204 437 3262 excludatur.
530 3203 759 3268 Namque
809 3205 872 3253 ad
918 3204 1102 3253 calcem
1149 3203 1358 3266 Dialogi,
1407 3202 1437 3251 f.
1489 3218 1567 3264 23,
1616 3202 1736 3251 haec
1784 3204 2055 3252 invenimus

142 3295 346 3358 scripta:
406 3294 642 3359 ‘Explicit
681 3294 917 3357 dyalogus
956 3294 1112 3342 editus
1154 3309 1183 3341 a
1219 3308 1311 3341 rev,
1349 3307 1478 3355 mag.
1549 3291 1624 3357 J0.
1661 3292 1736 3340 de.
1774 3292 1881 3356 Wy.
1919 3309 2054 3343 sacre

142 3363 432 3446 Theologie,
453 3383 727 3446 professore
765 3383 1061 3444 doctoreque
1098 3381 1376 3444 evangelico
1413 3380 1648 3430 Nacionis
1684 3381 1967 3444 anglicane.'

197 3471 427 3535 ,Trialogi
468 3472 653 3535 priores
701 3472 804 3519 libri
851 3480 898 3519 et
945 3472 1105 3518 minus
1147 3478 1345 3518 venuste
1387 3478 1435 3519 et
1476 3485 1588 3520 cum
1624 3471 1896 3520 innumeris
1938 3473 2051 3519 scri-

133 3560 287 3617 bendi
328 3560 629 3625 compendiis
671 3560 936 3624 perscripti,
975 3560 1075 3607 libri
1120 3559 1410 3622 posteriores
1453 3558 1544 3608 alia
1581 3538 1743 3620 manu,
1783 3567 2051 3609 atramento
