2436 4094
301 431 410 470 -102

993 411 1416 476 JOANNIS
1488 412 1840 463 WICLIF
2161 433 2301 462 mnu.

553 547 774 595 bestiales
799 544 1098 606 supradictas
1122 552 1314 606 oportet
1339 559 1522 606 ponere
1542 545 1591 592 in
1610 544 1809 593 homine
1827 545 2122 593 intellectum
2135 559 2149 602 ;
2186 557 2301 591 nam

553 627 716 691 quoad
740 626 842 674 illas
866 625 1060 673 virtutes
1085 626 1239 673 bestia
1263 626 1453 674 excedit
1476 625 1742 685 hominem,
1767 635 1820 675 ut
1844 627 1958 675 dicit
1982 624 2271 675 Metricus²t

933 739 943 755 ⁶
958 734 1050 774 Nos
1079 746 1177 787 aper
1205 734 1346 774 auditu
1375 734 1598 787 praecellit,
1623 747 1772 776 aranea
1799 741 1926 780 tactu,

963 801 1134 842 Vultur²
1163 802 1351 849 odoratu,
1380 802 1466 842 linx
1492 803 1594 849 visu,
1624 803 1750 844 simea
1777 804 1925 856 gustu.’

624 899 687 947 Et
710 899 780 947 sic
813 907 886 946 est
916 899 966 946 in
999 900 1213 962 quinque
1246 899 1496 947 virtutibus
1529 900 1835 948 interioribus
1868 899 2110 961 organicis
2142 912 2308 960 supra-

558 980 708 1029 dictis.
782 979 909 1028 Cum
934 981 1064 1027 enirn
1089 980 1240 1028 homo
1267 995 1368 1028 non
1394 981 1583 1028 excedit
1607 982 1785 1029 bestias
1810 982 1860 1028 in
1877 981 2046 1028 virtute
2071 977 2310 1042 corporali

559 1077 649 1109 nec
673 1063 723 1109 in
757 1076 904 1109 sensu
929 1062 1089 1124 aliquo
1124 1062 1333 1120 animali,
1359 1062 1639 1124 relinquitur
1664 1062 1798 1125 quod
1829 1062 2020 1110 excedit
2054 1062 2105 1109 in
2137 1075 2309 1124 opera-

558 1145 689 1191 tione
737 1143 1015 1191 intellectus.
1112 1142 1208 1190 Sed
1256 1144 1409 1205 qualis
1457 1143 1580 1191 foret
1635 1158 1877 1199 excessus,
1927 1143 1967 1191 si
2013 1144 2065 1190 in
2110 1142 2310 1191 articulo

559 1224 818 1272 felicitatis⁸
841 1225 1083 1277 maximae
1120 1224 1483 1272 necessitaretur
1518 1239 1605 1286 per
1628 1233 1835 1272 mortem
1866 1223 2144 1273 felicitatem
2166 1219 2310 1272 illam

562 1306 860 1368 deperdere?
930 1305 1068 1354 Deus
1110 1306 1241 1353 enirn
1288 1314 1403 1353 tunc
1450 1307 1608 1367 magis
1655 1305 1975 1354 confunderet
2021 1319 2139 1355 suos
2184 1305 2310 1353 filios

562 1390 785 1436 cariores.
855 1386 1021 1435 Habet
1045 1402 1164 1449 ergo
1197 1387 1348 1435 homo
1382 1388 1691 1446 intellectum,
1716 1403 1864 1450 quern
1897 1387 2127 1436 abstrahit
2150 1403 2181 1436 a
2202 1402 2310 1436 cor-

562 1484 695 1531 pore,
722 1484 834 1517 cum
869 1470 977 1531 ipso
1013 1477 1245 1531 perpetue
1281 1476 1663 1531 permanentem.
1736 1469 1863 1518 Item
1897 1469 2049 1518 homo
2084 1469 2227 1518 sentit
2260 1470 2311 1518 in

502 1562 505 1564 ’
563 1567 615 1599 se
639 1552 763 1614 ipso,
788 1547 923 1613 quod
945 1550 1090 1598 habet
1113 1550 1330 1599 naturale
1361 1551 1653 1599 desiderium
1687 1566 1879 1614 semper
1909 1565 2032 1608 esse,
2058 1557 2107 1598 et
2130 1549 2194 1599 ad
2216 1549 2312 1599 hoc

564 1633 876 1696 sapientiores
910 1632 1067 1694 magis
1102 1631 1426 1694 disponuntur
1441 1648 1453 1691 ;
1507 1648 1620 1681 cum
1656 1647 1773 1695 ergo
1809 1640 1980 1680 natura
2015 1646 2118 1679 non
2153 1639 2315 1695 potest

551 1706 772 1761 'frustrari
821 1713 871 1760 in
917 1721 1054 1761 tanto
1101 1714 1367 1775 proposito,
1415 1713 1600 1774 videtur
1648 1713 1782 1776 quod
1830 1713 2001 1775 aliquis
2039 1713 2315 1762 intellectus

563 1795 776 1842 hominis
811 1802 971 1856 potest
1005 1794 1280 1842 naturaliter
1315 1809 1507 1856 semper
1547 1810 1668 1853 esse,
1706 1803 1753 1843 et
1795 1796 1863 1842 sic
1905 1803 1978 1842 est
2014 1794 2313 1844 immortalis.

565 1876 626 1923 Et
658 1875 787 1923 idem
821 1884 893 1924 est
920 1876 1155 1938 judicium
1189 1876 1250 1923 de
1283 1890 1590 1938 quocunque,
1626 1891 1738 1924 cum
1770 1877 1930 1938 posita
1958 1876 2316 1925 immortalitate

567 1954 790 2018 alicujus4
814 1956 1042 2004 individui
1066 1957 1209 2004 unius
1243 1965 1455 2014 naturae,
1481 1965 1672 2019 oportet
1701 1958 1893 2005 cuilibet
1921 1966 2122 2005 naturae
2154 1940 2316 2006 consi-

568 2037 692 2085 mili⁶
726 2039 1068 2101 proprietatem
1102 2038 1233 2086 illam
1266 2040 1439 2096 inesse,
1466 2039 1580 2100 quia
1611 2039 1744 2086 aliter
1775 2054 1877 2086 non
1911 2039 2088 2088 inesset
2121 2047 2316 2088 natura-

569 2121 685 2178 liter,
730 2120 817 2167 sed
858 2120 1122 2177 casualiter,
1165 2120 1388 2183 propter⁶
1431 2135 1628 2168 causam
1670 2121 1813 2168 aliam
1854 2120 2172 2169 adventiciam
2213 2136 2317 2170 non

569 2201 864 2263 fingendam,
885 2201 998 2263 quia
1023 2201 1062 2248 si
1088 2201 1279 2263 spiritus
1303 2201 1380 2248 ille
1404 2200 1528 2248 foret
1552 2201 1875 2263 corruptibilis
1903 2216 1932 2250 a
1957 2215 2047 2249 suo
2073 2203 2317 2251 contrario

567 2284 640 2331 vel
681 2297 969 2345 quacunque
1010 2282 1103 2330 alia
1144 2297 1306 2340 causa,
1346 2282 1535 2329 infinito
1570 2290 1790 2344 tempore
1826 2283 2102 2331 necessario
2138 2284 2318 2334 inesset

569 2364 811 2426 corruptio
832 2364 1116 2426 cuicunque,
1138 2364 1250 2425 quia
1274 2363 1406 2411 aliter
1430 2364 1609 2411 inesset
1636 2364 2006 2426 corruptibilitas
2031 2365 2132 2414 sine
2155 2380 2317 2414 causa.

569 2445 670 2493 Res
694 2445 826 2493 enim
844 2460 968 2508 quae
988 2445 1304 2492 terminantur
1324 2444 1448 2492 suis⁷
1466 2444 1693 2507 periodiS,
1714 2459 1816 2492 non
1836 2445 2137 2494 aeternaliter
2153 2460 2321 2509 perse-2.

568 2534 747 2583 verant,
772 2526 886 2588 quia
909 2527 976 2574 sic
1000 2525 1232 2574 haberent
1250 2526 1486 2574 infinitam
1506 2527 1789 2588 potentiam,
1814 2526 1936 2575 ultra
1953 2526 2049 2576 hoc
2072 2527 2208 2590 quod
2229 2527 2317 2576 ha·
2400 2580 2404 2584 ,

568 2609 736 2656 berent
754 2622 830 2655 res
854 2608 1034 2670 speciei
1054 2607 1331 2665 consimilis,
1352 2622 1476 2670 quae
1495 2623 1582 2670 per
1600 2616 1793 2670 tempus
1813 2608 2064 2656 modicum
2085 2607 2318 2672 possunt⁸

571 2698 708 2738 stare.
783 2688 915 2736 Sicut
949 2703 1068 2751 ergo
1084 2724 1086 2726 >
1103 2688 1253 2737 homo
1288 2689 1434 2738 habet
1471 2689 1738 2752 appetitum
1774 2690 1934 2738 standi
1969 2694 2082 2738 cum
2108 2688 2233 2748 De0‚
2265 2698 2320 2739 ut

572 2771 692 2819 fine⁹
728 2786 818 2819 suo
853 2771 1224 2830 naturalissimO,
1248 2772 1317 2820 sic
1349 2786 1452 2819 non
1487 2779 1561 2819 est
1585 2770 1814 2834 fingenda
1837 2786 1998 2828 causa,
2029 2786 2155 2834 quae
2185 2771 2320 2821 illum

571 2861 737 2916 posset
769 2869 799 2900 a
821 2852 902 2901 tali
927 2853 1179 2915 proposito
1213 2853 1316 2901 sine
1350 2868 1438 2901 suo
1472 2852 1705 2901 demerito
1714 2852 1751 2879 ¹⁰
1784 2868 2021 2915 separare,
2053 2854 2321 2916 specialiter

573 2950 686 2984 cum
734 2936 950 2998 corporis
992 2935 1236 2997 corruptio
1284 2948 1386 2982 non
1426 2934 1546 2982 tollit
1586 2934 1718 2981 illum
1761 2935 1993 2996 spiritum,
2035 2934 2123 2983 sed
2161 2935 2320 2998 magis

573 3017 809 3065 laetificat.
880 3015 1005 3064 Item
1040 3024 1092 3063 ut
1126 3016 1303 3063 docent
1327 3015 1605 3077 philosophi
1629 3023 1675 3062 et
1699 3016 1821 3062 ratio
1854 3015 2094 3074 naturalis,
2119 3016 2318 3078 praeeli-

574 3099 789 3160 gendum
815 3106 889 3145 est
913 3098 964 3144 in
990 3112 1103 3145 casu
1130 3097 1253 3143 mori
1279 3104 1478 3159 propter
1501 3098 1688 3144 bonurn
1718 3096 1965 3158 publicum
1997 3104 2045 3144 et
2068 3097 2132 3145 ad
2164 3098 2321 3160 turpia

578 3180 648 3227 vel
673 3179 928 3242 culpabilia
951 3178 1245 3226 evitandum.
1320 3177 1417 3225 Sed
1442 3177 1537 3225 hoc
1563 3191 1665 3224 non
1690 3185 1850 3239 potest
1873 3179 2093 3226 excusari
2116 3180 2318 3237 ratione,

630 3285 642 3310 ¹
674 3284 890 3338 Metricus]
913 3284 1110 3324 Metricus
1136 3285 1191 3324 ab
1209 3285 1487 3337 experimento
1506 3283 1688 3329 edoctus,
1710 3285 1783 3328 D.;
1813 3283 1868 3322 ab
1881 3289 2048 3336 experto
2068 3283 2249 3331 edoctus,
2269 3286 2319 3326 C.

577 3339 639 3378 ed.
661 3353 721 3391 pr.
886 3338 901 3362 ²
929 3338 1097 3391 Vultur]
1119 3338 1254 3378 vultur
1273 3338 1397 3384 canis,
1418 3339 1472 3377 D.
1702 3338 1717 3361 ³
1743 3337 1965 3389 felicitatis]
1986 3337 2191 3378 felicitatis
2209 3351 2319 3386 suae,

579 3393 626 3432 C.
649 3393 711 3433 ed.
732 3406 791 3446 pr.
974 3392 989 3415 4
1016 3392 1204 3444 alicujus]
1226 3406 1307 3433 om.
1330 3393 1383 3432 D.
1403 3393 1465 3432 ed.
1486 3405 1546 3444 pr.
1721 3391 1736 3416 ⁵
1763 3391 1984 3444 consimili]
2006 3391 2242 3439 consimilis,
2263 3393 2319 3434 D.

579 3446 641 3484 ed.
662 3460 722 3499 pr.
888 3448 903 3470 ⁶
931 3447 1119 3500 propter]
1140 3447 1204 3487 vel
1223 3453 1402 3500 propter,
1425 3447 1478 3486 D.
1499 3446 1560 3486 ed.
1581 3459 1641 3498 pr.
1824 3445 1840 3468 ⁷
1867 3445 1971 3539 suis]
1992 3458 2074 3485 om.
2095 3446 2144 3486 C.
2163 3446 2322 3499 primae

579 3512 735 3546 manus,
757 3502 810 3541 D.
831 3501 894 3541 ed.
915 3514 975 3554 pr.
1141 3501 1157 3524 ⁸
1184 3500 1375 3554 possunt]
1398 3505 1546 3552 potest,
1568 3501 1721 3542 A.B.C.
1897 3499 1914 3523 ⁹
1969 3498 2040 3551 ne]
2060 3498 2208 3540 ultimo
2227 3499 2319 3547 fine,

580 3552 642 3592 ed.
663 3566 723 3605 pr.
888 3555 918 3580 ¹⁰
945 3555 1155 3602 demerito,
1175 3555 1243 3595 i.e.
1265 3554 1397 3608 culpa.
