2436 4094
140 427 291 458 canu.
742 412 1306 462 TRIALOGUS.

0 569 3 576 ·
64 548 68 552 “
140 541 398 592 Credimus
438 546 645 604 tamen²,
686 547 821 608 quod
865 547 1012 594 sicut²
1053 547 1188 595 Deus
1235 548 1450 595 limitavit
1491 548 1692 611 angelos
1734 548 1895 595 bonos

138 625 368 688 perficere
409 635 569 688 partes
611 628 795 686 mundi,
840 628 909 676 sic
952 630 1180 677 continue
1223 629 1471 694 implendo
1522 630 1896 692 impeccabiliter

137 709 280 754 suum
315 707 530 756 officium
566 709 795 757 continue
833 710 936 757 sine
972 711 1071 758 otio
1108 711 1360 773 perficiunt
1396 720 1554 774 partes
1596 712 1769 759 mundi
1781 712 1811 770 ³,
1849 720 1896 759 et

137 788 204 838 ita
244 788 513 837 illuminant
554 799 601 838 et
642 799 851 854 purgant
891 791 1141 840 inferiores
1184 793 1398 855 angelos,
1442 793 1552 841 licet
1593 809 1694 841 non
1732 810 1760 842 a
1798 794 1895 842 suis

137 871 379 919 erroribus
415 871 488 919 vel
523 874 751 935 peccatis,
789 873 876 920 sed
911 882 1220 935 praeservant
1256 889 1342 922 eos
1379 875 1428 921 in
1465 875 1670 922 statibus
1708 875 1894 932 debitis,

137 952 337 1014 quando
362 954 532 1001 ceteris
555 955 752 1016 paribus
779 955 951 1017 dilapsi
974 954 1133 1002 forent
1158 955 1291 1003 aliter
1316 957 1376 1003 ab
1406 956 1496 1003 illis
1530 956 1744 1015 statibus,
1770 964 1895 1019 quos

112 1048 270 1082 .nunc
297 1043 515 1095 servant3
565 1043 613 1083 et
647 1037 714 1083 sic
748 1036 1018 1084 illuminant
1050 1036 1298 1085 inferiores
1332 1038 1548 1100 angelos,
1581 1038 1691 1087 licet
1723 1053 1896 1087 omnes

137 1123 186 1163 et
209 1116 385 1179 singuli
409 1132 439 1164 a
457 1116 567 1165 Deo
592 1117 757 1165 lumen
775 1118 1022 1180 recipiant.
1092 1118 1311 1180 Angelus
1336 1127 1498 1167 autem
1523 1121 1750 1168 continue
1768 1120 1897 1168 videt

136 1196 189 1244 in
223 1198 386 1255 verbo,
422 1198 540 1261 quid
576 1208 623 1247 et
659 1200 862 1262 qualiter
899 1200 958 1247 sit
994 1200 1253 1262 agendum,
1293 1209 1341 1248 et
1375 1210 1598 1249 movetur
1634 1218 1663 1250 a
1685 1201 1798 1250 Deo
1835 1201 1898 1250 ad

138 1279 491 1341 perficiendum
515 1296 641 1343 opus
672 1278 788 1329 sibi4
821 1282 1052 1350 debitum,
1079 1283 1130 1328 in
1162 1297 1262 1344 quo
1295 1282 1469 1330 etiam⁵
1492 1283 1711 1331 beatifice
1737 1283 1896 1331 delec-

136 1367 289 1420 tatur;
329 1364 458 1410 unus
483 1369 649 1410 tamen
673 1363 801 1411 videt
820 1363 993 1412 clarius
1017 1370 1065 1411 et
1089 1363 1209 1411 alius
1233 1364 1394 1411 minus
1414 1364 1553 1412 clare.
1627 1363 1898 1423 Quomodo

137 1449 300 1490 autem
325 1443 487 1505 angeli
511 1444 772 1492 alterantur
797 1445 847 1491 in
873 1445 971 1493 suis
995 1444 1441 1503 illuminationibus,
1468 1453 1541 1493 est
1573 1445 1826 1494 difficultas
1851 1453 1899 1494 et

136 1531 284 1572 error'
315 1520 580 1588 multiplex,
623 1541 737 1573 cum
788 1526 924 1573 multi
971 1527 1297 1589 imaginantur
1344 1527 1489 1574 nimis
1535 1542 1720 1589 grosse,
1764 1529 1899 1591 quod

136 1603 317 1663 lumen,
344 1612 443 1668 quo
477 1606 764 1655 informatur
788 1608 1003 1670 angeluS,
1031 1608 1089 1655 sit
1120 1622 1197 1655 res
1229 1622 1354 1670 quae
1386 1609 1563 1670 poterit
1596 1624 1682 1671 per
1707 1624 1758 1657 se
1792 1625 1898 1658 esse

137 1687 367 1735 continue
405 1687 624 1736 defluxa⁶
658 1704 687 1736 a
717 1688 827 1736 Deo
859 1689 934 1736 vel
967 1689 1202 1751 superiori
1235 1689 1424 1752 angelo.
1502 1689 1598 1737 Sed
1632 1691 1749 1752 quid
1784 1691 1899 1739 stul-

136 1770 246 1827 tiuS,
273 1785 387 1818 cum
411 1770 603 1819 affectio
629 1771 788 1834 angeli
812 1778 975 1833 potest
999 1771 1339 1818 insensibiliter
1362 1772 1546 1830 variari,
1572 1780 1620 1820 et
1652 1774 1702 1820 in
1726 1773 1899 1835 majori

137 1859 273 1915 parte
311 1852 473 1914 angeli
513 1852 697 1901 habent
745 1852 1029 1900 affectiones
1076 1859 1350 1915 perpetuaS‚
1400 1868 1522 1915 quas
1564 1869 1625 1901 ex
1666 1863 1901 1917 perpetua

139 1933 421 1983 duratione⁷
443 1949 534 1998 pro
559 1941 649 1983 suo
674 1943 894 1998 tempore
918 1936 1314 1998 prosequuntur?⁴

860 2219 901 2269 C
913 2220 957 2268 A
967 2220 1019 2267 P.
1058 2218 1172 2267 XII.

586 2357 663 2405 De
685 2359 952 2421 angelorum
977 2359 1228 2419 cognitione
1251 2365 1294 2405 et
1313 2358 1459 2420 lapsu.

209 2497 434 2546 Pseustz‘s.
508 2495 701 2554 Audivi,
727 2496 861 2558 quod
890 2495 1043 2543 taliter
1067 2495 1268 2557 qualiter
1292 2496 1516 2543 eructasti
1549 2503 1682 2543 tuam
1707 2504 1899 2543 senten-

138 2580 275 2639 tiam,
299 2579 388 2628 sed
422 2578 584 2636 dubia,
610 2579 662 2626 in
694 2579 869 2640 quibus
902 2577 1154 2624 difficultas
1188 2577 1514 2635 absconditur,
1545 2579 1900 2639 praetermittis·

138 2661 363 2710 Dubium
387 2659 586 2723 quidem
609 2667 695 2717 est,
719 2655 907 2706 utrum⁸
932 2673 993 2706 ex
1017 2658 1192 2720 angelo
1222 2666 1269 2705 et
1301 2658 1529 2720 corpore⁹
1556 2659 1737 2720 aliquid
1763 2673 1899 2706 com-

54 2803 58 2806 ,
139 2750 360 2806 ponatur.
439 2741 504 2788 Et
538 2742 713 2789 iterum
750 2739 950 2787 dubium
988 2747 1074 2797 est,
1107 2739 1362 2801 quomodo
1398 2739 1543 2801 aliqui
1580 2739 1738 2802 angeli
1764 2749 1901 2788 erant

137 2824 252 2872 facti
289 2824 359 2872 sic
392 2822 520 2881 mali,
545 2822 599 2869 in
635 2822 734 2870 suis
769 2821 959 2868 malitiis
994 2820 1217 2869 indurati.
1288 2820 1363 2868 Ac
1399 2821 1539 2868 tertio
1575 2821 1776 2869 dubium
1812 2830 1898 2880 est,

0 2883 14 2972 f*
58 2940 63 2946 -
138 2905 395 2968 quomodo
431 2905 549 2953 boni
589 2904 750 2967 angeli
786 2910 1006 2966 pugnant
1042 2917 1155 2950 cum
1190 2902 1343 2960 maliS‚
1375 2902 1532 2949 cum¹⁰
1572 2902 1668 2951 hoc
1716 2902 1900 2951 videtur

0 3606 7 3639 l

0 3641 28 3858 l.

0 3859 12 3888 ἱ

138 2986 487 3035 beatitudinem
533 2986 779 3034 bonorum
826 2984 991 3032 tollere
1000 2983 1050 3042 ¹²,
1100 2999 1210 3032 cum
1267 2984 1536 3032 secundum
1582 2983 1899 3047 Augustz‘num

138 3073 150 3093 ‘
167 3069 341 3116 beatus
379 3075 453 3116 est
490 3067 573 3130 qui
612 3067 757 3115 habet
799 3066 1029 3128 quicquid
1066 3065 1176 3122 vult,
1215 3074 1263 3113 et
1303 3065 1419 3112 nihil
1455 3064 1567 3112 mali
1602 3065 1728 3114 vult.'
1803 3064 1900 3114 Sed

139 3149 392 3212 quomodo
416 3149 563 3198 habet
588 3148 790 3210 angelus
803 3147 885 3215 vsic
910 3162 1139 3210 pugnans
1171 3146 1407 3210 quidquid
1431 3147 1542 3204 vult,
1570 3162 1683 3196 cum
1716 3148 1900 3210 appetit

197 3301 212 3325 ²
241 3299 400 3353 tamen]
421 3299 531 3340 enim
551 3304 702 3345 tamen,
723 3298 770 3338 B.
791 3298 948 3350 primae
965 3308 1124 3342 manus,
1143 3295 1207 3335 ed.
1227 3308 1287 3347 pr.
1473 3294 1489 3318 ²
1517 3294 1639 3347 sicut]
1661 3294 1730 3341 sic,
1752 3294 1815 3336 ed.
1836 3307 1897 3348 pr.

139 3355 155 3378 ³
185 3355 245 3396 sic
263 3353 726 3407 continue—perficiunt
746 3358 884 3405 partes
902 3350 1064 3402 mundi]
1087 3363 1168 3390 om.
1190 3349 1246 3388 D.
1438 3349 1453 3372 ⁴
1481 3349 1579 3401 sibi]
1602 3362 1732 3395 suum,
1753 3350 1816 3390 ed.
1838 3363 1899 3402 pr.

140 3409 157 3432 ⁸
185 3410 228 3450 in
273 3422 328 3450 uo
348 3408 492 3461 etiam]
506 3414 547 3448 et
559 3409 602 3448 in
622 3407 715 3453 hoc,
737 3407 786 3447 C.
802 3406 866 3447 ed.
888 3419 949 3458 pr.
1061 3405 1077 3427 ⁶
1104 3402 1284 3455 defluxa]
1299 3401 1474 3448 defluxu,
1491 3403 1554 3444 ed.
1567 3416 1629 3456 pr.
1739 3403 1754 3426 ⁷
1782 3403 1901 3444 dura-

141 3463 256 3504 tione
298 3463 539 3507 servatione,
556 3462 711 3502 A.B.C.
731 3461 794 3501 ed.
815 3473 876 3512 pr.
1042 3458 1058 3481 ⁸
1085 3456 1242 3509 utrum]
1264 3457 1470 3519 om.-A.B.
1661 3458 1676 3481 ⁰
1705 3457 1897 3511 corpore]

142 3530 195 3558 co
274 3530 318 3557 re
336 3517 383 3563 si,
406 3516 508 3557 Α.Β.
670 3517 698 3539 ¹⁰
727 3514 841 3567 cum]
863 3519 963 3558 tum,
983 3514 1046 3553 ed.
1068 3525 1129 3564 pr.
1266 3512 1291 3534 ¹¹
1324 3510 1701 3564 videtur—tollere]
1722 3511 1898 3558 tolleret.

145 3572 196 3611 Α.
238 3571 298 3612 .C.

985 3650 1004 3682 1
1035 3653 1057 3683 2

2234 1205 2251 3632 mma-W
