<?xml version="1.0" encoding="UTF-8"?>
<!DOCTYPE html PUBLIC "-//W3C//DTD XHTML 1.0 Transitional//EN"
    "http://www.w3.org/TR/xhtml1/DTD/xhtml1-transitional.dtd">
<html xmlns="http://www.w3.org/1999/xhtml" xml:lang="en" lang="en">
 <head>
  <title>
</title>
<meta http-equiv="Content-Type" content="text/html;charset=utf-8" />
  <meta name='ocr-system' content='tesseract 3.04.00' />
  <meta name='ocr-capabilities' content='ocr_page ocr_carea ocr_par ocr_line ocrx_word'/>
</head>
<body>
  <div class='ocr_page' id='page_1' title='image "./trialoguscumsupp00wycluoft_0200.png"; bbox 0 0 2436 4094; ppageno 0'>
   <div class='ocr_carea' id='block_1_1' title="bbox 336 433 435 486">
    <p class='ocr_par' dir='ltr' id='par_1_1' title="bbox 336 433 435 486">
     <span class='ocr_line' id='line_1_1' title="bbox 336 433 435 486; baseline 0.01 -1"><span class='ocrx_word' id='word_1_1' title='bbox 336 433 435 486; x_wconf 87' lang='lat'>188</span> 
     </span>
    </p>
   </div>
   <div class='ocr_carea' id='block_1_2' title="bbox 1023 429 2324 494">
    <p class='ocr_par' dir='ltr' id='par_1_2' title="bbox 1023 429 2324 494">
     <span class='ocr_line' id='line_1_2' title="bbox 1023 429 2324 494; baseline -0.002 -13"><span class='ocrx_word' id='word_1_2' title='bbox 1023 429 1443 494; x_wconf 86' lang='lat' dir='ltr'><em>JOANNIS</em></span> <span class='ocrx_word' id='word_1_3' title='bbox 1512 430 1858 482; x_wconf 81' lang='lat' dir='ltr'><em>WICLIF</em></span> <span class='ocrx_word' id='word_1_4' title='bbox 2163 448 2324 478; x_wconf 64' lang='lat' dir='ltr'>mam.</span> 
     </span>
    </p>
   </div>
   <div class='ocr_carea' id='block_1_3' title="bbox 545 563 2387 3076">
    <p class='ocr_par' dir='ltr' id='par_1_3' title="bbox 545 563 2387 3076">
     <span class='ocr_line' id='line_1_3' title="bbox 568 563 2323 627; baseline 0.001 -16"><span class='ocrx_word' id='word_1_5' title='bbox 568 572 705 612; x_wconf 88' lang='lat' dir='ltr'>tram.</span> <span class='ocrx_word' id='word_1_6' title='bbox 777 563 942 612; x_wconf 86' lang='lat' dir='ltr'><strong>Virtus</strong></span> <span class='ocrx_word' id='word_1_7' title='bbox 966 571 1130 612; x_wconf 91' lang='lat' dir='ltr'>tamen</span> <span class='ocrx_word' id='word_1_8' title='bbox 1165 573 1367 627; x_wconf 91' lang='lat' dir='ltr'>peccato</span> <span class='ocrx_word' id='word_1_9' title='bbox 1393 565 1468 613; x_wconf 90' lang='lat' dir='ltr'>isti</span> <span class='ocrx_word' id='word_1_10' title='bbox 1504 565 1742 613; x_wconf 87' lang='lat' dir='ltr'>contraria</span> <span class='ocrx_word' id='word_1_11' title='bbox 1777 572 1990 613; x_wconf 87' lang='lat' dir='ltr'>servatur</span> <span class='ocrx_word' id='word_1_12' title='bbox 2019 563 2082 612; x_wconf 90' lang='lat' dir='ltr'>ad</span> <span class='ocrx_word' id='word_1_13' title='bbox 2104 563 2323 627; x_wconf 86' lang='lat' dir='ltr'>regulam</span> 
     </span>
     <span class='ocr_line' id='line_1_4' title="bbox 569 631 2322 709; baseline 0.001 -18"><span class='ocrx_word' id='word_1_14' title='bbox 569 647 617 692; x_wconf 94' lang='lat' dir='ltr'>in</span> <span class='ocrx_word' id='word_1_15' title='bbox 658 645 982 707; x_wconf 87' lang='lat' dir='ltr'>triumphante</span> <span class='ocrx_word' id='word_1_16' title='bbox 1023 647 1239 705; x_wconf 89' lang='lat' dir='ltr'>ecclesia,</span> <span class='ocrx_word' id='word_1_17' title='bbox 1282 662 1395 694; x_wconf 91' lang='lat' dir='ltr'>cum</span> <span class='ocrx_word' id='word_1_18' title='bbox 1436 661 1608 694; x_wconf 91' lang='lat' dir='ltr'>omnes</span> <span class='ocrx_word' id='word_1_19' title='bbox 1649 646 1714 694; x_wconf 91' lang='lat' dir='ltr'>ibi</span> <span class='ocrx_word' id='word_1_20' title='bbox 1750 646 1955 709; x_wconf 89' lang='lat' dir='ltr'>diligunt</span> <span class='ocrx_word' id='word_1_21' title='bbox 1990 661 2041 694; x_wconf 89' lang='lat' dir='ltr'>se</span> <span class='ocrx_word' id='word_1_22' title='bbox 2064 631 2322 695; x_wconf 48' lang='lat' dir='ltr'>³caritative</span> 
     </span>
     <span class='ocr_line' id='line_1_5' title="bbox 567 726 2323 791; baseline 0.001 -19"><span class='ocrx_word' id='word_1_23' title='bbox 567 726 828 788; x_wconf 85' lang='lat' dir='ltr'>reciproce,</span> <span class='ocrx_word' id='word_1_24' title='bbox 866 734 914 774; x_wconf 92' lang='lat' dir='ltr'>et</span> <span class='ocrx_word' id='word_1_25' title='bbox 949 727 1216 789; x_wconf 87' lang='lat' dir='ltr'>specialiter</span> <span class='ocrx_word' id='word_1_26' title='bbox 1251 735 1455 790; x_wconf 89' lang='lat' dir='ltr'>prosunt</span> <span class='ocrx_word' id='word_1_27' title='bbox 1490 728 1539 774; x_wconf 91' lang='lat' dir='ltr'>in</span> <span class='ocrx_word' id='word_1_28' title='bbox 1576 728 1899 791; x_wconf 85' lang='lat' dir='ltr'>spiritualibus</span> <span class='ocrx_word' id='word_1_29' title='bbox 1934 727 2164 776; x_wconf 88' lang='lat' dir='ltr'>ecclesiae</span> <span class='ocrx_word' id='word_1_30' title='bbox 2199 727 2323 774; x_wconf 92' lang='lat' dir='ltr'>mili-</span> 
     </span>
     <span class='ocr_line' id='line_1_6' title="bbox 567 807 2323 872; baseline 0 -18"><span class='ocrx_word' id='word_1_31' title='bbox 567 807 700 855; x_wconf 88' lang='lat' dir='ltr'>tanti.</span> <span class='ocrx_word' id='word_1_32' title='bbox 770 807 832 856; x_wconf 88' lang='lat' dir='ltr'>Et</span> <span class='ocrx_word' id='word_1_33' title='bbox 868 823 980 856; x_wconf 90' lang='lat' dir='ltr'>cum</span> <span class='ocrx_word' id='word_1_34' title='bbox 1017 808 1218 872; x_wconf 88' lang='lat' dir='ltr'>Moyses</span> <span class='ocrx_word' id='word_1_35' title='bbox 1254 809 1397 856; x_wconf 91' lang='lat' dir='ltr'>debet</span> <span class='ocrx_word' id='word_1_36' title='bbox 1429 808 1585 857; x_wconf 87' lang='lat' dir='ltr'>facere</span> <span class='ocrx_word' id='word_1_37' title='bbox 1618 810 1785 857; x_wconf 91' lang='lat' dir='ltr'>omnia</span> <span class='ocrx_word' id='word_1_38' title='bbox 1817 809 2085 857; x_wconf 91' lang='lat' dir='ltr'>secundum</span> <span class='ocrx_word' id='word_1_39' title='bbox 2116 808 2251 871; x_wconf 92' lang='lat' dir='ltr'>quod</span> <span class='ocrx_word' id='word_1_40' title='bbox 2272 809 2323 855; x_wconf 92' lang='lat' dir='ltr'>in</span> 
     </span>
     <span class='ocr_line' id='line_1_7' title="bbox 564 888 2323 952; baseline 0.001 -17"><span class='ocrx_word' id='word_1_41' title='bbox 564 896 731 936; x_wconf 91' lang='lat' dir='ltr'>monte</span> <span class='ocrx_word' id='word_1_42' title='bbox 756 888 852 937; x_wconf 89' lang='lat' dir='ltr'>hoc</span> <span class='ocrx_word' id='word_1_43' title='bbox 869 890 967 940; x_wconf 86' lang='lat' dir='ltr'>sibi</span> <span class='ocrx_word' id='word_1_44' title='bbox 991 898 1313 939; x_wconf 87' lang='lat' dir='ltr'>monstratum</span> <span class='ocrx_word' id='word_1_45' title='bbox 1333 898 1418 948; x_wconf 91' lang='lat' dir='ltr'>est,</span> <span class='ocrx_word' id='word_1_46' title='bbox 1437 898 1490 938; x_wconf 91' lang='lat' dir='ltr'>ut</span> <span class='ocrx_word' id='word_1_47' title='bbox 1516 890 1688 938; x_wconf 92' lang='lat' dir='ltr'>dicitur</span> <span class='ocrx_word' id='word_1_48' title='bbox 1705 889 1864 938; x_wconf 87' lang='lat' dir='ltr'>Exod.</span> <span class='ocrx_word' id='word_1_49' title='bbox 1885 905 2010 948; x_wconf 70' lang='lat' dir='ltr'>xxv„</span> <span class='ocrx_word' id='word_1_50' title='bbox 2029 897 2164 952; x_wconf 88' lang='lat' dir='ltr'>patet</span> <span class='ocrx_word' id='word_1_51' title='bbox 2187 888 2323 952; x_wconf 91' lang='lat' dir='ltr'>quod</span> 
     </span>
     <span class='ocr_line' id='line_1_8' title="bbox 563 970 2323 1035; baseline 0 -17"><span class='ocrx_word' id='word_1_52' title='bbox 563 970 762 1033; x_wconf 89' lang='lat' dir='ltr'>praelati</span> <span class='ocrx_word' id='word_1_53' title='bbox 786 972 939 1020; x_wconf 89' lang='lat' dir='ltr'>nostri</span> <span class='ocrx_word' id='word_1_54' title='bbox 964 972 1014 1019; x_wconf 91' lang='lat' dir='ltr'>in</span> <span class='ocrx_word' id='word_1_55' title='bbox 1038 972 1362 1035; x_wconf 88' lang='lat' dir='ltr'>spiritualibus</span> <span class='ocrx_word' id='word_1_56' title='bbox 1386 972 1676 1035; x_wconf 88' lang='lat' dir='ltr'>prodessent</span> <span class='ocrx_word' id='word_1_57' title='bbox 1699 972 1961 1035; x_wconf 88' lang='lat' dir='ltr'>praecipue</span> <span class='ocrx_word' id='word_1_58' title='bbox 1979 971 2184 1020; x_wconf 89' lang='lat' dir='ltr'>subditis</span> <span class='ocrx_word' id='word_1_59' title='bbox 2207 971 2323 1030; x_wconf 83' lang='lat' dir='ltr'>suiS,</span> 
     </span>
     <span class='ocr_line' id='line_1_9' title="bbox 563 1052 2326 1116; baseline 0.001 -17"><span class='ocrx_word' id='word_1_60' title='bbox 563 1052 685 1099; x_wconf 89' lang='lat' dir='ltr'>sicut</span> <span class='ocrx_word' id='word_1_61' title='bbox 710 1053 867 1115; x_wconf 87' lang='lat' dir='ltr'>angeli</span> <span class='ocrx_word' id='word_1_62' title='bbox 892 1054 1124 1102; x_wconf 90' lang='lat' dir='ltr'>ecclesiae</span> <span class='ocrx_word' id='word_1_63' title='bbox 1156 1054 1508 1116; x_wconf 91' lang='lat' dir='ltr'>triumphantis.</span> <span class='ocrx_word' id='word_1_64' title='bbox 1582 1053 1680 1101; x_wconf 91' lang='lat' dir='ltr'>Sed</span> <span class='ocrx_word' id='word_1_65' title='bbox 1692 1052 1929 1116; x_wconf 81' lang='lat' dir='ltr'>Jordam&#39;s</span> <span class='ocrx_word' id='word_1_66' title='bbox 1968 1067 2228 1102; x_wconf 89' lang='lat' dir='ltr'>conversus</span> <span class='ocrx_word' id='word_1_67' title='bbox 2251 1060 2326 1101; x_wconf 85' lang='lat' dir='ltr'>est</span> 
     </span>
     <span class='ocr_line' id='line_1_10' title="bbox 564 1133 2324 1197; baseline 0.001 -17"><span class='ocrx_word' id='word_1_68' title='bbox 564 1140 840 1192; x_wconf 90' lang='lat' dir='ltr'>retrorsum,</span> <span class='ocrx_word' id='word_1_69' title='bbox 879 1150 992 1183; x_wconf 92' lang='lat' dir='ltr'>cum</span> <span class='ocrx_word' id='word_1_70' title='bbox 1027 1135 1165 1184; x_wconf 91' lang='lat' dir='ltr'>labor</span> <span class='ocrx_word' id='word_1_71' title='bbox 1201 1144 1248 1184; x_wconf 92' lang='lat' dir='ltr'>et</span> <span class='ocrx_word' id='word_1_72' title='bbox 1284 1134 1555 1184; x_wconf 90' lang='lat' dir='ltr'>sollicitudo</span> <span class='ocrx_word' id='word_1_73' title='bbox 1592 1136 1719 1184; x_wconf 90' lang='lat' dir='ltr'>circa</span> <span class='ocrx_word' id='word_1_74' title='bbox 1754 1135 1919 1197; x_wconf 87' lang='lat' dir='ltr'>gravia</span> <span class='ocrx_word' id='word_1_75' title='bbox 1953 1142 2001 1183; x_wconf 92' lang='lat' dir='ltr'>et</span> <span class='ocrx_word' id='word_1_76' title='bbox 2025 1133 2176 1182; x_wconf 88' lang='lat' dir='ltr'>vana¹</span> <span class='ocrx_word' id='word_1_77' title='bbox 2200 1141 2324 1183; x_wconf 90' lang='lat' dir='ltr'>tem-</span> 
     </span>
     <span class='ocr_line' id='line_1_11' title="bbox 563 1216 2325 1280; baseline 0.001 -17"><span class='ocrx_word' id='word_1_78' title='bbox 563 1217 749 1279; x_wconf 89' lang='lat' dir='ltr'>poralia</span> <span class='ocrx_word' id='word_1_79' title='bbox 791 1225 903 1264; x_wconf 90' lang='lat' dir='ltr'>sunt</span> <span class='ocrx_word' id='word_1_80' title='bbox 950 1217 1138 1280; x_wconf 89' lang='lat' dir='ltr'>dejecti,</span> <span class='ocrx_word' id='word_1_81' title='bbox 1183 1225 1230 1265; x_wconf 91' lang='lat' dir='ltr'>et</span> <span class='ocrx_word' id='word_1_82' title='bbox 1277 1233 1363 1280; x_wconf 92' lang='lat' dir='ltr'>per</span> <span class='ocrx_word' id='word_1_83' title='bbox 1411 1232 1718 1280; x_wconf 91' lang='lat' dir='ltr'>consequens</span> <span class='ocrx_word' id='word_1_84' title='bbox 1765 1217 1912 1279; x_wconf 88' lang='lat' dir='ltr'>plena</span> <span class='ocrx_word' id='word_1_85' title='bbox 1957 1224 2007 1264; x_wconf 85' lang='lat' dir='ltr'>et</span> <span class='ocrx_word' id='word_1_86' title='bbox 2051 1216 2325 1279; x_wconf 85' lang='lat' dir='ltr'>periculosa</span> 
     </span>
     <span class='ocr_line' id='line_1_12' title="bbox 563 1296 2315 1362; baseline -0.002 -15"><span class='ocrx_word' id='word_1_87' title='bbox 563 1299 774 1348; x_wconf 88' lang='lat' dir='ltr'>haeresis</span> <span class='ocrx_word' id='word_1_88' title='bbox 816 1299 1016 1362; x_wconf 90' lang='lat' dir='ltr'>pullulat</span> <span class='ocrx_word' id='word_1_89' title='bbox 1057 1300 1108 1347; x_wconf 92' lang='lat' dir='ltr'>in</span> <span class='ocrx_word' id='word_1_90' title='bbox 1145 1300 1349 1348; x_wconf 89' lang='lat' dir='ltr'>ecclesia</span> <span class='ocrx_word' id='word_1_91' title='bbox 1388 1300 1635 1357; x_wconf 89' lang='lat' dir='ltr'>militante,</span> <span class='ocrx_word' id='word_1_92' title='bbox 1678 1313 1792 1346; x_wconf 92' lang='lat' dir='ltr'>cum</span> <span class='ocrx_word' id='word_1_93' title='bbox 1833 1298 2069 1346; x_wconf 90' lang='lat' dir='ltr'>debemus</span> <span class='ocrx_word' id='word_1_94' title='bbox 2114 1312 2177 1346; x_wconf 86' lang='lat' dir='ltr'>ex</span> <span class='ocrx_word' id='word_1_95' title='bbox 2218 1296 2315 1345; x_wconf 88' lang='lat' dir='ltr'>fide</span> 
     </span>
     <span class='ocr_line' id='line_1_13' title="bbox 564 1378 2321 1444; baseline -0.002 -15"><span class='ocrx_word' id='word_1_96' title='bbox 564 1397 762 1430; x_wconf 92' lang='lat' dir='ltr'>omnem</span> <span class='ocrx_word' id='word_1_97' title='bbox 790 1382 1161 1431; x_wconf 90' lang='lat' dir='ltr'>sollicitudinem</span> <span class='ocrx_word' id='word_1_98' title='bbox 1192 1382 1242 1429; x_wconf 92' lang='lat' dir='ltr'>in</span> <span class='ocrx_word' id='word_1_99' title='bbox 1267 1381 1513 1430; x_wconf 88' lang='lat' dir='ltr'>Christum</span> <span class='ocrx_word' id='word_1_100' title='bbox 1548 1381 1784 1444; x_wconf 89' lang='lat' dir='ltr'>projicere</span> <span class='ocrx_word' id='word_1_101' title='bbox 1817 1387 2093 1437; x_wconf 86' lang='lat' dir='ltr'>retrorsum,</span> <span class='ocrx_word' id='word_1_102' title='bbox 2123 1378 2321 1442; x_wconf 89' lang='lat' dir='ltr'>projici-</span> 
     </span>
     <span class='ocr_line' id='line_1_14' title="bbox 563 1460 2314 1512; baseline -0.002 -1"><span class='ocrx_word' id='word_1_103' title='bbox 563 1479 673 1512; x_wconf 92' lang='lat' dir='ltr'>mus</span> <span class='ocrx_word' id='word_1_104' title='bbox 705 1479 732 1511; x_wconf 95' lang='lat' dir='ltr'>e</span> <span class='ocrx_word' id='word_1_105' title='bbox 757 1472 926 1512; x_wconf 89' lang='lat' dir='ltr'>contra</span> <span class='ocrx_word' id='word_1_106' title='bbox 949 1471 1103 1512; x_wconf 92' lang='lat' dir='ltr'>totam</span> <span class='ocrx_word' id='word_1_107' title='bbox 1128 1463 1499 1512; x_wconf 91' lang='lat' dir='ltr'>sollicitudinem</span> <span class='ocrx_word' id='word_1_108' title='bbox 1523 1470 1740 1510; x_wconf 92' lang='lat' dir='ltr'>nostram</span> <span class='ocrx_word' id='word_1_109' title='bbox 1763 1462 1813 1509; x_wconf 93' lang='lat' dir='ltr'>in</span> <span class='ocrx_word' id='word_1_110' title='bbox 1837 1469 2039 1510; x_wconf 86' lang='lat' dir='ltr'>terrena.</span> <span class='ocrx_word' id='word_1_111' title='bbox 2110 1460 2174 1509; x_wconf 87' lang='lat' dir='ltr'>Et</span> <span class='ocrx_word' id='word_1_112' title='bbox 2197 1475 2314 1509; x_wconf 88' lang='lat' dir='ltr'>cum</span> 
     </span>
     <span class='ocr_line' id='line_1_15' title="bbox 545 1540 2320 1610; baseline -0.003 -17"><span class='ocrx_word' id='word_1_113' title='bbox 545 1547 738 1610; x_wconf 85' lang='lat' dir='ltr'>sactum</span> <span class='ocrx_word' id='word_1_114' title='bbox 773 1553 994 1593; x_wconf 90' lang='lat' dir='ltr'>nostrum</span> <span class='ocrx_word' id='word_1_115' title='bbox 1029 1545 1235 1607; x_wconf 91' lang='lat' dir='ltr'>imponit</span> <span class='ocrx_word' id='word_1_116' title='bbox 1269 1544 1442 1592; x_wconf 89' lang='lat' dir='ltr'>realius</span> <span class='ocrx_word' id='word_1_117' title='bbox 1479 1540 1704 1592; x_wconf 82' lang='lat' dir='ltr'>sensum2</span> <span class='ocrx_word' id='word_1_118' title='bbox 1740 1544 2016 1606; x_wconf 89' lang='lat' dir='ltr'>scripturae,</span> <span class='ocrx_word' id='word_1_119' title='bbox 2042 1556 2192 1605; x_wconf 89' lang='lat' dir='ltr'>quam</span> <span class='ocrx_word' id='word_1_120' title='bbox 2220 1555 2320 1589; x_wconf 85' lang='lat' dir='ltr'>vox</span> 
     </span>
     <span class='ocr_line' id='line_1_16' title="bbox 562 1623 2320 1689; baseline -0.002 -14"><span class='ocrx_word' id='word_1_121' title='bbox 562 1635 727 1675; x_wconf 90' lang='lat' dir='ltr'>nostra</span> <span class='ocrx_word' id='word_1_122' title='bbox 766 1627 1051 1684; x_wconf 89' lang='lat' dir='ltr'>transitoria,</span> <span class='ocrx_word' id='word_1_123' title='bbox 1094 1634 1236 1689; x_wconf 90' lang='lat' dir='ltr'>patet,</span> <span class='ocrx_word' id='word_1_124' title='bbox 1286 1626 1460 1689; x_wconf 77' lang='lat' dir='ltr'>quam³</span> <span class='ocrx_word' id='word_1_125' title='bbox 1496 1626 1656 1688; x_wconf 90' lang='lat' dir='ltr'>plures</span> <span class='ocrx_word' id='word_1_126' title='bbox 1695 1625 1894 1688; x_wconf 90' lang='lat' dir='ltr'>praelati</span> <span class='ocrx_word' id='word_1_127' title='bbox 1929 1632 2042 1672; x_wconf 89' lang='lat' dir='ltr'>sunt</span> <span class='ocrx_word' id='word_1_128' title='bbox 2075 1623 2320 1672; x_wconf 87' lang='lat' dir='ltr'>manifesti</span> 
     </span>
     <span class='ocr_line' id='line_1_17' title="bbox 563 1701 2322 1770; baseline -0.002 -13"><span class='ocrx_word' id='word_1_129' title='bbox 563 1709 788 1757; x_wconf 90' lang='lat' dir='ltr'>haeretici</span> <span class='ocrx_word' id='word_1_130' title='bbox 830 1725 892 1757; x_wconf 88' lang='lat' dir='ltr'>ex</span> <span class='ocrx_word' id='word_1_131' title='bbox 930 1708 1215 1756; x_wconf 88' lang='lat' dir='ltr'>defensione</span> <span class='ocrx_word' id='word_1_132' title='bbox 1240 1709 1352 1755; x_wconf 89' lang='lat' dir='ltr'>reali</span> <span class='ocrx_word' id='word_1_133' title='bbox 1394 1707 1640 1770; x_wconf 87' lang='lat' dir='ltr'>pertinaci,</span> <span class='ocrx_word' id='word_1_134' title='bbox 1684 1721 1781 1770; x_wconf 91' lang='lat' dir='ltr'>qua</span> <span class='ocrx_word' id='word_1_135' title='bbox 1822 1706 2177 1755; x_wconf 89' lang='lat' dir='ltr'>contrariantur</span> <span class='ocrx_word' id='word_1_136' title='bbox 2217 1701 2322 1753; x_wconf 75' lang='lat' dir='ltr'>isti4</span> 
     </span>
     <span class='ocr_line' id='line_1_18' title="bbox 564 1786 2318 1853; baseline -0.002 -15"><span class='ocrx_word' id='word_1_137' title='bbox 564 1791 825 1853; x_wconf 90' lang='lat' dir='ltr'>scripturae</span> <span class='ocrx_word' id='word_1_138' title='bbox 850 1790 962 1838; x_wconf 91' lang='lat' dir='ltr'>fidei</span> <span class='ocrx_word' id='word_1_139' title='bbox 983 1791 1135 1838; x_wconf 90' lang='lat' dir='ltr'>sancti</span> <span class='ocrx_word' id='word_1_140' title='bbox 1160 1790 1314 1838; x_wconf 88' lang='lat' dir='ltr'>Petri:</span> <span class='ocrx_word' id='word_1_141' title='bbox 1354 1794 1365 1815; x_wconf 88' lang='lat'>‘</span> <span class='ocrx_word' id='word_1_142' title='bbox 1382 1805 1582 1837; x_wconf 90' lang='lat' dir='ltr'>omnem</span> <span class='ocrx_word' id='word_1_143' title='bbox 1609 1788 1982 1837; x_wconf 91' lang='lat' dir='ltr'>sollicitudinem</span> <span class='ocrx_word' id='word_1_144' title='bbox 2007 1786 2242 1836; x_wconf 83' lang='lat' dir='ltr'>vestram⁶</span> <span class='ocrx_word' id='word_1_145' title='bbox 2265 1787 2318 1835; x_wconf 90' lang='lat' dir='ltr'>in</span> 
     </span>
     <span class='ocr_line' id='line_1_19' title="bbox 563 1868 2319 1935; baseline -0.001 -17"><span class='ocrx_word' id='word_1_146' title='bbox 563 1872 747 1934; x_wconf 74' lang='lat' dir='ltr'>ipsum⁶</span> <span class='ocrx_word' id='word_1_147' title='bbox 771 1869 1108 1935; x_wconf 89' lang='lat' dir='ltr'>projicientes.&#39;</span> <span class='ocrx_word' id='word_1_148' title='bbox 1179 1871 1242 1919; x_wconf 92' lang='lat' dir='ltr'>Et</span> <span class='ocrx_word' id='word_1_149' title='bbox 1266 1880 1412 1934; x_wconf 89' lang='lat' dir='ltr'>patet,</span> <span class='ocrx_word' id='word_1_150' title='bbox 1438 1871 1572 1933; x_wconf 91' lang='lat' dir='ltr'>quod</span> <span class='ocrx_word' id='word_1_151' title='bbox 1597 1871 1758 1934; x_wconf 91' lang='lat' dir='ltr'>plures</span> <span class='ocrx_word' id='word_1_152' title='bbox 1782 1878 1893 1918; x_wconf 91' lang='lat' dir='ltr'>sunt</span> <span class='ocrx_word' id='word_1_153' title='bbox 1916 1869 2069 1918; x_wconf 89' lang='lat' dir='ltr'>reales</span> <span class='ocrx_word' id='word_1_154' title='bbox 2093 1868 2319 1918; x_wconf 89' lang='lat' dir='ltr'>haeretici</span> 
     </span>
     <span class='ocr_line' id='line_1_20' title="bbox 563 1944 2318 2015; baseline -0.001 -15"><span class='ocrx_word' id='word_1_155' title='bbox 563 1968 710 2015; x_wconf 90' lang='lat' dir='ltr'>quam</span> <span class='ocrx_word' id='word_1_156' title='bbox 735 1953 965 2001; x_wconf 92' lang='lat' dir='ltr'>verbales.</span> <span class='ocrx_word' id='word_1_157' title='bbox 1035 1953 1098 2001; x_wconf 90' lang='lat' dir='ltr'>Et</span> <span class='ocrx_word' id='word_1_158' title='bbox 1123 1944 1253 2015; x_wconf 87' lang='lat' dir='ltr'>patet</span> <span class='ocrx_word' id='word_1_159' title='bbox 1276 1954 1327 1999; x_wconf 92' lang='lat' dir='ltr'>in</span> <span class='ocrx_word' id='word_1_160' title='bbox 1351 1962 1499 2015; x_wconf 89' lang='lat' dir='ltr'>parte,</span> <span class='ocrx_word' id='word_1_161' title='bbox 1521 1952 1773 2015; x_wconf 90' lang='lat' dir='ltr'>quomodo</span> <span class='ocrx_word' id='word_1_162' title='bbox 1798 1951 2051 2000; x_wconf 87' lang='lat' dir='ltr'>infideliter</span> <span class='ocrx_word' id='word_1_163' title='bbox 2074 1966 2104 1999; x_wconf 87' lang='lat' dir='ltr'>a</span> <span class='ocrx_word' id='word_1_164' title='bbox 2128 1951 2318 1999; x_wconf 89' lang='lat' dir='ltr'>servitio</span> 
     </span>
     <span class='ocr_line' id='line_1_21' title="bbox 563 2032 2317 2097; baseline -0.001 -16"><span class='ocrx_word' id='word_1_165' title='bbox 563 2034 657 2081; x_wconf 89' lang='lat' dir='ltr'>Dei</span> <span class='ocrx_word' id='word_1_166' title='bbox 682 2034 1043 2092; x_wconf 86' lang='lat' dir='ltr'>distrahuntur⁷,</span> <span class='ocrx_word' id='word_1_167' title='bbox 1069 2049 1155 2097; x_wconf 92' lang='lat' dir='ltr'>per</span> <span class='ocrx_word' id='word_1_168' title='bbox 1178 2035 1405 2082; x_wconf 85' lang='lat' dir='ltr'>versutias</span> <span class='ocrx_word' id='word_1_169' title='bbox 1430 2035 1706 2092; x_wconf 91' lang='lat' dir='ltr'>antichristi,</span> <span class='ocrx_word' id='word_1_170' title='bbox 1733 2049 1846 2082; x_wconf 91' lang='lat' dir='ltr'>cum</span> <span class='ocrx_word' id='word_1_171' title='bbox 1869 2041 1999 2082; x_wconf 88' lang='lat' dir='ltr'>totus</span> <span class='ocrx_word' id='word_1_172' title='bbox 2032 2032 2244 2080; x_wconf 89' lang='lat' dir='ltr'>mundus</span> <span class='ocrx_word' id='word_1_173' title='bbox 2268 2039 2317 2080; x_wconf 91' lang='lat' dir='ltr'>et</span> 
     </span>
     <span class='ocr_line' id='line_1_22' title="bbox 564 2113 2387 2178; baseline -0.002 -15"><span class='ocrx_word' id='word_1_174' title='bbox 564 2115 829 2178; x_wconf 89' lang='lat' dir='ltr'>specialiter</span> <span class='ocrx_word' id='word_1_175' title='bbox 863 2115 1021 2163; x_wconf 88' lang='lat' dir='ltr'>clerici</span> <span class='ocrx_word' id='word_1_176' title='bbox 1056 2115 1277 2163; x_wconf 84' lang='lat' dir='ltr'>laborant</span> <span class='ocrx_word' id='word_1_177' title='bbox 1312 2131 1398 2177; x_wconf 92' lang='lat' dir='ltr'>per</span> <span class='ocrx_word' id='word_1_178' title='bbox 1433 2117 1778 2178; x_wconf 87' lang='lat' dir='ltr'>energuminos</span> <span class='ocrx_word' id='word_1_179' title='bbox 1812 2113 2034 2178; x_wconf 79' lang='lat' dir='ltr'>energia⁸</span> <span class='ocrx_word' id='word_1_180' title='bbox 2070 2114 2228 2163; x_wconf 89' lang='lat' dir='ltr'>carnis</span> <span class='ocrx_word' id='word_1_181' title='bbox 2269 2120 2318 2161; x_wconf 92' lang='lat' dir='ltr'>et</span> <span class='ocrx_word' id='word_1_182' title='bbox 2385 2156 2387 2159; x_wconf 79' lang='grc'>,</span> 
     </span>
     <span class='ocr_line' id='line_1_23' title="bbox 564 2195 2308 2260; baseline 0 -15"><span class='ocrx_word' id='word_1_183' title='bbox 564 2197 724 2255; x_wconf 90' lang='lat' dir='ltr'>seculi,</span> <span class='ocrx_word' id='word_1_184' title='bbox 767 2196 956 2245; x_wconf 84' lang='lat' dir='ltr'>labore⁹</span> <span class='ocrx_word' id='word_1_185' title='bbox 999 2197 1125 2245; x_wconf 90' lang='lat' dir='ltr'>cirea</span> <span class='ocrx_word' id='word_1_186' title='bbox 1166 2197 1392 2245; x_wconf 89' lang='lat' dir='ltr'>coelestia</span> <span class='ocrx_word' id='word_1_187' title='bbox 1432 2197 1785 2260; x_wconf 88' lang='lat' dir='ltr'>praetermisso.</span> <span class='ocrx_word' id='word_1_188' title='bbox 1877 2195 1974 2245; x_wconf 92' lang='lat' dir='ltr'>Sed</span> <span class='ocrx_word' id='word_1_189' title='bbox 2019 2196 2098 2244; x_wconf 91' lang='lat' dir='ltr'>hic</span> <span class='ocrx_word' id='word_1_190' title='bbox 2139 2197 2308 2259; x_wconf 87' lang='lat' dir='ltr'>objicit</span> 
     </span>
     <span class='ocr_line' id='line_1_24' title="bbox 564 2278 2317 2342; baseline -0.001 -15"><span class='ocrx_word' id='word_1_191' title='bbox 564 2279 860 2327; x_wconf 90' lang='lat' dir='ltr'>adversarius</span> <span class='ocrx_word' id='word_1_192' title='bbox 892 2286 1058 2326; x_wconf 90' lang='lat' dir='ltr'>noster</span> <span class='ocrx_word' id='word_1_193' title='bbox 1089 2278 1328 2327; x_wconf 91' lang='lat' dir='ltr'>Pseustis:</span> <span class='ocrx_word' id='word_1_194' title='bbox 1370 2279 1554 2326; x_wconf 90' lang='lat' dir='ltr'>videtur</span> <span class='ocrx_word' id='word_1_195' title='bbox 1588 2279 1784 2342; x_wconf 85' lang='lat' dir='ltr'>(inquit)</span> <span class='ocrx_word' id='word_1_196' title='bbox 1812 2278 1946 2341; x_wconf 93' lang='lat' dir='ltr'>quod</span> <span class='ocrx_word' id='word_1_197' title='bbox 1978 2292 2151 2326; x_wconf 91' lang='lat' dir='ltr'>omnes</span> <span class='ocrx_word' id='word_1_198' title='bbox 2183 2293 2317 2326; x_wconf 88' lang='lat' dir='ltr'>crea-</span> 
     </span>
     <span class='ocr_line' id='line_1_25' title="bbox 563 2359 2316 2423; baseline -0.001 -15"><span class='ocrx_word' id='word_1_199' title='bbox 563 2369 695 2408; x_wconf 82' lang='lat' dir='ltr'>turae</span> <span class='ocrx_word' id='word_1_200' title='bbox 733 2361 939 2408; x_wconf 90' lang='lat' dir='ltr'>serviant</span> <span class='ocrx_word' id='word_1_201' title='bbox 949 2361 983 2386; x_wconf 90' lang='lat'>¹⁰</span> <span class='ocrx_word' id='word_1_202' title='bbox 1018 2359 1128 2408; x_wconf 91' lang='lat' dir='ltr'>Deo</span> <span class='ocrx_word' id='word_1_203' title='bbox 1171 2375 1275 2418; x_wconf 92' lang='lat' dir='ltr'>su0‚</span> <span class='ocrx_word' id='word_1_204' title='bbox 1312 2369 1358 2409; x_wconf 90' lang='lat' dir='ltr'>et</span> <span class='ocrx_word' id='word_1_205' title='bbox 1400 2361 1631 2423; x_wconf 92' lang='lat' dir='ltr'>supponit</span> <span class='ocrx_word' id='word_1_206' title='bbox 1672 2360 1941 2408; x_wconf 89' lang='lat' dir='ltr'>secundum</span> <span class='ocrx_word' id='word_1_207' title='bbox 1981 2360 2316 2422; x_wconf 82' lang='lat' dir='ltr'>Augustinum,</span> 
     </span>
     <span class='ocr_line' id='line_1_26' title="bbox 562 2440 2317 2505; baseline 0.002 -16"><span class='ocrx_word' id='word_1_208' title='bbox 562 2442 695 2505; x_wconf 90' lang='lat' dir='ltr'>quod</span> <span class='ocrx_word' id='word_1_209' title='bbox 719 2450 911 2505; x_wconf 90' lang='lat' dir='ltr'>oportet</span> <span class='ocrx_word' id='word_1_210' title='bbox 936 2457 1135 2489; x_wconf 91' lang='lat' dir='ltr'>omnem</span> <span class='ocrx_word' id='word_1_211' title='bbox 1159 2441 1411 2489; x_wconf 89' lang='lat' dir='ltr'>hominem</span> <span class='ocrx_word' id='word_1_212' title='bbox 1445 2443 1618 2490; x_wconf 91' lang='lat' dir='ltr'>servire</span> <span class='ocrx_word' id='word_1_213' title='bbox 1642 2441 1767 2500; x_wconf 93' lang='lat' dir='ltr'>Deo,</span> <span class='ocrx_word' id='word_1_214' title='bbox 1792 2441 1865 2489; x_wconf 90' lang='lat' dir='ltr'>vel</span> <span class='ocrx_word' id='word_1_215' title='bbox 1889 2440 2156 2489; x_wconf 91' lang='lat' dir='ltr'>faciendo¹¹</span> <span class='ocrx_word' id='word_1_216' title='bbox 2180 2442 2317 2504; x_wconf 90' lang='lat' dir='ltr'>quod</span> 
     </span>
     <span class='ocr_line' id='line_1_27' title="bbox 562 2523 2317 2586; baseline 0 -16"><span class='ocrx_word' id='word_1_217' title='bbox 562 2524 719 2581; x_wconf 90' lang='lat' dir='ltr'>debet,</span> <span class='ocrx_word' id='word_1_218' title='bbox 762 2523 835 2571; x_wconf 91' lang='lat' dir='ltr'>vel</span> <span class='ocrx_word' id='word_1_219' title='bbox 876 2523 1106 2586; x_wconf 87' lang='lat' dir='ltr'>patiendo</span> <span class='ocrx_word' id='word_1_220' title='bbox 1154 2523 1287 2585; x_wconf 92' lang='lat' dir='ltr'>quod</span> <span class='ocrx_word' id='word_1_221' title='bbox 1334 2523 1491 2572; x_wconf 90' lang='lat' dir='ltr'>debet.</span> <span class='ocrx_word' id='word_1_222' title='bbox 1565 2523 1615 2571; x_wconf 89' lang='lat' dir='ltr'>Si</span> <span class='ocrx_word' id='word_1_223' title='bbox 1660 2524 1854 2586; x_wconf 91' lang='lat' dir='ltr'>(inquit)</span> <span class='ocrx_word' id='word_1_224' title='bbox 1899 2523 2060 2586; x_wconf 88' lang='lat' dir='ltr'>aliqua</span> <span class='ocrx_word' id='word_1_225' title='bbox 2097 2530 2317 2571; x_wconf 89' lang='lat' dir='ltr'>creatura</span> 
     </span>
     <span class='ocr_line' id='line_1_28' title="bbox 563 2603 2316 2668; baseline -0.001 -15"><span class='ocrx_word' id='word_1_226' title='bbox 563 2607 703 2653; x_wconf 92' lang='lat' dir='ltr'>servit</span> <span class='ocrx_word' id='word_1_227' title='bbox 738 2605 848 2653; x_wconf 92' lang='lat' dir='ltr'>Deo</span> <span class='ocrx_word' id='word_1_228' title='bbox 891 2605 1117 2663; x_wconf 91' lang='lat' dir='ltr'>indebite,</span> <span class='ocrx_word' id='word_1_229' title='bbox 1155 2605 1250 2653; x_wconf 94' lang='lat' dir='ltr'>hoc</span> <span class='ocrx_word' id='word_1_230' title='bbox 1289 2605 1412 2653; x_wconf 91' lang='lat' dir='ltr'>foret</span> <span class='ocrx_word' id='word_1_231' title='bbox 1449 2606 1699 2668; x_wconf 89' lang='lat' dir='ltr'>potissime</span> <span class='ocrx_word' id='word_1_232' title='bbox 1737 2606 1787 2653; x_wconf 92' lang='lat' dir='ltr'>in</span> <span class='ocrx_word' id='word_1_233' title='bbox 1830 2605 2084 2663; x_wconf 88' lang='lat' dir='ltr'>damnatis,</span> <span class='ocrx_word' id='word_1_234' title='bbox 2123 2603 2211 2652; x_wconf 89' lang='lat' dir='ltr'>sed</span> <span class='ocrx_word' id='word_1_235' title='bbox 2250 2604 2316 2651; x_wconf 92' lang='lat' dir='ltr'>illi</span> 
     </span>
     <span class='ocr_line' id='line_1_29' title="bbox 562 2686 2317 2750; baseline -0.001 -15"><span class='ocrx_word' id='word_1_236' title='bbox 562 2688 664 2735; x_wconf 90' lang='lat' dir='ltr'>sine</span> <span class='ocrx_word' id='word_1_237' title='bbox 705 2686 888 2735; x_wconf 89' lang='lat' dir='ltr'>accidia</span> <span class='ocrx_word' id='word_1_238' title='bbox 925 2687 1135 2734; x_wconf 90' lang='lat' dir='ltr'>serviunt</span> <span class='ocrx_word' id='word_1_239' title='bbox 1172 2688 1423 2749; x_wconf 90' lang='lat' dir='ltr'>potissime</span> <span class='ocrx_word' id='word_1_240' title='bbox 1459 2687 1570 2735; x_wconf 94' lang='lat' dir='ltr'>Deo</span> <span class='ocrx_word' id='word_1_241' title='bbox 1611 2702 1713 2746; x_wconf 91' lang='lat' dir='ltr'>su0,</span> <span class='ocrx_word' id='word_1_242' title='bbox 1750 2701 1868 2750; x_wconf 89' lang='lat' dir='ltr'>ergo</span> <span class='ocrx_word' id='word_1_243' title='bbox 1904 2687 2066 2734; x_wconf 92' lang='lat' dir='ltr'>omnis</span> <span class='ocrx_word' id='word_1_244' title='bbox 2097 2693 2317 2734; x_wconf 84' lang='lat' dir='ltr'>creatura</span> 
     </span>
     <span class='ocr_line' id='line_1_30' title="bbox 561 2768 2315 2832; baseline -0.001 -16"><span class='ocrx_word' id='word_1_245' title='bbox 561 2769 651 2816; x_wconf 90' lang='lat' dir='ltr'>alia</span> <span class='ocrx_word' id='word_1_246' title='bbox 665 2785 677 2827; x_wconf 85' lang='lat'><em>3</em></span> <span class='ocrx_word' id='word_1_247' title='bbox 716 2776 894 2831; x_wconf 89' lang='lat' dir='ltr'>quante</span> <span class='ocrx_word' id='word_1_248' title='bbox 919 2769 1050 2816; x_wconf 92' lang='lat' dir='ltr'>enim</span> <span class='ocrx_word' id='word_1_249' title='bbox 1069 2769 1312 2831; x_wconf 90' lang='lat' dir='ltr'>patiuntur</span> <span class='ocrx_word' id='word_1_250' title='bbox 1335 2777 1467 2816; x_wconf 88' lang='lat' dir='ltr'>tante</span> <span class='ocrx_word' id='word_1_251' title='bbox 1493 2770 1715 2827; x_wconf 91' lang='lat' dir='ltr'>serviunt,</span> <span class='ocrx_word' id='word_1_252' title='bbox 1737 2769 1823 2817; x_wconf 92' lang='lat' dir='ltr'>sed</span> <span class='ocrx_word' id='word_1_253' title='bbox 1838 2768 2116 2832; x_wconf 86' lang='lat' dir='ltr'>justissime,</span> <span class='ocrx_word' id='word_1_254' title='bbox 2141 2769 2315 2815; x_wconf 90' lang='lat' dir='ltr'>acutis-</span> 
     </span>
     <span class='ocr_line' id='line_1_31' title="bbox 561 2831 2313 2913; baseline -0.001 -15"><span class='ocrx_word' id='word_1_255' title='bbox 561 2851 680 2898; x_wconf 89' lang='lat' dir='ltr'>sime</span> <span class='ocrx_word' id='word_1_256' title='bbox 717 2859 764 2898; x_wconf 90' lang='lat' dir='ltr'>et</span> <span class='ocrx_word' id='word_1_257' title='bbox 799 2850 1186 2898; x_wconf 79' lang='lat' dir='ltr'>instantissime¹²</span> <span class='ocrx_word' id='word_1_258' title='bbox 1221 2852 1477 2913; x_wconf 91' lang='lat' dir='ltr'>patiuntur,</span> <span class='ocrx_word' id='word_1_259' title='bbox 1513 2866 1633 2913; x_wconf 85' lang='lat' dir='ltr'>ergo</span> <span class='ocrx_word' id='word_1_260' title='bbox 1672 2831 1881 2898; x_wconf 70' lang='lat' dir='ltr'>serviunt</span> <span class='ocrx_word' id='word_1_261' title='bbox 1916 2850 1984 2898; x_wconf 90' lang='lat' dir='ltr'>sic</span> <span class='ocrx_word' id='word_1_262' title='bbox 2019 2849 2130 2898; x_wconf 92' lang='lat' dir='ltr'>Deo</span> <span class='ocrx_word' id='word_1_263' title='bbox 2166 2848 2313 2905; x_wconf 58' lang='lat' dir='ltr'>suom,</span> 
     </span>
     <span class='ocr_line' id='line_1_32' title="bbox 560 2930 2317 2995; baseline 0.001 -17"><span class='ocrx_word' id='word_1_264' title='bbox 560 2932 622 2980; x_wconf 90' lang='lat' dir='ltr'>Et</span> <span class='ocrx_word' id='word_1_265' title='bbox 647 2948 758 2980; x_wconf 91' lang='lat' dir='ltr'>cum</span> <span class='ocrx_word' id='word_1_266' title='bbox 783 2932 1080 2994; x_wconf 91' lang='lat' dir='ltr'>impossibile</span> <span class='ocrx_word' id='word_1_267' title='bbox 1114 2933 1172 2980; x_wconf 91' lang='lat' dir='ltr'>sit</span> <span class='ocrx_word' id='word_1_268' title='bbox 1195 2933 1404 2980; x_wconf 91' lang='lat' dir='ltr'>viantem</span> <span class='ocrx_word' id='word_1_269' title='bbox 1428 2947 1645 2995; x_wconf 88' lang='lat' dir='ltr'>peccare,</span> <span class='ocrx_word' id='word_1_270' title='bbox 1671 2932 1762 2979; x_wconf 92' lang='lat' dir='ltr'>nisi</span> <span class='ocrx_word' id='word_1_271' title='bbox 1799 2947 1860 2979; x_wconf 86' lang='lat' dir='ltr'>ex</span> <span class='ocrx_word' id='word_1_272' title='bbox 1892 2946 2053 2993; x_wconf 92' lang='lat' dir='ltr'>poena</span> <span class='ocrx_word' id='word_1_273' title='bbox 2084 2930 2262 2978; x_wconf 87' lang='lat' dir='ltr'>inflicta</span> <span class='ocrx_word' id='word_1_274' title='bbox 2287 2945 2317 2979; x_wconf 86' lang='lat' dir='ltr'>a</span> 
     </span>
     <span class='ocr_line' id='line_1_33' title="bbox 563 3011 2314 3076; baseline -0.001 -15"><span class='ocrx_word' id='word_1_275' title='bbox 563 3014 673 3062; x_wconf 91' lang='lat' dir='ltr'>Deo</span> <span class='ocrx_word' id='word_1_276' title='bbox 711 3015 962 3062; x_wconf 91' lang='lat' dir='ltr'>scitissime</span> <span class='ocrx_word' id='word_1_277' title='bbox 973 3014 1008 3039; x_wconf 73' lang='lat'>¹4</span> <span class='ocrx_word' id='word_1_278' title='bbox 1045 3013 1329 3076; x_wconf 88' lang='lat' dir='ltr'>puniatur¹⁵‚</span> <span class='ocrx_word' id='word_1_279' title='bbox 1354 3014 1539 3061; x_wconf 92' lang='lat' dir='ltr'>videtur</span> <span class='ocrx_word' id='word_1_280' title='bbox 1574 3013 1707 3075; x_wconf 93' lang='lat' dir='ltr'>quod</span> <span class='ocrx_word' id='word_1_281' title='bbox 1743 3013 1873 3060; x_wconf 91' lang='lat' dir='ltr'>idem</span> <span class='ocrx_word' id='word_1_282' title='bbox 1899 3013 1958 3059; x_wconf 90' lang='lat' dir='ltr'>sit</span> <span class='ocrx_word' id='word_1_283' title='bbox 1988 3011 2223 3074; x_wconf 89' lang='lat' dir='ltr'>judicium</span> <span class='ocrx_word' id='word_1_284' title='bbox 2253 3011 2314 3060; x_wconf 89' lang='lat' dir='ltr'>de</span> 
     </span>
    </p>
   </div>
   <div class='ocr_carea' id='block_1_4' title="bbox 616 3153 2312 3209">
    <p class='ocr_par' dir='ltr' id='par_1_4' title="bbox 616 3153 2312 3209">
     <span class='ocr_line' id='line_1_34' title="bbox 616 3153 2312 3209; baseline -0.001 -12"><span class='ocrx_word' id='word_1_285' title='bbox 616 3157 630 3180; x_wconf 90' lang='lat'>¹</span> <span class='ocrx_word' id='word_1_286' title='bbox 660 3162 701 3197; x_wconf 90' lang='lat' dir='ltr'>et</span> <span class='ocrx_word' id='word_1_287' title='bbox 733 3156 858 3209; x_wconf 87' lang='lat' dir='ltr'>vana]</span> <span class='ocrx_word' id='word_1_288' title='bbox 893 3161 934 3197; x_wconf 92' lang='lat' dir='ltr'>et</span> <span class='ocrx_word' id='word_1_289' title='bbox 972 3157 1106 3203; x_wconf 88' lang='lat' dir='ltr'>bassa,</span> <span class='ocrx_word' id='word_1_290' title='bbox 1140 3156 1241 3196; x_wconf 85' lang='lat' dir='ltr'>alias</span> <span class='ocrx_word' id='word_1_291' title='bbox 1277 3169 1394 3202; x_wconf 86' lang='lat' dir='ltr'>vana,</span> <span class='ocrx_word' id='word_1_292' title='bbox 1432 3156 1494 3196; x_wconf 90' lang='lat' dir='ltr'>ed.</span> <span class='ocrx_word' id='word_1_293' title='bbox 1529 3169 1615 3208; x_wconf 89' lang='lat' dir='ltr'>pr.;</span> <span class='ocrx_word' id='word_1_294' title='bbox 1659 3156 1780 3201; x_wconf 83' lang='lat' dir='ltr'>bassa,</span> <span class='ocrx_word' id='word_1_295' title='bbox 1815 3154 1870 3195; x_wconf 93' lang='lat' dir='ltr'>D.</span> <span class='ocrx_word' id='word_1_296' title='bbox 1904 3153 2074 3207; x_wconf 86' lang='lat' dir='ltr'>primae,</span> <span class='ocrx_word' id='word_1_297' title='bbox 2106 3168 2222 3202; x_wconf 83' lang='lat' dir='ltr'>vana,</span> <span class='ocrx_word' id='word_1_298' title='bbox 2257 3155 2312 3196; x_wconf 88' lang='lat' dir='ltr'>D.</span> 
     </span>
    </p>
   </div>
   <div class='ocr_carea' id='block_1_5' title="bbox 534 3207 2323 3599">
    <p class='ocr_par' dir='ltr' id='par_1_5' title="bbox 534 3207 2323 3599">
     <span class='ocr_line' id='line_1_35' title="bbox 562 3207 2311 3262; baseline -0.002 -11"><span class='ocrx_word' id='word_1_299' title='bbox 562 3212 763 3251; x_wconf 84' lang='lat' dir='ltr'>secundae</span> <span class='ocrx_word' id='word_1_300' title='bbox 782 3224 952 3257; x_wconf 88' lang='lat' dir='ltr'>manus;</span> <span class='ocrx_word' id='word_1_301' title='bbox 983 3212 1104 3251; x_wconf 88' lang='lat' dir='ltr'>ceteri</span> <span class='ocrx_word' id='word_1_302' title='bbox 1123 3211 1216 3250; x_wconf 88' lang='lat' dir='ltr'>libri</span> <span class='ocrx_word' id='word_1_303' title='bbox 1236 3223 1359 3250; x_wconf 90' lang='lat' dir='ltr'>manu</span> <span class='ocrx_word' id='word_1_304' title='bbox 1379 3210 1518 3262; x_wconf 82' lang='lat' dir='ltr'>scripti</span> <span class='ocrx_word' id='word_1_305' title='bbox 1538 3211 1690 3249; x_wconf 90' lang='lat' dir='ltr'>habent</span> <span class='ocrx_word' id='word_1_306' title='bbox 1709 3222 1822 3248; x_wconf 84' lang='lat' dir='ltr'>vana.</span> <span class='ocrx_word' id='word_1_307' title='bbox 2085 3207 2101 3231; x_wconf 77' lang='lat'>²</span> <span class='ocrx_word' id='word_1_308' title='bbox 2127 3210 2311 3262; x_wconf 89' lang='lat' dir='ltr'>sensum]</span> 
     </span>
     <span class='ocr_line' id='line_1_36' title="bbox 563 3262 2323 3317; baseline -0.002 -12"><span class='ocrx_word' id='word_1_309' title='bbox 563 3279 741 3312; x_wconf 90' lang='lat' dir='ltr'>censum,</span> <span class='ocrx_word' id='word_1_310' title='bbox 763 3267 809 3305; x_wconf 87' lang='lat' dir='ltr'>B.</span> <span class='ocrx_word' id='word_1_311' title='bbox 947 3265 962 3288; x_wconf 77' lang='lat'>³</span> <span class='ocrx_word' id='word_1_312' title='bbox 992 3264 1134 3317; x_wconf 86' lang='lat' dir='ltr'>quam]</span> <span class='ocrx_word' id='word_1_313' title='bbox 1152 3265 1274 3316; x_wconf 90' lang='lat' dir='ltr'>quod,</span> <span class='ocrx_word' id='word_1_314' title='bbox 1295 3266 1340 3304; x_wconf 91' lang='lat' dir='ltr'>C.</span> <span class='ocrx_word' id='word_1_315' title='bbox 1479 3264 1494 3286; x_wconf 69' lang='lat'>4</span> <span class='ocrx_word' id='word_1_316' title='bbox 1521 3264 1607 3316; x_wconf 89' lang='lat' dir='ltr'>isti]</span> <span class='ocrx_word' id='word_1_317' title='bbox 1631 3269 1777 3310; x_wconf 89' lang='lat' dir='ltr'>rectae,</span> <span class='ocrx_word' id='word_1_318' title='bbox 1796 3263 1858 3303; x_wconf 90' lang='lat' dir='ltr'>ed.</span> <span class='ocrx_word' id='word_1_319' title='bbox 1879 3275 1941 3315; x_wconf 88' lang='lat' dir='ltr'>pr.</span> <span class='ocrx_word' id='word_1_320' title='bbox 2069 3262 2084 3286; x_wconf 82' lang='lat'>⁵</span> <span class='ocrx_word' id='word_1_321' title='bbox 2111 3265 2323 3316; x_wconf 88' lang='lat' dir='ltr'>vestram]-</span> 
     </span>
     <span class='ocr_line' id='line_1_37' title="bbox 563 3316 2312 3372; baseline -0.001 -14"><span class='ocrx_word' id='word_1_322' title='bbox 563 3333 644 3359; x_wconf 87' lang='lat' dir='ltr'>om.</span> <span class='ocrx_word' id='word_1_323' title='bbox 665 3320 728 3360; x_wconf 89' lang='lat' dir='ltr'>ed.</span> <span class='ocrx_word' id='word_1_324' title='bbox 749 3333 809 3372; x_wconf 89' lang='lat' dir='ltr'>pr.</span> <span class='ocrx_word' id='word_1_325' title='bbox 948 3320 963 3342; x_wconf 80' lang='lat'>⁶</span> <span class='ocrx_word' id='word_1_326' title='bbox 991 3319 1145 3372; x_wconf 87' lang='lat' dir='ltr'>ipsum]</span> <span class='ocrx_word' id='word_1_327' title='bbox 1166 3332 1272 3364; x_wconf 90' lang='lat' dir='ltr'>eum,</span> <span class='ocrx_word' id='word_1_328' title='bbox 1293 3319 1355 3358; x_wconf 90' lang='lat' dir='ltr'>ed.</span> <span class='ocrx_word' id='word_1_329' title='bbox 1376 3332 1462 3371; x_wconf 92' lang='lat' dir='ltr'>pr.;</span> <span class='ocrx_word' id='word_1_330' title='bbox 1492 3318 1543 3358; x_wconf 87' lang='lat' dir='ltr'>cf.</span> <span class='ocrx_word' id='word_1_331' title='bbox 1568 3329 1584 3357; x_wconf 94' lang='lat'>1</span> <span class='ocrx_word' id='word_1_332' title='bbox 1611 3319 1716 3358; x_wconf 90' lang='lat' dir='ltr'>Petr.</span> <span class='ocrx_word' id='word_1_333' title='bbox 1736 3331 1774 3357; x_wconf 91' lang='lat' dir='ltr'>v.</span> <span class='ocrx_word' id='word_1_334' title='bbox 1799 3325 1834 3368; x_wconf 87' lang='lat'>7.</span> <span class='ocrx_word' id='word_1_335' title='bbox 1970 3316 1985 3339; x_wconf 86' lang='lat'>⁷</span> <span class='ocrx_word' id='word_1_336' title='bbox 2012 3316 2312 3371; x_wconf 83' lang='lat' dir='ltr'>distrahuntur]</span> 
     </span>
     <span class='ocr_line' id='line_1_38' title="bbox 561 3370 2310 3426; baseline -0.001 -14"><span class='ocrx_word' id='word_1_337' title='bbox 561 3374 808 3419; x_wconf 86' lang='lat' dir='ltr'>distrahitur,</span> <span class='ocrx_word' id='word_1_338' title='bbox 826 3374 923 3414; x_wconf 83' lang='lat' dir='ltr'><strong>B.C.</strong></span> <span class='ocrx_word' id='word_1_339' title='bbox 945 3375 1007 3414; x_wconf 90' lang='lat' dir='ltr'>ed.</span> <span class='ocrx_word' id='word_1_340' title='bbox 1028 3387 1090 3426; x_wconf 89' lang='lat' dir='ltr'>pr.</span> <span class='ocrx_word' id='word_1_341' title='bbox 1255 3374 1270 3396; x_wconf 83' lang='lat'>⁸</span> <span class='ocrx_word' id='word_1_342' title='bbox 1298 3373 1479 3424; x_wconf 88' lang='lat' dir='ltr'>energia]</span> <span class='ocrx_word' id='word_1_343' title='bbox 1502 3373 1668 3424; x_wconf 86' lang='lat' dir='ltr'>inergia‚</span> <span class='ocrx_word' id='word_1_344' title='bbox 1690 3372 1819 3411; x_wconf 90' lang='lat' dir='ltr'>Codd.</span> <span class='ocrx_word' id='word_1_345' title='bbox 1835 3370 1955 3411; x_wconf 90' lang='lat' dir='ltr'>MSS.</span> <span class='ocrx_word' id='word_1_346' title='bbox 2105 3372 2120 3394; x_wconf 80' lang='lat'><strong>⁹</strong></span> <span class='ocrx_word' id='word_1_347' title='bbox 2147 3371 2310 3424; x_wconf 87' lang='lat' dir='ltr'>labore]</span> 
     </span>
     <span class='ocr_line' id='line_1_39' title="bbox 562 3424 2311 3480; baseline 0.001 -16"><span class='ocrx_word' id='word_1_348' title='bbox 562 3427 759 3474; x_wconf 88' lang='lat' dir='ltr'>laborare,</span> <span class='ocrx_word' id='word_1_349' title='bbox 780 3428 843 3468; x_wconf 91' lang='lat' dir='ltr'>ed.</span> <span class='ocrx_word' id='word_1_350' title='bbox 864 3441 925 3480; x_wconf 88' lang='lat' dir='ltr'>pr.</span> <span class='ocrx_word' id='word_1_351' title='bbox 1091 3429 1122 3452; x_wconf 86' lang='lat'>¹⁰</span> <span class='ocrx_word' id='word_1_352' title='bbox 1150 3427 1345 3479; x_wconf 85' lang='lat' dir='ltr'>serviant]</span> <span class='ocrx_word' id='word_1_353' title='bbox 1367 3428 1543 3467; x_wconf 87' lang='lat' dir='ltr'>serviant</span> <span class='ocrx_word' id='word_1_354' title='bbox 1563 3427 1710 3472; x_wconf 86' lang='lat' dir='ltr'>debite,</span> <span class='ocrx_word' id='word_1_355' title='bbox 1732 3426 1794 3466; x_wconf 90' lang='lat' dir='ltr'>ed.</span> <span class='ocrx_word' id='word_1_356' title='bbox 1814 3438 1864 3478; x_wconf 85' lang='lat' dir='ltr'>pr</span> <span class='ocrx_word' id='word_1_357' title='bbox 2045 3424 2074 3447; x_wconf 88' lang='lat'>¹¹</span> <span class='ocrx_word' id='word_1_358' title='bbox 2102 3424 2311 3478; x_wconf 85' lang='lat' dir='ltr'>faciendo]</span> 
     </span>
     <span class='ocr_line' id='line_1_40' title="bbox 563 3479 2310 3535; baseline -0.001 -16"><span class='ocrx_word' id='word_1_359' title='bbox 563 3481 748 3521; x_wconf 86' lang='lat' dir='ltr'>faciendo</span> <span class='ocrx_word' id='word_1_360' title='bbox 770 3483 876 3528; x_wconf 89' lang='lat' dir='ltr'>Deo,</span> <span class='ocrx_word' id='word_1_361' title='bbox 898 3483 961 3522; x_wconf 86' lang='lat' dir='ltr'>ed.</span> <span class='ocrx_word' id='word_1_362' title='bbox 982 3495 1043 3535; x_wconf 89' lang='lat' dir='ltr'>pr.</span> <span class='ocrx_word' id='word_1_363' title='bbox 1166 3481 1196 3505; x_wconf 81' lang='lat'>¹²</span> <span class='ocrx_word' id='word_1_364' title='bbox 1223 3481 1534 3533; x_wconf 88' lang='lat' dir='ltr'>instantissime]</span> <span class='ocrx_word' id='word_1_365' title='bbox 1555 3480 1865 3525; x_wconf 87' lang='lat' dir='ltr'>institutissime,</span> <span class='ocrx_word' id='word_1_366' title='bbox 1884 3479 1947 3519; x_wconf 90' lang='lat' dir='ltr'>ed.</span> <span class='ocrx_word' id='word_1_367' title='bbox 1968 3492 2030 3532; x_wconf 90' lang='lat' dir='ltr'>pr.</span> <span class='ocrx_word' id='word_1_368' title='bbox 2158 3479 2188 3501; x_wconf 84' lang='lat'>¹³</span> <span class='ocrx_word' id='word_1_369' title='bbox 2217 3479 2310 3519; x_wconf 91' lang='lat' dir='ltr'>Deo</span> 
     </span>
     <span class='ocr_line' id='line_1_41' title="bbox 534 3533 2308 3599; baseline 0 -26"><span class='ocrx_word' id='word_1_370' title='bbox 534 3548 537 3599; x_wconf 45' lang='grc' dir='ltr'>Ι</span> <span class='ocrx_word' id='word_1_371' title='bbox 564 3535 657 3585; x_wconf 89' lang='lat' dir='ltr'>suo]</span> <span class='ocrx_word' id='word_1_372' title='bbox 679 3549 760 3575; x_wconf 88' lang='lat' dir='ltr'>om.</span> <span class='ocrx_word' id='word_1_373' title='bbox 783 3536 887 3576; x_wconf 71' lang='lat' dir='ltr'>RD.</span> <span class='ocrx_word' id='word_1_374' title='bbox 909 3537 972 3577; x_wconf 91' lang='lat' dir='ltr'>ed.</span> <span class='ocrx_word' id='word_1_375' title='bbox 989 3550 1049 3589; x_wconf 88' lang='lat' dir='ltr'>pr.</span> <span class='ocrx_word' id='word_1_376' title='bbox 1298 3535 1328 3559; x_wconf 71' lang='lat'>¹¹</span> <span class='ocrx_word' id='word_1_377' title='bbox 1357 3535 1588 3587; x_wconf 87' lang='lat' dir='ltr'>scitissime]</span> <span class='ocrx_word' id='word_1_378' title='bbox 1609 3534 1838 3580; x_wconf 86' lang='lat' dir='ltr'>statissime,</span> <span class='ocrx_word' id='word_1_379' title='bbox 1859 3534 1910 3573; x_wconf 93' lang='lat' dir='ltr'>A.</span> <span class='ocrx_word' id='word_1_380' title='bbox 1931 3533 2132 3574; x_wconf 88' lang='lat' dir='ltr'>secundae</span> <span class='ocrx_word' id='word_1_381' title='bbox 2151 3546 2308 3580; x_wconf 74' lang='lat' dir='ltr'>manus,</span> 
     </span>
    </p>
   </div>
   <div class='ocr_carea' id='block_1_6' title="bbox 534 3587 1899 3645">
    <p class='ocr_par' dir='ltr' id='par_1_6' title="bbox 534 3587 1899 3645">
     <span class='ocr_line' id='line_1_42' title="bbox 534 3587 1899 3645; baseline 0 -19"><span class='ocrx_word' id='word_1_382' title='bbox 534 3603 537 3645; x_wconf 56' lang='grc' dir='ltr'><strong><em>χ</em></strong></span> <span class='ocrx_word' id='word_1_383' title='bbox 564 3587 720 3628; x_wconf 89' lang='lat' dir='ltr'>B.C.D.</span> <span class='ocrx_word' id='word_1_384' title='bbox 742 3590 805 3630; x_wconf 87' lang='lat' dir='ltr'>ed.</span> <span class='ocrx_word' id='word_1_385' title='bbox 826 3604 887 3642; x_wconf 92' lang='lat' dir='ltr'>pr.</span> <span class='ocrx_word' id='word_1_386' title='bbox 1053 3590 1083 3614; x_wconf 82' lang='lat'>¹⁵</span> <span class='ocrx_word' id='word_1_387' title='bbox 1111 3589 1321 3643; x_wconf 85' lang='lat' dir='ltr'>puniatur]</span> <span class='ocrx_word' id='word_1_388' title='bbox 1342 3590 1518 3643; x_wconf 86' lang='lat' dir='ltr'>patiatur</span> <span class='ocrx_word' id='word_1_389' title='bbox 1538 3589 1601 3629; x_wconf 91' lang='lat' dir='ltr'>vel</span> <span class='ocrx_word' id='word_1_390' title='bbox 1622 3588 1823 3642; x_wconf 90' lang='lat' dir='ltr'>puniatur,</span> <span class='ocrx_word' id='word_1_391' title='bbox 1843 3587 1899 3627; x_wconf 87' lang='lat' dir='ltr'>D.</span> 
     </span>
    </p>
   </div>
  </div>
 </body>
</html>
