2496 4108
20 285 44 354 kf„
18 176 48 275 quero*
16 0 60 171 wrm

135 425 273 461 ctu-‚2
746 406 1312 458 TRIALOGUS.

135 537 201 587 ad
223 538 327 588 illas
350 537 570 589 stultitias
593 542 969 605 reprobandum.
1040 543 1203 591 Primo
1230 545 1360 591 enirn
1394 560 1496 592 non
1527 554 1669 607 potes
1702 546 1881 593 subter-

134 618 303 683 fugere
327 621 660 685 syllogismum
683 623 830 671 talem
847 625 1226 686 expositorium;
1266 627 1383 674 ‘iste
1407 625 1572 688 panis¹
1599 626 1789 689 putrefit
1814 627 1888 674 vel

134 715 166 748 a
199 715 337 750 mure
378 704 675 764 comeditur3
726 705 802 753 ille
842 706 975 754 idem
1010 708 1151 769 panis
1185 716 1257 755 est
1292 723 1470 770 corpus
1508 708 1685 757 Christi
1701 725 1713 768 ;
1766 724 1886 771 ergo

134 797 314 846 corpus
339 782 516 833 Christi
539 786 608 834 sic
631 787 823 848 putrefit
848 795 992 850 atque
1025 789 1322 847 comeditur,’
1350 798 1398 837 et
1422 798 1688 853 sequuntur
1712 792 1887 839 incon-

133 865 375 915 venientia
395 866 481 914 tibi
503 867 867 930 importabilia2.

198 945 475 996 Phrone-ris.
545 947 817 998 Considero
854 951 989 1013 quod
1025 951 1169 999 nimis
1204 952 1466 1014 sophistice
1502 961 1554 1001 ut
1589 953 1743 1016 vulpis
1779 954 1885 1002 infi-

133 1027 302 1077 deliter
341 1027 624 1078 dormitasti.
715 1029 813 1079 Sed
849 1032 1105 1081 considera
1145 1034 1393 1095 praedicta
1436 1035 1497 1082 de
1546 1035 1782 1083 Trinitate
1825 1035 1885 1083 de

129 1109 463 1160 incarnatione
497 1120 546 1160 et
570 1112 631 1160 de
654 1113 1014 1172 universalibus,
1040 1123 1086 1162 et
1121 1123 1236 1163 ωηο
1272 1116 1322 1162 in
1359 1117 1519 1164 multis
1555 1117 1645 1164 tuis
1684 1118 1884 1179 argutiis

129 1193 399 1241 erubesces.
461 1193 608 1257 Nego
627 1209 745 1258 ergo
764 1196 850 1243 tibi
869 1205 1207 1259 argumentum
1228 1198 1361 1259 quod
1379 1213 1525 1246 vocas
1550 1199 1883 1261 syllogismum

128 1275 496 1337 expositorium,
533 1291 648 1324 cum
686 1277 747 1324 sit
789 1277 1096 1340 deceptorius
1132 1279 1500 1341 paralogismus,
1574 1280 1624 1328 Si
1661 1282 1792 1328 enim
1833 1281 1883 1328 in

131 1356 334 1405 materia
368 1356 430 1405 de
462 1357 700 1406 Trinitate
732 1373 834 1406 non
867 1360 1094 1422 sequitur,
1141 1360 1259 1408 ‘ista
1291 1362 1500 1409 essentia
1533 1370 1605 1409 est
1640 1361 1797 1420 Pater,
1835 1371 1883 1410 et

129 1429 223 1486 ista
255 1438 431 1487 eadem
471 1440 681 1488 essentia
714 1448 788 1488 est
823 1440 983 1500 Filius,
1021 1456 1139 1504 ergo
1176 1441 1318 1490 Pater
1352 1451 1424 1492 est
1461 1442 1678 1504 Filius³;’
1729 1445 1882 1492 multo

128 1519 397 1568 evidentius
428 1530 530 1569 non
563 1522 778 1584 sequitur
809 1523 859 1569 in
891 1523 1276 1585 syllogisatione‘*
1309 1532 1419 1572 tuae
1452 1540 1626 1574 caecae
1651 1527 1881 1589 argutiae.
1936 1568 1937 1571 ,

128 1601 194 1650 Et
219 1603 399 1650 eodem
430 1603 584 1651 modo
617 1618 720 1651 non
749 1604 962 1666 sequitur
994 1605 1044 1652 in
1076 1605 1275 1653 materia
1299 1605 1360 1653 de
1393 1606 1726 1656 incarnatione
1762 1608 1883 1656 ‘ista

129 1699 342 1748 persona
377 1693 452 1734 est
491 1686 583 1734 ista
629 1685 918 1744 humanitas,
962 1694 1009 1735 et
1057 1687 1146 1735 ista
1193 1687 1367 1735 eadem
1414 1704 1627 1751 persona
1673 1697 1747 1737 est
1792 1690 1883 1737 ista

129 1767 392 1826 divinitas⁶‚
417 1782 535 1830 ergo
560 1768 652 1816 ista
674 1767 949 1817 humanitas
972 1776 1044 1816 est
1076 1770 1167 1816 ista
1201 1769 1450 1818 divinitas!
1521 1770 1586 1818 Et
1609 1771 1660 1818 in
1684 1772 1884 1818 materia

127 1834 190 1897 de
224 1848 573 1897 universalibus
608 1863 712 1896 non
748 1857 940 1912 oportet
978 1850 1226 1912 ambigere
1268 1847 1356 1897 de⁶
1394 1841 1645 1913 exemplis,
1682 1860 1734 1900 ut
1772 1852 1884 1900 licet

127 1930 313 1994 species
328 1929 542 1978 humana
558 1931 618 1978 sit
632 1929 802 1978 Petrus
821 1937 868 1977 et
886 1931 1058 1978 eadem
1079 1931 1267 1992 species
1286 1932 1345 1979 sit
1361 1931 1551 1990 PauluS,
1569 1947 1671 1980 non
1683 1949 1751 1980 ex
1771 1932 1883 1982 hinc

126 2013 354 2076 sequitur,
390 2013 527 2075 quod
551 2012 720 2060 Petrus
755 2013 815 2060 sit
838 2012 1031 2071 Paulus,
1058 2013 1143 2061 sed
1179 2014 1294 2061 satis
1329 2022 1414 2071 est,
1452 2015 1587 2076 quod
1624 2017 1718 2063 sint
1753 2017 1883 2064 idem

124 2095 177 2144 in
201 2095 362 2159 specie
375 2111 390 2155 3
426 2102 475 2143 et
499 2095 569 2144 sic
593 2095 708 2143 satis
731 2102 804 2143 est
832 2095 916 2142 tibi
949 2095 1000 2142 in
1030 2096 1299 2157 proposit0‚
1326 2096 1460 2158 quod
1495 2097 1534 2145 si
1568 2098 1657 2145 iste
1689 2099 1829 2160 panis
1854 2115 1883 2147 a

125 2191 264 2225 mure
287 2176 558 2225 comeditur
582 2183 632 2225 et
656 2177 744 2225 iste
769 2177 910 2239 panis
938 2184 1011 2225 est
1042 2191 1221 2240 corpus
1246 2177 1438 2236 Christi,
1467 2187 1582 2227 tunc
1607 2179 1722 2228 illud
1746 2180 1882 2243 quod

124 2266 199 2308 est
238 2273 418 2321 corpus
459 2257 651 2316 Christi,
693 2273 723 2305 a
763 2272 901 2306 mure
942 2258 1225 2307 comeditur.
1295 2258 1358 2306 Et
1400 2260 1507 2308 talis
1551 2262 1767 2324 aptanda
1809 2271 1881 2311 est

124 2339 377 2390 conclusio
423 2341 476 2389 in
521 2341 752 2390 omnibus
799 2340 903 2389 aliis
948 2341 1302 2404 paralogismis.
1374 2342 1669 2407 Exemplum
1718 2354 1880 2394 autem

124 2420 260 2470 istius
283 2428 415 2485 patet
439 2421 488 2469 in
513 2421 611 2470 fide
634 2422 912 2485 scripturae,
942 2431 994 2470 ut
1027 2438 1129 2470 non
1162 2424 1390 2485 sequitur,
1417 2425 1534 2473 ‘iste
1562 2425 1783 2489 Baptista
1806 2436 1881 2475 est

126 2501 314 2562 HeliaS,
348 2510 397 2551 et
436 2503 526 2552 iste
562 2502 781 2565 Baptista
820 2512 937 2551 ωηο
978 2506 1323 2566 procreabatur
1364 2507 1426 2554 de
1463 2506 1695 2556 Zacharia
1734 2518 1878 2571 atque

122 2583 389 2642 Elizabeth,
425 2598 544 2646 ergo
584 2584 662 2631 ille
698 2583 870 2633 Helias
911 2594 1027 2633 tunc
1063 2585 1150 2633 fuit
1183 2586 1338 2634 taliter
1375 2589 1684 2650 procreatus.'
1757 2590 1879 2638 Ideo

124 2680 228 2714 non
282 2673 478 2729 oportet
521 2674 720 2728 propter
765 2666 862 2714 hoc
916 2667 1118 2714 verbum
1165 2683 1331 2715 verum
1380 2667 1560 2717 Christi
1607 2671 1878 2719 concedere

121 2761 300 2797 omnes
335 2747 722 2810 praedicationes
758 2747 985 2796 formales
1021 2747 1082 2795 de
1118 2746 1351 2810 Baptista,
1385 2764 1510 2812 quae
1546 2752 1879 2800 conceduntur

123 2829 186 2879 de
219 2829 367 2878 Helia
387 2828 463 2878 vel
495 2844 523 2877 e
555 2836 737 2877 contra.
808 2828 872 2877 Et
900 2829 996 2877 hoc
1028 2837 1159 2892 patet
1193 2830 1481 2879 resolvendo
1513 2833 1877 2894 propositiones
1934 2885 1939 2890 ,

123 2911 175 2960 in
216 2925 304 2959 sua
345 2910 616 2974 significata
657 2910 911 2960 catholica.
996 2910 1121 2970 Quis
1161 2927 1284 2974 rogo
1326 2912 1474 2970 color,
1519 2913 1559 2961 si
1606 2914 1695 2961 iste
1737 2916 1876 2976 panis

122 2992 298 3056 figurat
338 2992 747 3042 sacramentaliter
788 3007 966 3054 corpus
1003 2991 1196 3051 Christi,
1234 3001 1282 3041 et
1323 2994 1411 3042 iste
1453 2994 1593 3057 panis
1635 3004 1750 3043 tunc
1790 2996 1877 3045 fuit

124 3075 293 3140 pistuS,
319 3073 454 3137 quod
478 3089 658 3136 corpus
684 3073 862 3122 Christi
886 3083 1002 3122 tunc
1027 3075 1261 3138 temporis
1285 3076 1601 3137 pinsabatur?

190 3155 418 3204 Pseustis.
487 3154 666 3204 Adhuc
713 3163 825 3204 tuae
873 3156 1128 3204 evasiones
1180 3156 1451 3205 haereticae
1499 3167 1874 3220 cognoscentur.

124 3236 255 3288 Nam
288 3238 427 3302 juxta
462 3251 661 3286 sensum
696 3244 835 3285 tuum
871 3238 1244 3286 concedendum
1282 3237 1418 3297 foret,
1455 3238 1590 3300 quod
1626 3240 1873 3304 scriptum,

122 3333 220 3368 vox
254 3326 303 3368 et
338 3319 571 3383 quidlibet
595 3318 949 3381 imponendum
986 3318 1048 3367 ad
1083 3319 1457 3381 significandum
1494 3335 1671 3383 corpus
1697 3321 1875 3370 Christi

179 3448 195 3473 ¹
221 3447 361 3502 panis]
378 3461 460 3488 om.
481 3448 545 3488 ed.
566 3461 627 3500 pr.
792 3447 809 3471 ²
837 3448 1134 3501 importabilia]
1155 3449 1430 3501 impertibilia,
1447 3450 1510 3490 ed.
1530 3463 1591 3502 pr.
1733 3451 1748 3474 ⁸
1775 3465 1875 3504 ergo

125 3502 248 3544 Pater
266 3508 328 3543 est
349 3503 493 3553 Filius]
513 3515 595 3542 om.
616 3502 680 3542 ed.
701 3514 762 3555 pr.
874 3502 887 3525 ⁴
916 3503 1244 3555 syllogisatione]
1267 3503 1543 3550 similitudine,
1566 3505 1622 3545 D.
1731 3506 1747 3529 ⁶
1773 3506 1875 3547 divi-

124 3555 252 3609 nitas]
272 3556 417 3603 deitas,
438 3556 485 3596 B.
506 3557 707 3597 secundae
726 3569 884 3603 manus,
906 3557 954 3597 C.
976 3557 1039 3597 ed.
1061 3571 1121 3609 pr.
1287 3558 1303 3581 ⁶
1331 3557 1403 3610 de]
1425 3571 1506 3599 om.
1527 3559 1590 3599 ed.
1611 3573 1671 3614 pr.

194 3639 493 3676 TRIALOGUS.
996 3640 1024 3674 '1‘
