<?xml version="1.0" encoding="UTF-8"?>
<!DOCTYPE html PUBLIC "-//W3C//DTD XHTML 1.0 Transitional//EN"
    "http://www.w3.org/TR/xhtml1/DTD/xhtml1-transitional.dtd">
<html xmlns="http://www.w3.org/1999/xhtml" xml:lang="en" lang="en">
 <head>
  <title>
</title>
<meta http-equiv="Content-Type" content="text/html;charset=utf-8" />
  <meta name='ocr-system' content='tesseract 3.04.00' />
  <meta name='ocr-capabilities' content='ocr_page ocr_carea ocr_par ocr_line ocrx_word'/>
</head>
<body>
  <div class='ocr_page' id='page_1' title='image "./trialoguscumsupp00wycluoft_0370.png"; bbox 0 0 2462 4114; ppageno 0'>
   <div class='ocr_carea' id='block_1_1' title="bbox 254 274 1810 282">
    <p class='ocr_par' dir='ltr' id='par_1_1' title="bbox 254 274 1810 282">
     <span class='ocr_line' id='line_1_1' title="bbox 254 274 1810 282; baseline -0.001 -2"><span class='ocrx_word' id='word_1_1' title='bbox 254 274 1629 282; x_wconf 45' lang='grc' dir='ltr'>ψ-ᾞῌψψ</span> <span class='ocrx_word' id='word_1_2' title='bbox 1633 276 1810 280; x_wconf 43' lang='grc' dir='ltr'>-ἢ-</span> 
     </span>
    </p>
   </div>
   <div class='ocr_carea' id='block_1_2' title="bbox 274 1120 463 1239">
    <p class='ocr_par' dir='ltr' id='par_1_2' title="bbox 274 1120 463 1239">
     <span class='ocr_line' id='line_1_2' title="bbox 274 1120 463 1177; baseline -0.006 -6"><span class='ocrx_word' id='word_1_3' title='bbox 274 1120 339 1171; x_wconf 58' lang='grc' dir='ltr'>1)ῗῶ</span> <span class='ocrx_word' id='word_1_4' title='bbox 342 1144 463 1177; x_wconf 87' lang='lat' dir='ltr'>peiahm</span> 
     </span>
     <span class='ocr_line' id='line_1_3' title="bbox 274 1178 456 1206; baseline -0.013 0"><span class='ocrx_word' id='word_1_5' title='bbox 274 1178 456 1206; x_wconf 87' lang='lat' dir='ltr'>Christucm</span> 
     </span>
     <span class='ocr_line' id='line_1_4' title="bbox 347 1219 394 1239; baseline 0 0"><span class='ocrx_word' id='word_1_6' title='bbox 347 1219 394 1239; x_wconf 84' lang='lat' dir='ltr'>aa</span> 
     </span>
    </p>
   </div>
   <div class='ocr_carea' id='block_1_3' title="bbox 435 1084 520 1239">
    <p class='ocr_par' dir='ltr' id='par_1_3' title="bbox 435 1084 520 1239">
     <span class='ocr_line' id='line_1_5' title="bbox 435 1084 520 1239; textangle 90"><span class='ocrx_word' id='word_1_7' title='bbox 435 1151 520 1239; x_wconf 58' lang='grc' dir='ltr'>,ἓὶὲἓ</span> <span class='ocrx_word' id='word_1_8' title='bbox 470 1084 509 1149; x_wconf 56' lang='lat' dir='ltr'>“vs</span> 
     </span>
    </p>
   </div>
   <div class='ocr_carea' id='block_1_4' title="bbox 1045 366 2341 430">
    <p class='ocr_par' dir='ltr' id='par_1_4' title="bbox 1045 366 2341 430">
     <span class='ocr_line' id='line_1_6' title="bbox 1045 366 2341 430; baseline -0.002 -14"><span class='ocrx_word' id='word_1_9' title='bbox 1045 366 1471 430; x_wconf 85' lang='lat' dir='ltr'><em>JOANNIS</em></span> <span class='ocrx_word' id='word_1_10' title='bbox 1535 366 1885 417; x_wconf 83' lang='lat' dir='ltr'><em>WICLIF</em></span> <span class='ocrx_word' id='word_1_11' title='bbox 2187 385 2341 419; x_wconf 60' lang='lat' dir='ltr'>mam.</span> 
     </span>
    </p>
   </div>
   <div class='ocr_carea' id='block_1_5' title="bbox 587 484 2354 3166">
    <p class='ocr_par' dir='ltr' id='par_1_5' title="bbox 587 484 2343 1036">
     <span class='ocr_line' id='line_1_7' title="bbox 589 484 2341 565; baseline -0.002 -15"><span class='ocrx_word' id='word_1_12' title='bbox 589 502 657 550; x_wconf 90' lang='lat' dir='ltr'>sic</span> <span class='ocrx_word' id='word_1_13' title='bbox 699 500 983 565; x_wconf 88' lang='lat' dir='ltr'>procedunt.</span> <span class='ocrx_word' id='word_1_14' title='bbox 1071 499 1365 562; x_wconf 88' lang='lat' dir='ltr'>Supponunt</span> <span class='ocrx_word' id='word_1_15' title='bbox 1406 500 1536 548; x_wconf 91' lang='lat' dir='ltr'>enim</span> <span class='ocrx_word' id='word_1_16' title='bbox 1577 501 1749 563; x_wconf 93' lang='lat' dir='ltr'>primo,</span> <span class='ocrx_word' id='word_1_17' title='bbox 1790 484 1924 563; x_wconf 69' lang='lat' dir='ltr'>quod</span> <span class='ocrx_word' id='word_1_18' title='bbox 1963 500 2014 548; x_wconf 91' lang='lat' dir='ltr'>in</span> <span class='ocrx_word' id='word_1_19' title='bbox 2056 499 2207 555; x_wconf 85' lang='lat' dir='ltr'>coelis</span> <span class='ocrx_word' id='word_1_20' title='bbox 2246 499 2341 548; x_wconf 85' lang='lat' dir='ltr'>sint</span> 
     </span>
     <span class='ocr_line' id='line_1_8' title="bbox 589 581 2340 644; baseline -0.001 -13"><span class='ocrx_word' id='word_1_21' title='bbox 589 584 772 631; x_wconf 91' lang='lat' dir='ltr'>infinita</span> <span class='ocrx_word' id='word_1_22' title='bbox 809 589 1088 630; x_wconf 88' lang='lat' dir='ltr'>sanctorum</span> <span class='ocrx_word' id='word_1_23' title='bbox 1126 590 1470 644; x_wconf 86' lang='lat' dir='ltr'>supererogata</span> <span class='ocrx_word' id='word_1_24' title='bbox 1504 583 1688 640; x_wconf 90' lang='lat' dir='ltr'>merita,</span> <span class='ocrx_word' id='word_1_25' title='bbox 1724 588 1773 629; x_wconf 94' lang='lat' dir='ltr'>et</span> <span class='ocrx_word' id='word_1_26' title='bbox 1808 581 2074 644; x_wconf 86' lang='lat' dir='ltr'>specialiter</span> <span class='ocrx_word' id='word_1_27' title='bbox 2115 581 2340 630; x_wconf 88' lang='lat' dir='ltr'>meritum</span> 
     </span>
     <span class='ocr_line' id='line_1_9' title="bbox 588 661 2340 726; baseline 0 -15"><span class='ocrx_word' id='word_1_28' title='bbox 588 664 789 711; x_wconf 89' lang='lat' dir='ltr'>Domini</span> <span class='ocrx_word' id='word_1_29' title='bbox 813 662 965 710; x_wconf 87' lang='lat' dir='ltr'>nostri</span> <span class='ocrx_word' id='word_1_30' title='bbox 988 662 1105 726; x_wconf 91' lang='lat' dir='ltr'>Jesu</span> <span class='ocrx_word' id='word_1_31' title='bbox 1130 663 1321 720; x_wconf 87' lang='lat' dir='ltr'>Christi,</span> <span class='ocrx_word' id='word_1_32' title='bbox 1348 663 1482 725; x_wconf 91' lang='lat' dir='ltr'>quod</span> <span class='ocrx_word' id='word_1_33' title='bbox 1508 663 1744 711; x_wconf 87' lang='lat' dir='ltr'>sufficeret</span> <span class='ocrx_word' id='word_1_34' title='bbox 1776 663 1955 711; x_wconf 88' lang='lat' dir='ltr'>salvare</span> <span class='ocrx_word' id='word_1_35' title='bbox 1986 661 2198 711; x_wconf 91' lang='lat' dir='ltr'>mundos</span> <span class='ocrx_word' id='word_1_36' title='bbox 2220 662 2340 712; x_wconf 74' lang='lat' dir='ltr'>alios</span> 
     </span>
     <span class='ocr_line' id='line_1_10' title="bbox 587 743 2342 807; baseline 0.001 -16"><span class='ocrx_word' id='word_1_37' title='bbox 587 745 800 792; x_wconf 88' lang='lat' dir='ltr'>infinitos</span> <span class='ocrx_word' id='word_1_38' title='bbox 814 759 825 801; x_wconf 90' lang='lat'>;</span> <span class='ocrx_word' id='word_1_39' title='bbox 875 752 921 791; x_wconf 90' lang='lat' dir='ltr'>et</span> <span class='ocrx_word' id='word_1_40' title='bbox 946 758 1090 806; x_wconf 90' lang='lat' dir='ltr'>super</span> <span class='ocrx_word' id='word_1_41' title='bbox 1113 751 1269 791; x_wconf 89' lang='lat' dir='ltr'>toturn</span> <span class='ocrx_word' id='word_1_42' title='bbox 1300 744 1433 792; x_wconf 92' lang='lat' dir='ltr'>illum</span> <span class='ocrx_word' id='word_1_43' title='bbox 1464 744 1742 792; x_wconf 87' lang='lat' dir='ltr'>thesaurum</span> <span class='ocrx_word' id='word_1_44' title='bbox 1768 743 1986 792; x_wconf 91' lang='lat' dir='ltr'>Christus</span> <span class='ocrx_word' id='word_1_45' title='bbox 2018 758 2198 807; x_wconf 88' lang='lat' dir='ltr'>papam</span> <span class='ocrx_word' id='word_1_46' title='bbox 2222 758 2342 792; x_wconf 92' lang='lat' dir='ltr'>con-</span> 
     </span>
     <span class='ocr_line' id='line_1_11' title="bbox 590 823 2341 889; baseline -0.001 -16"><span class='ocrx_word' id='word_1_47' title='bbox 590 826 749 883; x_wconf 89' lang='lat' dir='ltr'>stituit,</span> <span class='ocrx_word' id='word_1_48' title='bbox 787 824 888 883; x_wconf 69' lang='lat' dir='ltr'>adl,</span> <span class='ocrx_word' id='word_1_49' title='bbox 927 825 1195 872; x_wconf 91' lang='lat' dir='ltr'>secundum</span> <span class='ocrx_word' id='word_1_50' title='bbox 1231 826 1366 889; x_wconf 90' lang='lat' dir='ltr'>quod</span> <span class='ocrx_word' id='word_1_51' title='bbox 1407 826 1497 873; x_wconf 92' lang='lat' dir='ltr'>sibi</span> <span class='ocrx_word' id='word_1_52' title='bbox 1536 826 1738 884; x_wconf 76' lang='lat' dir='ltr'>libuerit,</span> <span class='ocrx_word' id='word_1_53' title='bbox 1774 823 2179 888; x_wconf 88' lang='lat' dir='ltr'>dispensandum;</span> <span class='ocrx_word' id='word_1_54' title='bbox 2229 824 2341 873; x_wconf 91' lang='lat' dir='ltr'>ideo</span> 
     </span>
     <span class='ocr_line' id='line_1_12' title="bbox 589 904 2343 969; baseline 0 -16"><span class='ocrx_word' id='word_1_55' title='bbox 589 907 828 954; x_wconf 90' lang='lat' dir='ltr'>infinitum</span> <span class='ocrx_word' id='word_1_56' title='bbox 867 906 926 954; x_wconf 93' lang='lat' dir='ltr'>de</span> <span class='ocrx_word' id='word_1_57' title='bbox 967 906 1047 953; x_wconf 91' lang='lat' dir='ltr'>illo</span> <span class='ocrx_word' id='word_1_58' title='bbox 1088 913 1248 969; x_wconf 90' lang='lat' dir='ltr'>potest</span> <span class='ocrx_word' id='word_1_59' title='bbox 1285 906 1580 964; x_wconf 87' lang='lat' dir='ltr'>distribuere,</span> <span class='ocrx_word' id='word_1_60' title='bbox 1619 921 1732 954; x_wconf 90' lang='lat' dir='ltr'>cum</span> <span class='ocrx_word' id='word_1_61' title='bbox 1772 906 1867 954; x_wconf 91' lang='lat' dir='ltr'>hoc</span> <span class='ocrx_word' id='word_1_62' title='bbox 1903 904 2064 969; x_wconf 77' lang='lat' dir='ltr'>quod²</span> <span class='ocrx_word' id='word_1_63' title='bbox 2097 913 2343 954; x_wconf 91' lang='lat' dir='ltr'>remaneat</span> 
     </span>
     <span class='ocr_line' id='line_1_13' title="bbox 590 989 843 1036; baseline -0.008 0"><span class='ocrx_word' id='word_1_64' title='bbox 590 989 843 1036; x_wconf 90' lang='lat' dir='ltr'>infinitum.</span> 
     </span>
    </p>

    <p class='ocr_par' dir='ltr' id='par_1_6' title="bbox 592 1067 2354 2190">
     <span class='ocr_line' id='line_1_14' title="bbox 661 1067 2343 1131; baseline -0.001 -14"><span class='ocrx_word' id='word_1_65' title='bbox 661 1068 844 1118; x_wconf 86' lang='lat' dir='ltr'>Contra</span> <span class='ocrx_word' id='word_1_66' title='bbox 867 1068 1007 1116; x_wconf 89' lang='lat' dir='ltr'>istam</span> <span class='ocrx_word' id='word_1_67' title='bbox 1031 1068 1201 1116; x_wconf 91' lang='lat' dir='ltr'>rudem</span> <span class='ocrx_word' id='word_1_68' title='bbox 1224 1068 1577 1131; x_wconf 84' lang='lat' dir='ltr'>blasphemiam</span> <span class='ocrx_word' id='word_1_69' title='bbox 1599 1069 1759 1116; x_wconf 88' lang='lat' dir='ltr'>invexi</span> <span class='ocrx_word' id='word_1_70' title='bbox 1783 1067 1911 1126; x_wconf 90' lang='lat' dir='ltr'>alias,</span> <span class='ocrx_word' id='word_1_71' title='bbox 1936 1068 2095 1131; x_wconf 91' lang='lat' dir='ltr'>primo</span> <span class='ocrx_word' id='word_1_72' title='bbox 2119 1068 2187 1117; x_wconf 92' lang='lat' dir='ltr'>sic</span> <span class='ocrx_word' id='word_1_73' title='bbox 2199 1083 2214 1127; x_wconf 91' lang='lat'>;</span> <span class='ocrx_word' id='word_1_74' title='bbox 2249 1082 2343 1115; x_wconf 91' lang='lat' dir='ltr'>nec</span> 
     </span>
     <span class='ocr_line' id='line_1_15' title="bbox 592 1149 2346 1214; baseline -0.001 -16"><span class='ocrx_word' id='word_1_75' title='bbox 592 1166 721 1214; x_wconf 91' lang='lat' dir='ltr'>papa</span> <span class='ocrx_word' id='word_1_76' title='bbox 745 1166 836 1199; x_wconf 92' lang='lat' dir='ltr'>nec</span> <span class='ocrx_word' id='word_1_77' title='bbox 861 1150 1031 1198; x_wconf 85' lang='lat' dir='ltr'>etiam3</span> <span class='ocrx_word' id='word_1_78' title='bbox 1054 1150 1296 1198; x_wconf 92' lang='lat' dir='ltr'>Dominus</span> <span class='ocrx_word' id='word_1_79' title='bbox 1324 1149 1466 1214; x_wconf 89' lang='lat' dir='ltr'>Jesus</span> <span class='ocrx_word' id='word_1_80' title='bbox 1492 1150 1710 1198; x_wconf 89' lang='lat' dir='ltr'>Christus</span> <span class='ocrx_word' id='word_1_81' title='bbox 1734 1157 1895 1212; x_wconf 92' lang='lat' dir='ltr'>potest</span> <span class='ocrx_word' id='word_1_82' title='bbox 1919 1149 2200 1212; x_wconf 83' lang='lat' dir='ltr'>dispensare</span> <span class='ocrx_word' id='word_1_83' title='bbox 2232 1163 2346 1197; x_wconf 91' lang='lat' dir='ltr'>cum</span> 
     </span>
     <span class='ocr_line' id='line_1_16' title="bbox 593 1230 2342 1295; baseline -0.002 -14"><span class='ocrx_word' id='word_1_84' title='bbox 593 1234 753 1295; x_wconf 89' lang='lat' dir='ltr'>aliquo</span> <span class='ocrx_word' id='word_1_85' title='bbox 795 1247 886 1280; x_wconf 91' lang='lat' dir='ltr'>nec</span> <span class='ocrx_word' id='word_1_86' title='bbox 928 1231 1041 1279; x_wconf 93' lang='lat' dir='ltr'>dare</span> <span class='ocrx_word' id='word_1_87' title='bbox 1082 1231 1419 1293; x_wconf 86' lang='lat' dir='ltr'>indulgentias,</span> <span class='ocrx_word' id='word_1_88' title='bbox 1455 1232 1546 1279; x_wconf 90' lang='lat' dir='ltr'>nisi</span> <span class='ocrx_word' id='word_1_89' title='bbox 1580 1240 1632 1279; x_wconf 93' lang='lat' dir='ltr'>ut</span> <span class='ocrx_word' id='word_1_90' title='bbox 1675 1231 1975 1278; x_wconf 87' lang='lat' dir='ltr'>aeternaliter</span> <span class='ocrx_word' id='word_1_91' title='bbox 2008 1230 2176 1279; x_wconf 85' lang='lat' dir='ltr'>Deitas</span> <span class='ocrx_word' id='word_1_92' title='bbox 2211 1230 2342 1293; x_wconf 74' lang='lat' dir='ltr'>Justo</span> 
     </span>
     <span class='ocr_line' id='line_1_17' title="bbox 595 1311 2344 1375; baseline -0.002 -14"><span class='ocrx_word' id='word_1_93' title='bbox 595 1314 797 1362; x_wconf 91' lang='lat' dir='ltr'>consilio</span> <span class='ocrx_word' id='word_1_94' title='bbox 844 1313 1072 1360; x_wconf 89' lang='lat' dir='ltr'>diffinivit.</span> <span class='ocrx_word' id='word_1_95' title='bbox 1160 1312 1258 1360; x_wconf 89' lang='lat' dir='ltr'>Sed</span> <span class='ocrx_word' id='word_1_96' title='bbox 1303 1327 1406 1360; x_wconf 93' lang='lat' dir='ltr'>non</span> <span class='ocrx_word' id='word_1_97' title='bbox 1453 1313 1666 1371; x_wconf 91' lang='lat' dir='ltr'>docetur,</span> <span class='ocrx_word' id='word_1_98' title='bbox 1715 1312 1851 1375; x_wconf 91' lang='lat' dir='ltr'>quod</span> <span class='ocrx_word' id='word_1_99' title='bbox 1897 1327 2026 1374; x_wconf 89' lang='lat' dir='ltr'>papa</span> <span class='ocrx_word' id='word_1_100' title='bbox 2069 1311 2145 1360; x_wconf 91' lang='lat' dir='ltr'>vel</span> <span class='ocrx_word' id='word_1_101' title='bbox 2190 1311 2344 1359; x_wconf 88' lang='lat' dir='ltr'>homo</span> 
     </span>
     <span class='ocr_line' id='line_1_18' title="bbox 595 1393 2346 1459; baseline -0.002 -16"><span class='ocrx_word' id='word_1_102' title='bbox 595 1396 764 1459; x_wconf 90' lang='lat' dir='ltr'>aliquis</span> <span class='ocrx_word' id='word_1_103' title='bbox 788 1402 948 1457; x_wconf 90' lang='lat' dir='ltr'>potest</span> <span class='ocrx_word' id='word_1_104' title='bbox 972 1394 1149 1442; x_wconf 91' lang='lat' dir='ltr'>habere</span> <span class='ocrx_word' id='word_1_105' title='bbox 1175 1394 1390 1442; x_wconf 92' lang='lat' dir='ltr'>colorem</span> <span class='ocrx_word' id='word_1_106' title='bbox 1411 1395 1619 1457; x_wconf 77' lang='lat' dir='ltr'>Justitiae</span> <span class='ocrx_word' id='word_1_107' title='bbox 1638 1394 1791 1442; x_wconf 90' lang='lat' dir='ltr'>taliter</span> <span class='ocrx_word' id='word_1_108' title='bbox 1809 1393 2043 1453; x_wconf 90' lang='lat' dir='ltr'>faciendi;</span> <span class='ocrx_word' id='word_1_109' title='bbox 2081 1393 2225 1458; x_wconf 86' lang='lat' dir='ltr'>igitur</span> <span class='ocrx_word' id='word_1_110' title='bbox 2242 1406 2346 1440; x_wconf 88' lang='lat' dir='ltr'>non</span> 
     </span>
     <span class='ocr_line' id='line_1_19' title="bbox 596 1473 2348 1539; baseline -0.002 -13"><span class='ocrx_word' id='word_1_111' title='bbox 596 1479 795 1527; x_wconf 88' lang='lat' dir='ltr'>docetur</span> <span class='ocrx_word' id='word_1_112' title='bbox 819 1476 952 1539; x_wconf 89' lang='lat' dir='ltr'>quod</span> <span class='ocrx_word' id='word_1_113' title='bbox 976 1477 1129 1538; x_wconf 73' lang='lat' dir='ltr'>papa4</span> <span class='ocrx_word' id='word_1_114' title='bbox 1152 1476 1297 1524; x_wconf 90' lang='lat' dir='ltr'>talem</span> <span class='ocrx_word' id='word_1_115' title='bbox 1330 1476 1507 1524; x_wconf 87' lang='lat' dir='ltr'>habeat</span> <span class='ocrx_word' id='word_1_116' title='bbox 1539 1483 1844 1538; x_wconf 89' lang='lat' dir='ltr'>potestatem.</span> <span class='ocrx_word' id='word_1_117' title='bbox 1913 1475 2039 1523; x_wconf 88' lang='lat' dir='ltr'>Item</span> <span class='ocrx_word' id='word_1_118' title='bbox 2070 1489 2252 1538; x_wconf 91' lang='lat' dir='ltr'>quaero</span> <span class='ocrx_word' id='word_1_119' title='bbox 2285 1473 2348 1523; x_wconf 90' lang='lat' dir='ltr'>de</span> 
     </span>
     <span class='ocr_line' id='line_1_20' title="bbox 595 1554 2347 1620; baseline -0.002 -14"><span class='ocrx_word' id='word_1_120' title='bbox 595 1559 684 1606; x_wconf 89' lang='lat' dir='ltr'>illis</span> <span class='ocrx_word' id='word_1_121' title='bbox 719 1559 1070 1620; x_wconf 86' lang='lat' dir='ltr'>supererogatis</span> <span class='ocrx_word' id='word_1_122' title='bbox 1103 1558 1284 1605; x_wconf 89' lang='lat' dir='ltr'>meritis</span> <span class='ocrx_word' id='word_1_123' title='bbox 1318 1557 1633 1620; x_wconf 88' lang='lat' dir='ltr'>sempiternis,</span> <span class='ocrx_word' id='word_1_124' title='bbox 1659 1558 1709 1604; x_wconf 95' lang='lat' dir='ltr'>in</span> <span class='ocrx_word' id='word_1_125' title='bbox 1740 1572 1839 1620; x_wconf 91' lang='lat' dir='ltr'>quo</span> <span class='ocrx_word' id='word_1_126' title='bbox 1868 1557 2090 1604; x_wconf 91' lang='lat' dir='ltr'>membro</span> <span class='ocrx_word' id='word_1_127' title='bbox 2114 1554 2347 1604; x_wconf 88' lang='lat' dir='ltr'>ecclesiae</span> 
     </span>
     <span class='ocr_line' id='line_1_21' title="bbox 598 1636 2348 1704; baseline -0.002 -16"><span class='ocrx_word' id='word_1_128' title='bbox 598 1641 958 1704; x_wconf 86' lang='lat' dir='ltr'>subjectantur?</span> <span class='ocrx_word' id='word_1_129' title='bbox 1020 1638 1070 1687; x_wconf 91' lang='lat' dir='ltr'>Si</span> <span class='ocrx_word' id='word_1_130' title='bbox 1105 1640 1157 1686; x_wconf 93' lang='lat' dir='ltr'>in</span> <span class='ocrx_word' id='word_1_131' title='bbox 1190 1638 1383 1687; x_wconf 90' lang='lat' dir='ltr'>Christo</span> <span class='ocrx_word' id='word_1_132' title='bbox 1422 1647 1470 1687; x_wconf 91' lang='lat' dir='ltr'>et</span> <span class='ocrx_word' id='word_1_133' title='bbox 1504 1639 1735 1687; x_wconf 89' lang='lat' dir='ltr'>membris</span> <span class='ocrx_word' id='word_1_134' title='bbox 1771 1639 1884 1697; x_wconf 91' lang='lat' dir='ltr'>suis,</span> <span class='ocrx_word' id='word_1_135' title='bbox 1917 1637 2131 1686; x_wconf 88' lang='lat' dir='ltr'>mirabile</span> <span class='ocrx_word' id='word_1_136' title='bbox 2163 1636 2348 1686; x_wconf 87' lang='lat' dir='ltr'>videtur</span> 
     </span>
     <span class='ocr_line' id='line_1_22' title="bbox 597 1719 2350 1785; baseline -0.002 -16"><span class='ocrx_word' id='word_1_137' title='bbox 597 1722 732 1784; x_wconf 91' lang='lat' dir='ltr'>quod</span> <span class='ocrx_word' id='word_1_138' title='bbox 766 1736 894 1785; x_wconf 90' lang='lat' dir='ltr'>papa</span> <span class='ocrx_word' id='word_1_139' title='bbox 928 1731 1089 1784; x_wconf 88' lang='lat' dir='ltr'>potest</span> <span class='ocrx_word' id='word_1_140' title='bbox 1125 1737 1154 1769; x_wconf 93' lang='lat' dir='ltr'>a</span> <span class='ocrx_word' id='word_1_141' title='bbox 1189 1721 1416 1783; x_wconf 89' lang='lat' dir='ltr'>subjectis</span> <span class='ocrx_word' id='word_1_142' title='bbox 1456 1722 1665 1784; x_wconf 91' lang='lat' dir='ltr'>propriis</span> <span class='ocrx_word' id='word_1_143' title='bbox 1706 1721 1784 1768; x_wconf 92' lang='lat' dir='ltr'>illa</span> <span class='ocrx_word' id='word_1_144' title='bbox 1825 1719 2115 1778; x_wconf 90' lang='lat' dir='ltr'>subtrahere,</span> <span class='ocrx_word' id='word_1_145' title='bbox 2150 1725 2350 1783; x_wconf 88' lang='lat' dir='ltr'>propter</span> 
     </span>
     <span class='ocr_line' id='line_1_23' title="bbox 601 1799 2353 1865; baseline -0.002 -15"><span class='ocrx_word' id='word_1_146' title='bbox 601 1802 1032 1865; x_wconf 82' lang='lat' dir='ltr'>multa⁵;-primo</span> <span class='ocrx_word' id='word_1_147' title='bbox 1069 1803 1182 1864; x_wconf 89' lang='lat' dir='ltr'>quia</span> <span class='ocrx_word' id='word_1_148' title='bbox 1218 1802 1443 1850; x_wconf 92' lang='lat' dir='ltr'>accidens</span> <span class='ocrx_word' id='word_1_149' title='bbox 1479 1817 1581 1850; x_wconf 95' lang='lat' dir='ltr'>non</span> <span class='ocrx_word' id='word_1_150' title='bbox 1616 1809 1780 1864; x_wconf 90' lang='lat' dir='ltr'>potest</span> <span class='ocrx_word' id='word_1_151' title='bbox 1817 1816 1923 1849; x_wconf 91' lang='lat' dir='ltr'>esse</span> <span class='ocrx_word' id='word_1_152' title='bbox 1960 1801 2064 1849; x_wconf 90' lang='lat' dir='ltr'>sine</span> <span class='ocrx_word' id='word_1_153' title='bbox 2102 1799 2353 1863; x_wconf 89' lang='lat' dir='ltr'>subjecto;</span> 
     </span>
     <span class='ocr_line' id='line_1_24' title="bbox 599 1881 2354 1946; baseline -0.002 -14"><span class='ocrx_word' id='word_1_154' title='bbox 599 1884 815 1932; x_wconf 90' lang='lat' dir='ltr'>secundo</span> <span class='ocrx_word' id='word_1_155' title='bbox 851 1884 963 1946; x_wconf 93' lang='lat' dir='ltr'>quia</span> <span class='ocrx_word' id='word_1_156' title='bbox 997 1883 1155 1931; x_wconf 92' lang='lat' dir='ltr'>nullus</span> <span class='ocrx_word' id='word_1_157' title='bbox 1189 1897 1358 1930; x_wconf 92' lang='lat' dir='ltr'>eorum</span> <span class='ocrx_word' id='word_1_158' title='bbox 1389 1884 1492 1945; x_wconf 90' lang='lat' dir='ltr'>jam</span> <span class='ocrx_word' id='word_1_159' title='bbox 1526 1883 1660 1941; x_wconf 75' lang='lat' dir='ltr'>viat⁶,</span> <span class='ocrx_word' id='word_1_160' title='bbox 1696 1882 1936 1946; x_wconf 89' lang='lat' dir='ltr'>praeteriit</span> <span class='ocrx_word' id='word_1_161' title='bbox 1970 1882 2066 1930; x_wconf 17' lang='lat' dir='ltr'>illisi</span> <span class='ocrx_word' id='word_1_162' title='bbox 2092 1881 2216 1929; x_wconf 88' lang='lat' dir='ltr'>hora</span> <span class='ocrx_word' id='word_1_163' title='bbox 2248 1895 2354 1928; x_wconf 88' lang='lat' dir='ltr'>me-</span> 
     </span>
     <span class='ocr_line' id='line_1_25' title="bbox 596 1963 2352 2027; baseline -0.001 -16"><span class='ocrx_word' id='word_1_164' title='bbox 596 1964 758 2024; x_wconf 80' lang='lat' dir='ltr'>rendi3</span> <span class='ocrx_word' id='word_1_165' title='bbox 813 1973 859 2013; x_wconf 90' lang='lat' dir='ltr'>et</span> <span class='ocrx_word' id='word_1_166' title='bbox 894 1965 1032 2012; x_wconf 90' lang='lat' dir='ltr'>tertio</span> <span class='ocrx_word' id='word_1_167' title='bbox 1068 1965 1187 2027; x_wconf 88' lang='lat' dir='ltr'>quia</span> <span class='ocrx_word' id='word_1_168' title='bbox 1214 1965 1355 2027; x_wconf 87' lang='lat' dir='ltr'>plene</span> <span class='ocrx_word' id='word_1_169' title='bbox 1394 1965 1531 2027; x_wconf 79' lang='lat' dir='ltr'>Juxta</span> <span class='ocrx_word' id='word_1_170' title='bbox 1566 1980 1706 2013; x_wconf 90' lang='lat' dir='ltr'>suum</span> <span class='ocrx_word' id='word_1_171' title='bbox 1747 1965 1970 2011; x_wconf 89' lang='lat' dir='ltr'>meritum</span> <span class='ocrx_word' id='word_1_172' title='bbox 2010 1963 2352 2026; x_wconf 85' lang='lat' dir='ltr'>praemiantur.</span> 
     </span>
     <span class='ocr_line' id='line_1_26' title="bbox 598 2043 2352 2108; baseline -0.001 -15"><span class='ocrx_word' id='word_1_173' title='bbox 598 2045 866 2104; x_wconf 88' lang='lat' dir='ltr'>Quomodo</span> <span class='ocrx_word' id='word_1_174' title='bbox 902 2060 1021 2107; x_wconf 88' lang='lat' dir='ltr'>ergo</span> <span class='ocrx_word' id='word_1_175' title='bbox 1056 2061 1185 2108; x_wconf 92' lang='lat' dir='ltr'>papa</span> <span class='ocrx_word' id='word_1_176' title='bbox 1219 2053 1380 2108; x_wconf 91' lang='lat' dir='ltr'>potest</span> <span class='ocrx_word' id='word_1_177' title='bbox 1420 2061 1507 2108; x_wconf 91' lang='lat' dir='ltr'>per</span> <span class='ocrx_word' id='word_1_178' title='bbox 1546 2046 1766 2108; x_wconf 90' lang='lat' dir='ltr'>rapinam</span> <span class='ocrx_word' id='word_1_179' title='bbox 1807 2045 1952 2093; x_wconf 90' lang='lat' dir='ltr'>talem</span> <span class='ocrx_word' id='word_1_180' title='bbox 1991 2043 2352 2106; x_wconf 88' lang='lat' dir='ltr'>imaginativam</span> 
     </span>
     <span class='ocr_line' id='line_1_27' title="bbox 598 2126 1356 2190; baseline -0.001 -15"><span class='ocrx_word' id='word_1_181' title='bbox 598 2128 755 2175; x_wconf 88' lang='lat' dir='ltr'>facere</span> <span class='ocrx_word' id='word_1_182' title='bbox 779 2126 890 2174; x_wconf 92' lang='lat' dir='ltr'>Deo</span> <span class='ocrx_word' id='word_1_183' title='bbox 916 2135 962 2175; x_wconf 90' lang='lat' dir='ltr'>et</span> <span class='ocrx_word' id='word_1_184' title='bbox 986 2126 1074 2175; x_wconf 91' lang='lat' dir='ltr'>illis</span> <span class='ocrx_word' id='word_1_185' title='bbox 1099 2127 1356 2190; x_wconf 88' lang='lat' dir='ltr'>injuriam?</span> 
     </span>
    </p>

    <p class='ocr_par' dir='ltr' id='par_1_7' title="bbox 600 2205 2353 3166">
     <span class='ocr_line' id='line_1_28' title="bbox 667 2205 2348 2271; baseline -0.001 -15"><span class='ocrx_word' id='word_1_186' title='bbox 667 2209 791 2256; x_wconf 86' lang='lat' dir='ltr'>Item</span> <span class='ocrx_word' id='word_1_187' title='bbox 822 2223 910 2270; x_wconf 93' lang='lat' dir='ltr'>per</span> <span class='ocrx_word' id='word_1_188' title='bbox 943 2208 1188 2256; x_wconf 92' lang='lat' dir='ltr'>deducens</span> <span class='ocrx_word' id='word_1_189' title='bbox 1220 2207 1282 2255; x_wconf 91' lang='lat' dir='ltr'>ad</span> <span class='ocrx_word' id='word_1_190' title='bbox 1315 2208 1611 2271; x_wconf 88' lang='lat' dir='ltr'>impossibile</span> <span class='ocrx_word' id='word_1_191' title='bbox 1647 2208 1925 2267; x_wconf 90' lang='lat' dir='ltr'>declaratur,</span> <span class='ocrx_word' id='word_1_192' title='bbox 1959 2205 2092 2271; x_wconf 92' lang='lat' dir='ltr'>quod</span> <span class='ocrx_word' id='word_1_193' title='bbox 2124 2206 2164 2256; x_wconf 89' lang='lat' dir='ltr'>si</span> <span class='ocrx_word' id='word_1_194' title='bbox 2194 2205 2348 2255; x_wconf 83' lang='lat' dir='ltr'>viator</span> 
     </span>
     <span class='ocr_line' id='line_1_29' title="bbox 600 2287 2349 2352; baseline -0.001 -15"><span class='ocrx_word' id='word_1_195' title='bbox 600 2290 651 2337; x_wconf 89' lang='lat' dir='ltr'>in</span> <span class='ocrx_word' id='word_1_196' title='bbox 674 2298 893 2352; x_wconf 88' lang='lat' dir='ltr'>tempore</span> <span class='ocrx_word' id='word_1_197' title='bbox 919 2289 1117 2352; x_wconf 89' lang='lat' dir='ltr'>alicujus</span> <span class='ocrx_word' id='word_1_198' title='bbox 1141 2304 1298 2352; x_wconf 88' lang='lat' dir='ltr'>papae</span> <span class='ocrx_word' id='word_1_199' title='bbox 1324 2289 1645 2348; x_wconf 83' lang='lat' dir='ltr'>damnabitur,</span> <span class='ocrx_word' id='word_1_200' title='bbox 1671 2290 1773 2352; x_wconf 90' lang='lat' dir='ltr'>ipse</span> <span class='ocrx_word' id='word_1_201' title='bbox 1802 2305 1932 2352; x_wconf 87' lang='lat' dir='ltr'>papa</span> <span class='ocrx_word' id='word_1_202' title='bbox 1955 2288 2055 2338; x_wconf 80' lang='lat' dir='ltr'>est⁷</span> <span class='ocrx_word' id='word_1_203' title='bbox 2077 2303 2188 2337; x_wconf 89' lang='lat' dir='ltr'>reus</span> <span class='ocrx_word' id='word_1_204' title='bbox 2213 2287 2349 2337; x_wconf 87' lang='lat' dir='ltr'>dam-</span> 
     </span>
     <span class='ocr_line' id='line_1_30' title="bbox 600 2370 2348 2434; baseline 0.001 -17"><span class='ocrx_word' id='word_1_205' title='bbox 600 2371 807 2418; x_wconf 91' lang='lat' dir='ltr'>nationis</span> <span class='ocrx_word' id='word_1_206' title='bbox 840 2378 1037 2434; x_wconf 90' lang='lat' dir='ltr'>propter</span> <span class='ocrx_word' id='word_1_207' title='bbox 1068 2370 1162 2418; x_wconf 93' lang='lat' dir='ltr'>hoc</span> <span class='ocrx_word' id='word_1_208' title='bbox 1199 2370 1334 2434; x_wconf 90' lang='lat' dir='ltr'>quod</span> <span class='ocrx_word' id='word_1_209' title='bbox 1365 2371 1572 2418; x_wconf 86' lang='lat' dir='ltr'>obmittit</span> <span class='ocrx_word' id='word_1_210' title='bbox 1600 2372 1762 2433; x_wconf 92' lang='lat' dir='ltr'>ipsum</span> <span class='ocrx_word' id='word_1_211' title='bbox 1795 2371 1976 2419; x_wconf 89' lang='lat' dir='ltr'>salvare</span> <span class='ocrx_word' id='word_1_212' title='bbox 1990 2387 2003 2430; x_wconf 91' lang='lat'>;</span> <span class='ocrx_word' id='word_1_213' title='bbox 2045 2370 2192 2419; x_wconf 89' lang='lat' dir='ltr'>habet</span> <span class='ocrx_word' id='word_1_214' title='bbox 2215 2371 2348 2419; x_wconf 88' lang='lat' dir='ltr'>enim</span> 
     </span>
     <span class='ocr_line' id='line_1_31' title="bbox 602 2451 2346 2515; baseline -0.001 -15"><span class='ocrx_word' id='word_1_215' title='bbox 602 2452 917 2500; x_wconf 89' lang='lat' dir='ltr'>sufficientem</span> <span class='ocrx_word' id='word_1_216' title='bbox 948 2453 1217 2514; x_wconf 90' lang='lat' dir='ltr'>potentiam</span> <span class='ocrx_word' id='word_1_217' title='bbox 1241 2451 1303 2500; x_wconf 92' lang='lat' dir='ltr'>ad</span> <span class='ocrx_word' id='word_1_218' title='bbox 1333 2451 1681 2514; x_wconf 90' lang='lat' dir='ltr'>perficiendum</span> <span class='ocrx_word' id='word_1_219' title='bbox 1712 2452 2028 2500; x_wconf 90' lang='lat' dir='ltr'>salvationem</span> <span class='ocrx_word' id='word_1_220' title='bbox 2050 2451 2346 2515; x_wconf 83' lang='lat' dir='ltr'>hujusmodi,</span> 
     </span>
     <span class='ocr_line' id='line_1_32' title="bbox 602 2532 2347 2596; baseline -0.001 -15"><span class='ocrx_word' id='word_1_221' title='bbox 602 2549 693 2581; x_wconf 91' lang='lat' dir='ltr'>nec</span> <span class='ocrx_word' id='word_1_222' title='bbox 726 2533 906 2596; x_wconf 89' lang='lat' dir='ltr'>aliquid</span> <span class='ocrx_word' id='word_1_223' title='bbox 937 2533 1101 2581; x_wconf 79' lang='lat' dir='ltr'>obest⁸</span> <span class='ocrx_word' id='word_1_224' title='bbox 1134 2534 1269 2596; x_wconf 90' lang='lat' dir='ltr'>quod</span> <span class='ocrx_word' id='word_1_225' title='bbox 1299 2548 1403 2581; x_wconf 90' lang='lat' dir='ltr'>non</span> <span class='ocrx_word' id='word_1_226' title='bbox 1437 2533 1593 2591; x_wconf 85' lang='lat' dir='ltr'>faciat,</span> <span class='ocrx_word' id='word_1_227' title='bbox 1619 2535 1710 2582; x_wconf 90' lang='lat' dir='ltr'>nisi</span> <span class='ocrx_word' id='word_1_228' title='bbox 1742 2533 1864 2581; x_wconf 91' lang='lat' dir='ltr'>forte</span> <span class='ocrx_word' id='word_1_229' title='bbox 1894 2549 1981 2582; x_wconf 89' lang='lat' dir='ltr'>sua</span> <span class='ocrx_word' id='word_1_230' title='bbox 2004 2532 2201 2591; x_wconf 85' lang='lat' dir='ltr'>desid-ia,</span> <span class='ocrx_word' id='word_1_231' title='bbox 2226 2547 2347 2595; x_wconf 87' lang='lat' dir='ltr'>ergo</span> 
     </span>
     <span class='ocr_line' id='line_1_33' title="bbox 602 2614 2350 2678; baseline 0 -16"><span class='ocrx_word' id='word_1_232' title='bbox 602 2623 799 2678; x_wconf 89' lang='lat' dir='ltr'>propter</span> <span class='ocrx_word' id='word_1_233' title='bbox 833 2615 979 2663; x_wconf 89' lang='lat' dir='ltr'>talem</span> <span class='ocrx_word' id='word_1_234' title='bbox 1012 2615 1246 2663; x_wconf 88' lang='lat' dir='ltr'>desidiam</span> <span class='ocrx_word' id='word_1_235' title='bbox 1279 2623 1355 2663; x_wconf 91' lang='lat' dir='ltr'>est</span> <span class='ocrx_word' id='word_1_236' title='bbox 1389 2615 1671 2678; x_wconf 91' lang='lat' dir='ltr'>culpandus.</span> <span class='ocrx_word' id='word_1_237' title='bbox 1743 2614 1868 2674; x_wconf 89' lang='lat' dir='ltr'>Quis</span> <span class='ocrx_word' id='word_1_238' title='bbox 1899 2629 2018 2677; x_wconf 88' lang='lat' dir='ltr'>ergo</span> <span class='ocrx_word' id='word_1_239' title='bbox 2051 2614 2350 2677; x_wconf 88' lang='lat' dir='ltr'>dispensaret</span> 
     </span>
     <span class='ocr_line' id='line_1_34' title="bbox 602 2694 2350 2756; baseline -0.001 -12"><span class='ocrx_word' id='word_1_240' title='bbox 602 2711 714 2744; x_wconf 91' lang='lat' dir='ltr'>curn</span> <span class='ocrx_word' id='word_1_241' title='bbox 749 2695 844 2754; x_wconf 82' lang='lat' dir='ltr'>illo,</span> <span class='ocrx_word' id='word_1_242' title='bbox 881 2696 973 2744; x_wconf 94' lang='lat' dir='ltr'>nisi</span> <span class='ocrx_word' id='word_1_243' title='bbox 1009 2711 1121 2743; x_wconf 92' lang='lat' dir='ltr'>cum</span> <span class='ocrx_word' id='word_1_244' title='bbox 1155 2695 1378 2743; x_wconf 84' lang='lat' dir='ltr'>voluerit⁹</span> <span class='ocrx_word' id='word_1_245' title='bbox 1414 2695 1546 2744; x_wconf 92' lang='lat' dir='ltr'>solus</span> <span class='ocrx_word' id='word_1_246' title='bbox 1581 2695 1744 2756; x_wconf 86' lang='lat' dir='ltr'>Deus;</span> <span class='ocrx_word' id='word_1_247' title='bbox 1799 2696 1887 2744; x_wconf 89' lang='lat' dir='ltr'>sed</span> <span class='ocrx_word' id='word_1_248' title='bbox 1922 2710 2034 2744; x_wconf 90' lang='lat' dir='ltr'>cum</span> <span class='ocrx_word' id='word_1_249' title='bbox 2068 2694 2206 2743; x_wconf 90' lang='lat' dir='ltr'>Deus</span> <span class='ocrx_word' id='word_1_250' title='bbox 2246 2709 2350 2743; x_wconf 89' lang='lat' dir='ltr'>non</span> 
     </span>
     <span class='ocr_line' id='line_1_35' title="bbox 602 2774 2352 2840; baseline 0 -16"><span class='ocrx_word' id='word_1_251' title='bbox 602 2783 763 2839; x_wconf 90' lang='lat' dir='ltr'>potest</span> <span class='ocrx_word' id='word_1_252' title='bbox 786 2792 1011 2825; x_wconf 92' lang='lat' dir='ltr'>revocare</span> <span class='ocrx_word' id='word_1_253' title='bbox 1036 2777 1207 2839; x_wconf 91' lang='lat' dir='ltr'>papale</span> <span class='ocrx_word' id='word_1_254' title='bbox 1233 2777 1445 2824; x_wconf 91' lang='lat' dir='ltr'>officium</span> <span class='ocrx_word' id='word_1_255' title='bbox 1470 2785 1666 2840; x_wconf 92' lang='lat' dir='ltr'>propter</span> <span class='ocrx_word' id='word_1_256' title='bbox 1689 2774 1886 2840; x_wconf 84' lang='lat' dir='ltr'>pactum</span> <span class='ocrx_word' id='word_1_257' title='bbox 1909 2776 2185 2825; x_wconf 91' lang='lat' dir='ltr'>absolutum</span> <span class='ocrx_word' id='word_1_258' title='bbox 2216 2775 2352 2839; x_wconf 92' lang='lat' dir='ltr'>quod</span> 
     </span>
     <span class='ocr_line' id='line_1_36' title="bbox 603 2857 2351 2922; baseline -0.001 -16"><span class='ocrx_word' id='word_1_259' title='bbox 603 2874 715 2907; x_wconf 92' lang='lat' dir='ltr'>cum</span> <span class='ocrx_word' id='word_1_260' title='bbox 755 2874 816 2907; x_wconf 92' lang='lat' dir='ltr'>eo</span> <span class='ocrx_word' id='word_1_261' title='bbox 857 2859 1054 2922; x_wconf 83' lang='lat' dir='ltr'>pepigit,</span> <span class='ocrx_word' id='word_1_262' title='bbox 1097 2858 1283 2906; x_wconf 90' lang='lat' dir='ltr'>videtur</span> <span class='ocrx_word' id='word_1_263' title='bbox 1323 2858 1610 2917; x_wconf 88' lang='lat' dir='ltr'>infidelibus,</span> <span class='ocrx_word' id='word_1_264' title='bbox 1654 2858 1833 2922; x_wconf 85' lang='lat' dir='ltr'>quod¹⁰</span> <span class='ocrx_word' id='word_1_265' title='bbox 1873 2866 2030 2907; x_wconf 81' lang='lat' dir='ltr'>stante</span> <span class='ocrx_word' id='word_1_266' title='bbox 2066 2858 2147 2906; x_wconf 90' lang='lat' dir='ltr'>illo</span> <span class='ocrx_word' id='word_1_267' title='bbox 2190 2857 2351 2906; x_wconf 88' lang='lat' dir='ltr'>officio</span> 
     </span>
     <span class='ocr_line' id='line_1_37' title="bbox 602 2938 2353 3003; baseline -0.001 -15"><span class='ocrx_word' id='word_1_268' title='bbox 602 2955 732 3003; x_wconf 92' lang='lat' dir='ltr'>papa</span> <span class='ocrx_word' id='word_1_269' title='bbox 756 2955 914 2988; x_wconf 92' lang='lat' dir='ltr'>errare</span> <span class='ocrx_word' id='word_1_270' title='bbox 939 2956 1042 2988; x_wconf 93' lang='lat' dir='ltr'>non</span> <span class='ocrx_word' id='word_1_271' title='bbox 1073 2940 1249 3002; x_wconf 89' lang='lat' dir='ltr'>poterit</span> <span class='ocrx_word' id='word_1_272' title='bbox 1272 2939 1346 2987; x_wconf 92' lang='lat' dir='ltr'>vel</span> <span class='ocrx_word' id='word_1_273' title='bbox 1378 2939 1609 2998; x_wconf 89' lang='lat' dir='ltr'>damnari,</span> <span class='ocrx_word' id='word_1_274' title='bbox 1635 2940 1769 3002; x_wconf 92' lang='lat' dir='ltr'>quod</span> <span class='ocrx_word' id='word_1_275' title='bbox 1803 2940 1861 2987; x_wconf 92' lang='lat' dir='ltr'>sit</span> <span class='ocrx_word' id='word_1_276' title='bbox 1893 2938 2140 2987; x_wconf 83' lang='lat' dir='ltr'>omnino¹1</span> <span class='ocrx_word' id='word_1_277' title='bbox 2171 2939 2353 3002; x_wconf 89' lang='lat' dir='ltr'>impec-</span> 
     </span>
     <span class='ocr_line' id='line_1_38' title="bbox 603 3019 2351 3084; baseline -0.001 -14"><span class='ocrx_word' id='word_1_278' title='bbox 603 3022 768 3070; x_wconf 92' lang='lat' dir='ltr'>cabilis</span> <span class='ocrx_word' id='word_1_279' title='bbox 811 3022 931 3070; x_wconf 88' lang='lat' dir='ltr'>sicut</span> <span class='ocrx_word' id='word_1_280' title='bbox 974 3020 1207 3069; x_wconf 89' lang='lat' dir='ltr'>Christus.</span> <span class='ocrx_word' id='word_1_281' title='bbox 1293 3019 1392 3068; x_wconf 92' lang='lat' dir='ltr'>Sed</span> <span class='ocrx_word' id='word_1_282' title='bbox 1431 3021 1514 3068; x_wconf 94' lang='lat' dir='ltr'>ubi</span> <span class='ocrx_word' id='word_1_283' title='bbox 1555 3021 1711 3083; x_wconf 85' lang='lat' dir='ltr'>major</span> <span class='ocrx_word' id='word_1_284' title='bbox 1751 3020 2067 3083; x_wconf 88' lang='lat' dir='ltr'>blasphemia,</span> <span class='ocrx_word' id='word_1_285' title='bbox 2109 3020 2244 3084; x_wconf 91' lang='lat' dir='ltr'>quod</span> <span class='ocrx_word' id='word_1_286' title='bbox 2289 3034 2351 3070; x_wconf 83' lang='lat' dir='ltr'>ex</span> 
     </span>
     <span class='ocr_line' id='line_1_39' title="bbox 603 3100 2351 3166; baseline -0.001 -15"><span class='ocrx_word' id='word_1_287' title='bbox 603 3102 734 3151; x_wconf 91' lang='lat' dir='ltr'>nuda</span> <span class='ocrx_word' id='word_1_288' title='bbox 756 3111 993 3166; x_wconf 88' lang='lat' dir='ltr'>potestate</span> <span class='ocrx_word' id='word_1_289' title='bbox 1026 3101 1266 3151; x_wconf 88' lang='lat' dir='ltr'>Caesarea</span> <span class='ocrx_word' id='word_1_290' title='bbox 1293 3101 1498 3164; x_wconf 90' lang='lat' dir='ltr'>palliata,</span> <span class='ocrx_word' id='word_1_291' title='bbox 1523 3116 1649 3164; x_wconf 88' lang='lat' dir='ltr'>quae</span> <span class='ocrx_word' id='word_1_292' title='bbox 1675 3109 1748 3150; x_wconf 90' lang='lat' dir='ltr'>est</span> <span class='ocrx_word' id='word_1_293' title='bbox 1777 3101 1871 3164; x_wconf 85' lang='lat' dir='ltr'>legi</span> <span class='ocrx_word' id='word_1_294' title='bbox 1897 3100 2073 3151; x_wconf 90' lang='lat' dir='ltr'>Christi</span> <span class='ocrx_word' id='word_1_295' title='bbox 2099 3101 2351 3160; x_wconf 83' lang='lat' dir='ltr'>contraria,</span> 
     </span>
    </p>
   </div>
   <div class='ocr_carea' id='block_1_6' title="bbox 601 3284 2352 3509">
    <p class='ocr_par' dir='ltr' id='par_1_8' title="bbox 601 3284 2352 3501">
     <span class='ocr_line' id='line_1_40' title="bbox 657 3284 2352 3339; baseline -0.001 -13"><span class='ocrx_word' id='word_1_296' title='bbox 657 3286 671 3310; x_wconf 82' lang='lat'>¹</span> <span class='ocrx_word' id='word_1_297' title='bbox 699 3285 770 3338; x_wconf 90' lang='lat' dir='ltr'>ad]</span> <span class='ocrx_word' id='word_1_298' title='bbox 792 3290 846 3332; x_wconf 91' lang='lat' dir='ltr'>et,</span> <span class='ocrx_word' id='word_1_299' title='bbox 867 3285 1023 3327; x_wconf 88' lang='lat' dir='ltr'>A.B.C.</span> <span class='ocrx_word' id='word_1_300' title='bbox 1226 3285 1244 3310; x_wconf 78' lang='lat'>²</span> <span class='ocrx_word' id='word_1_301' title='bbox 1272 3285 1400 3338; x_wconf 91' lang='lat' dir='ltr'>quod]</span> <span class='ocrx_word' id='word_1_302' title='bbox 1422 3298 1504 3326; x_wconf 88' lang='lat' dir='ltr'>om.</span> <span class='ocrx_word' id='word_1_303' title='bbox 1525 3286 1587 3325; x_wconf 89' lang='lat' dir='ltr'>ed.</span> <span class='ocrx_word' id='word_1_304' title='bbox 1606 3299 1667 3338; x_wconf 83' lang='lat' dir='ltr'>pr.</span> <span class='ocrx_word' id='word_1_305' title='bbox 1897 3286 1911 3309; x_wconf 78' lang='lat'>³</span> <span class='ocrx_word' id='word_1_306' title='bbox 1939 3285 2084 3339; x_wconf 86' lang='lat' dir='ltr'>etiam]</span> <span class='ocrx_word' id='word_1_307' title='bbox 2104 3298 2188 3326; x_wconf 91' lang='lat' dir='ltr'>om.</span> <span class='ocrx_word' id='word_1_308' title='bbox 2207 3284 2270 3326; x_wconf 85' lang='lat' dir='ltr'>ed.</span> <span class='ocrx_word' id='word_1_309' title='bbox 2290 3298 2352 3339; x_wconf 89' lang='lat' dir='ltr'>pr.</span> 
     </span>
     <span class='ocr_line' id='line_1_41' title="bbox 601 3337 2350 3393; baseline 0 -14"><span class='ocrx_word' id='word_1_310' title='bbox 601 3337 616 3360; x_wconf 73' lang='lat'><strong>⁴</strong></span> <span class='ocrx_word' id='word_1_311' title='bbox 645 3340 772 3392; x_wconf 90' lang='lat' dir='ltr'>papa]</span> <span class='ocrx_word' id='word_1_312' title='bbox 794 3353 876 3380; x_wconf 89' lang='lat' dir='ltr'>om.</span> <span class='ocrx_word' id='word_1_313' title='bbox 897 3340 950 3380; x_wconf 90' lang='lat' dir='ltr'>A.</span> <span class='ocrx_word' id='word_1_314' title='bbox 953 3340 1000 3380; x_wconf 91' lang='grc' dir='ltr'>Β.</span> <span class='ocrx_word' id='word_1_315' title='bbox 1219 3340 1430 3393; x_wconf 86' lang='lat' dir='ltr'>⁵propter</span> <span class='ocrx_word' id='word_1_316' title='bbox 1448 3339 1598 3392; x_wconf 83' lang='lat' dir='ltr'>multa]</span> <span class='ocrx_word' id='word_1_317' title='bbox 1619 3353 1701 3380; x_wconf 89' lang='lat' dir='ltr'>om.</span> <span class='ocrx_word' id='word_1_318' title='bbox 1721 3339 1824 3380; x_wconf 93' lang='lat' dir='ltr'>A.B.</span> <span class='ocrx_word' id='word_1_319' title='bbox 1829 3341 1876 3381; x_wconf 92' lang='lat' dir='ltr'>C.</span> <span class='ocrx_word' id='word_1_320' title='bbox 2103 3339 2119 3363; x_wconf 87' lang='lat'>⁶</span> <span class='ocrx_word' id='word_1_321' title='bbox 2142 3339 2229 3391; x_wconf 85' lang='lat' dir='ltr'>jam</span> <span class='ocrx_word' id='word_1_322' title='bbox 2245 3339 2350 3391; x_wconf 84' lang='lat' dir='ltr'>viat]</span> 
     </span>
     <span class='ocr_line' id='line_1_42' title="bbox 603 3392 2350 3509; baseline 0.001 -22"><span class='ocrx_word' id='word_1_323' title='bbox 603 3392 1153 3509; x_wconf 44' lang='grc' dir='ltr'>ἓὶὶὲἒῖηἶῗῗῆᾶῗὲἓὲῐιῗῖᾶῗὲῑ.</span> <span class='ocrx_word' id='word_1_324' title='bbox 1265 3395 1279 3417; x_wconf 84' lang='lat'>⁷</span> <span class='ocrx_word' id='word_1_325' title='bbox 1309 3394 1575 3501; x_wconf 59' lang='lat' dir='ltr'>‘³⁵t]10³{{{1’0¹3j</span> <span class='ocrx_word' id='word_1_326' title='bbox 1596 3394 1774 3489; x_wconf 58' lang='grc' dir='ltr'>ἓὶἶὲὲἳᾱ</span> <span class='ocrx_word' id='word_1_327' title='bbox 1807 3461 1857 3500; x_wconf 66' lang='lat' dir='ltr'>pr</span> <span class='ocrx_word' id='word_1_328' title='bbox 1870 3393 2052 3447; x_wconf 42' lang='grc' dir='ltr'>ὠθεῖ]</span> <span class='ocrx_word' id='word_1_329' title='bbox 2072 3393 2350 3499; x_wconf 56' lang='lat' dir='ltr'>⁵?Pff12nffi</span> 
     </span>
    </p>
   </div>
   <div class='ocr_carea' id='block_1_7' title="bbox 604 3500 919 3554">
    <p class='ocr_par' dir='ltr' id='par_1_9' title="bbox 604 3500 919 3554">
     <span class='ocr_line' id='line_1_43' title="bbox 604 3500 919 3554; baseline 0.007 -15"><span class='ocrx_word' id='word_1_330' title='bbox 604 3500 754 3547; x_wconf 87' lang='lat' dir='ltr'>animo,</span> <span class='ocrx_word' id='word_1_331' title='bbox 775 3502 837 3542; x_wconf 88' lang='lat' dir='ltr'>ed.</span> <span class='ocrx_word' id='word_1_332' title='bbox 859 3514 919 3554; x_wconf 89' lang='lat' dir='ltr'>pr.</span> 
     </span>
    </p>
   </div>
  </div>
 </body>
</html>
