2496 4108
382 473 493 527 324

298 2797 375 2824 Cum
390 2798 489 2825 matri-

298 2832 431 2858 monium
445 2832 504 2859 effi·

296 2865 362 2898 gies
375 2866 413 2892 sit
426 2866 525 2893 matri-

298 2899 390 2925 monii
403 2900 486 2932 spiri-

298 2935 351 2958 tua

353 2932 397 2964 lis,
412 2933 495 2966 quod

298 2965 436 2993 Christus
449 2974 518 2993 cum

297 3007 350 3025 eCC

297 3037 452 3065 quaeritur
463 3041 536 3066 quo-

297 3067 388 3092 modo
399 3067 539 3105 §hristus

353 3000 427 3038 lesia
441 2999 513 3030 iniit,

315 3100 455 3126 cclesmm
468 3100 526 3127 sibi

297 3107 314 3125 e

296 3132 352 3160 des

353 3133 507 3166 ponderit,

1066 458 1494 523 JOANNJS
1563 459 1913 509 WJCLJF
2217 477 2373 508 mxv.

620 598 667 662 in
704 592 937 651 uxorem‚'
982 603 1096 641 tunc
1137 609 1224 656 per
1266 601 1378 641 ante
1418 601 1489 641 est
1531 608 1711 650 verum,
1756 593 1892 655 quod
1933 597 2007 641 ‘te
2043 593 2278 655 accipiam
2311 592 2370 640 'in

617 677 870 734 uxorem3'
918 684 964 723 et
1002 677 1041 722 si
1077 676 1136 722 sit
1159 690 1325 721 verum
1361 674 1494 736 quod
1522 678 1596 721 ‘te
1632 674 1869 736 accipiam
1904 689 1994 736 pro
2017 673 2226 731 uxore¹,'
2251 681 2368 721 tunc

618 774 705 820 pro
731 766 947 819 tempore
974 772 1062 804 suo
1087 765 1161 803 est
1185 771 1351 803 verum
1376 755 1509 818 quod
1534 759 1544 779 ‘
1561 764 1609 802 te
1633 755 1820 817 accipio
1851 755 1903 802 in
1933 752 2168 803 uxorem?
2240 753 2370 803 Cum

616 854 733 901 ergo
758 854 868 885 cum
893 840 1048 885 verbis
1073 838 1134 886 de
1166 838 1326 885 futuro
1359 838 1419 884 sit
1452 852 1722 884 consensus
1754 837 2124 899 compossibilis,
2150 834 2370 884 et'verba

615 921 692 967 illa
716 927 826 966 sunt
850 935 961 967 vera
996 928 1139 982 atque
1174 920 1224 966 in
1248 918 1492 967 Domino²
1525 918 1760 976 ordinata,
1786 918 2041 980 quomodo
2075 917 2187 966 licet
2221 917 2371 965 v‘erba

615 1002 693 1048 illa
728 1001 951 1048 frustrare
986 1016 1073 1062 per
1107 1001 1252 1048 verba
1288 1001 1536 1062 sequentia
1573 1000 1633 1047 de
1668 999 1924 1061 praesenti,
1956 1014 2082 1061 quae
2116 998 2218 1045 non
2257 1005 2370 1045 sunt

614 1091 774 1130 tantae
817 1082 1090 1130 efficaciae?
1156 1082 1314 1144 Judex
1357 1096 1475 1143 ergo
1518 1080 1790 1142 capitularis
1831 1081 1899 1127 sic
1935 1080 2162 1141 judicans
2205 1078 2370 1126 divino

611 1164 790 1226 judicio
816 1164 1114 1211 contradicit.
1174 1163 1236 1210 Et
1261 1163 1437 1210 eodem
1461 1162 1614 1209 modo
1638 1161 1822 1209 videtur
1846 1161 1964 1207 mihi
1988 1153 2208 1208 mirabile
2233 1159 2369 1223 quod

614 1246 815 1292 carnalis
853 1245 1039 1306 copula,
1077 1260 1200 1306 quae
1238 1245 1562 1292 communiter
1596 1252 1667 1290 est
1703 1250 1972 1304 peccatum,
2005 1241 2259 1290 confirmet
2293 1241 2376 1289 vel*

614 1325 753 1373 faciat
790 1326 1164 1382 matrimonium,
1205 1341 1316 1372 cum
1352 1325 1488 1372 Deus
1524 1341 1626 1372 non
1662 1325 1885 1386 dignatur
1920 1324 1982 1371 ad
2024 1321 2369 1385 complendum

614 1423 753 1455 suum
778 1423 903 1469 opus
927 1407 1105 1454 habere
1130 1408 1222 1454 tale
1248 1407 1552 1469 adjutorium,
1580 1414 1626 1452 et
1651 1406 1918 1467 specialiter
1951 1420 2064 1452 cum
2098 1418 2370 1452 consensus

614 1489 674 1536 sit
715 1489 770 1543 in,
805 1489 980 1546 anima,
1018 1497 1065 1536 et
1108 1489 1377 1536 secundum
1412 1487 1815 1550 philosophorum
1856 1487 2091 1549 principia
2124 1486 2369 1535 materiale

615 1584 715 1616 non
751 1570 851 1631 agit
886 1571 936 1616 in
971 1570 1312 1629 immateriale;
1368 1585 1464 1631 qua
1500 1584 1618 1631 ergo
1655 1569 1820 1630 regula
1856 1568 1979 1616 foret
2014 1567 2171 1616 idem⁸
2205 1569 2368 1616 matri-

614 1652 832 1698 monium
869 1652 942 1698 bis
980 1651 1291 1713 completum,
1329 1651 1486 1712 primo
1522 1651 1572 1697 in
1609 1657 1859 1698 contractu
1896 1649 2162 1712 conjugum
2197 1665 2285 1712 per
2315 1664 2368 1698 se

616 1733 758 1790 facto,
786 1741 833 1779 et
858 1733 1072 1780 secundo
1096 1733 1145 1778 in
1171 1733 1359 1779 solenni
1384 1732 1474 1778 ritu
1499 1732 1560 1779 ad
1591 1731 1769 1778 ostium
1805 1730 2038 1778 ecclesiae
2062 1746 2092 1778 a
2116 1719 2367 1779 sacerdote

616 1829 702 1875 per
726 1815 870 1861 verba
894 1815 1149 1875 nugatoria
1173 1822 1219 1860 et
1243 1813 1362 1860 falsa
1387 1813 1709 1860 communiter
1733 1807 2035 1860 celebrato4?

683 1894 885 1941 Alz‘thz'a.
958 1895 1160 1942 Videtur
1184 1895 1301 1941 mihi
1325 1895 1458 1956 quod
1490 1894 1648 1940 induis
1673 1893 1885 1940 Pseustis
1917 1892 2134 1940 habitum
2167 1901 2213 1941 et
2237 1894 2367 1955 capi-

615 1976 789 2023 tulares
812 1977 945 2038 leges
970 1977 1199 2024 ecclesiae
1219 1987 1326 2024 ‘non
1355 1975 1576 2032 admittis,
1604 1974 1736 2036 quod
1769 1989 1870 2021 non
1895 1982 1967 2021 est
1996 1975 2080 2021 viri
2117 1973 2368 2042 prudentis
2412 1979 2415 1982 ’

615 2057 789 2105 facere.

681 2139 951 2186 Phronesz'S.
1025 2139 1137 2186 Dixi
1174 2140 1256 2186 tibi
1293 2140 1342 2185 in
1377 2139 1629 2201 principio,
1656 2137 1789 2199 quod
1825 2153 1854 2185 a
1887 2153 1967 2185 me
2002 2153 2104 2185 non
2139 2145 2367 2200 expectes

614 2219 943 2267 fundationem
993 2220 1163 2267 harum
1218 2221 1380 2282 legum
1426 2220 1499 2266 vel
1554 2219 1972 2266 rationabilitatem
2019 2220 2213 2277 earumj
2273 2219 2360 2267 sed

614 2302 772 2363 placet
812 2301 928 2348 mihi
971 2302 1103 2363 quod
1146 2318 1205 2348 ex
1247 2302 1375 2348 facto
1419 2309 1464 2348 et
1507 2301 1877 2348 deductionibus
1919 2301 2032 2348 satis
2069 2301 2208 2349 certis
2246 2315 2365 2362 cog-

613 2398 814 2430 noscam
833 2383 1062 2430 versutias
1087 2391 1133 2429 et
1158 2383 1458 2429 infidelitates
1482 2382 1530 2428 in
1556 2382 1656 2438 illis,
1683 2389 1734 2428 ut
1759 2382 1827 2428 sic
1847 2396 1929 2428 eas
1957 2382 2143 2429 cautius
2163 2397 2363 2430 caveam

613 2472 660 2511 et
703 2464 907 2511 doceam
946 2464 1080 2525 quod
1117 2479 1145 2510 a
1182 2464 1402 2510 fidelibus
1445 2471 1714 2523 caveantur.
1787 2462 1893 2509 Nec
1929 2462 2070 2510 video
2108 2464 2360 2526 quomodo

611 2545 830 2592 diabolus
855 2546 969 2591 istas
994 2545 1223 2592 versutias
1247 2544 1524 2601 introduxit,
1551 2544 1645 2590 nisi
1667 2552 1719 2590 ut
1746 2543 2012 2605 suspendat
2037 2544 2363 2592 hortationem

612 2633 828 2672 sanctam
870 2633 916 2672 et
958 2626 1369 2687 praedicationem
1411 2626 1621 2687 praelati,
1667 2640 1790 2687 quae
1833 2624 1994 2686 legem
2036 2627 2363 2674 conscientiae

612 2706 903 2768 adjuvarent.

678 2788 799 2835 Ideo
836 2803 1072 2850 suspensa
1108 2796 1208 2836 tota
1242 2788 1333 2836 hac
1369 2788 1476 2850 lege
1513 2788 1773 2850 capitulari,
1799 2788 2072 2836 notandum
2107 2789 2202 2836 est⁶
2240 2803 2364 2851 quo-

610 2870 761 2916 modo
811 2869 1029 2918 Christus
1076 2879 1147 2918 est
1194 2886 1306 2918 cum
1353 2885 1439 2917 sua
1481 2870 1685 2917 ecclesia
1732 2870 2068 2931 desponsatus.
2145 2869 2364 2918 Ecclesia

611 2951 741 2997 enim
767 2951 1061 3013 quandoque
1087 2951 1342 3013 accipitur⁶
1367 2951 1668 3013 reputative⁷,
1688 2950 1839 2998 modo
1864 2965 1964 3012 quo
1989 2950 2364 2999 solemnisantur

613 3032 746 3079 multi
780 3033 977 3094 praelati
1010 3033 1243 3080 ecclesiae
1259 3048 1271 3090 3
1319 3031 1366 3079 et
1389 3032 1532 3079 istum
1570 3046 1766 3078 sensum
1789 3030 1862 3078 vel
1895 3030 2100 3078 modum
2131 3031 2363 3094 loquendi

612 3128 712 3160 non
756 3115 988 3176 approbo.
1065 3113 1162 3160 Sed
1197 3128 1307 3160 vere
1344 3113 1514 3159 dicitur
1551 3113 1732 3158 ecclesia
1769 3127 1947 3174 corpus
1983 3112 2161 3160 Christi
2195 3113 2361 3175 mysti-

613 3194 762 3252 cum8,
801 3196 934 3257 quod
969 3195 1125 3242 verbis
1167 3193 1618 3256 praedestinationis
1661 3193 1867 3240 aeternis
1903 3201 1977 3240 est
2017 3208 2131 3241 cum
2166 3191 2360 3242 Christo

665 3369 679 3392 ¹
707 3383 782 3422 pro
802 3370 946 3423 uxore]
967 3371 1009 3410 in
1027 3383 1208 3417 uxorem,
1229 3371 1284 3409 D.
1407 3369 1424 3392 ²
1450 3370 1492 3409 in
1512 3369 1716 3422 Domino]
1756 3383 1782 3409 a
1802 3370 1999 3416 Domino,
2019 3369 2076 3409 D.
2185 3369 2201 3392 ³
2227 3369 2358 3422 idem]

614 3423 724 3469 illud,
746 3425 791 3463 B.
812 3425 1012 3464 secundae
1029 3438 1187 3464 manus·
1368 3423 1383 3446 4
1410 3423 1636 3476 celebrato]
1658 3423 1876 3470 celebrata,
1893 3424 2050 3464 A.B.C.
2244 3423 2260 3447 ⁶
2287 3436 2360 3463 no·

612 3477 782 3516 tandum
803 3479 883 3530 est]
905 3478 1131 3518 notandum
1153 3479 1228 3518 tibi
1248 3486 1322 3523 est,
1343 3478 1405 3518 ed.
1425 3491 1486 3530 pr.
1798 3478 1814 3501 ⁶
1841 3477 2059 3530 accipitur]
2081 3477 2286 3530 recipitur,
2307 3477 2356 3517 Β.

612 3531 811 3570 secundae
829 3545 974 3572 manus
991 3547 999 3578 ;
1032 3532 1203 3585 capitur,
1223 3532 1270 3572 Β.
1290 3533 1446 3584 primae
1465 3544 1621 3575 manus,
1642 3531 1706 3571 ed.
1726 3544 1787 3583 pr.
2062 3531 2078 3555 '¹
2107 3531 2354 3584 reputative]

613 3583 743 3622 solum
764 3586 1001 3636 reputative,
1023 3587 1077 3626 D.
1241 3587 1257 3610 ⁸
1286 3586 1522 3638 mysticum]
1543 3586 1728 3631 mixtum,
1748 3586 1812 3626 ed.
1831 3598 1894 3639 pr.

2484 1473 2496 1498 vt

2491 1732 2496 1745 ι

2485 1873 2496 1954 ἑ

2488 1956 2496 1987 ⁴:

2484 1991 2496 2013 κ’.

2487 2025 2496 2093 ξ

2487 2096 2496 2147 i.

2485 2150 2496 2208 ἒ

2486 2209 2496 2279 ἰ
