2424 4120
243 351 312 358 Δ...--.

339 457 447 512 394

267 581 383 622 Quibus
397 581 522 615 qualita-

267 616 348 642 tibus
361 615 521 655 beatorum

266 657 396 682 corpora
407 656 505 675 excel-

266 683 338 714 lant,
353 682 515 716 quaeritur.

1028 435 1455 500 JOANNIS
1523 437 1871 488 WICLIF
2171 456 2326 485 manv.

650 571 924 619 Phronesz's.
996 569 1245 618 Ponuntur
1269 570 1587 618 communiter
1612 578 1838 632 quattuor
1862 570 2000 619 dotes
2025 570 2244 633 corporis
2275 570 2326 617 in

581 653 747 710 beatiS,
772 651 951 700 scilicet
975 651 1066 699 dos
1090 650 1398 709 subtilitatis¹,
1426 651 1516 699 dos
1554 651 1789 709 claritatis,
1828 651 1919 699 dos
1955 651 2327 714 incorruptibili-

579 734 687 782 tatis
719 741 766 782 et
791 733 882 781 dos
907 733 1141 795 agilitatis.
1213 732 1320 781 Nec
1355 733 1593 791 mussites,
1620 733 1870 795 quomodo
1905 747 2122 783 summus
2147 733 2325 792 ‚artifex

578 822 738 878 potest
780 815 841 863 de
882 829 1038 877 pauca
1078 815 1279 862 materia
1319 821 1544 876 quattuor
1586 814 1936 862 elementorum
1977 829 2104 877 quae
2149 813 2237 862 fuit
2273 815 2325 862 in

576 897 789 954 homine,
814 896 917 944 illas
951 895 1089 944 dotes
1121 903 1348 958 quattuor
1379 894 1615 953 ordinare,
1647 910 1759 943 cum
1789 895 2020 942 subtilitas
2050 896 2102 942 in
2132 895 2246 958 igne
2277 902 2327 943 et

578 984 685 1026 ae're
726 984 901 1040 potest,
941 985 993 1025 ut
1031 976 1142 1025 Deo
1177 976 1423 1039 placuerit,
1463 976 1680 1038 adaptari
1694 992 1707 1035 ;
1761 983 1810 1024 et
1846 991 1932 1039 per
1965 976 2097 1025 idem
2131 976 2326 1024 claritas

577 1058 901 1106 connaturalis
924 1058 1117 1105 luminis
1142 1065 1300 1119 potest
1325 1071 1429 1105 esse
1455 1058 1505 1103 in
1529 1057 1617 1105 illis
1641 1058 1940 1119 corporibus,
1961 1058 2082 1106 sicut
2105 1057 2325 1106 videmus

576 1141 625 1186 in
649 1140 770 1187 vitro
795 1147 842 1187 et
867 1139 1109 1187 christallo
1134 1153 1246 1186 cum
1280 1138 1563 1199 corporibus
1589 1138 1956 1199 splendentibus
1979 1138 2049 1186 eis
2074 1137 2324 1186 similibus.

575 1221 638 1268 Et
673 1236 786 1268 cum
810 1220 1080 1268 secundum
1102 1218 1423 1281 philosophos
1448 1234 1510 1266 ex
1543 1219 1860 1281 proportione
1893 1219 2189 1281 aequalitatis
2219 1233 2328 1267 non*

575 1298 626 1345 fit
650 1298 789 1355 actio,
815 1296 953 1345 facile
986 1304 1061 1344 est
1090 1296 1199 1344 Deo
1232 1297 1599 1358 proportionare
1634 1296 1700 1343 sic
1733 1296 1972 1343 elementa
2006 1295 2070 1344 ad
2101 1296 2323 1354 invicem,

575 1379 821 1441 suspensis
858 1379 956 1426 suis
991 1377 1296 1441 qualitatibus
1329 1377 1507 1435 activis,
1541 1375 1675 1439 quod
1710 1392 1962 1439 nunquam
1997 1377 2056 1424 sit
2087 1377 2139 1424 in
2168 1377 2325 1440 patria

575 1461 699 1508 actio
724 1460 846 1507 inter
868 1460 960 1507 illa.
1033 1458 1151 1506 Non
1175 1459 1306 1506 enim
1339 1457 1564 1520 concipio
1598 1457 1733 1519 quod
1764 1457 1921 1505 forma
1952 1457 2076 1505 una²
2101 1459 2323 1507 substan-

574 1542 695 1590 tialis
720 1549 831 1603 agat
855 1541 905 1587 in
923 1540 1157 1602 reliquam
1183 1540 1285 1587 sine
1311 1538 1619 1601 qualitatibus
1637 1539 2324 1607 requisitisvinstrumentaliter

575 1623 638 1670 ad
663 1622 925 1684 agendum.
995 1621 1059 1669 Et
1084 1636 1196 1670 cum
1219 1620 1358 1669 facile
1395 1620 1453 1668 sit
1478 1619 1642 1667 Deum
1666 1619 1811 1666 talem
1847 1626 2064 1667 creatum
2099 1619 2326 1682 spiritum

575 1719 676 1751 non
696 1718 807 1751 cum
832 1704 1115 1765 corporibus
1141 1702 1284 1750 nimis
1308 1701 1534 1763 gravibus
1559 1715 1778 1758 onerare,
1803 1708 1965 1763 potest
1987 1700 2324 1749 facilitercum

575 1785 923 1846 proportionali
948 1784 1163 1845 potentia
1186 1783 1442 1845 agilitatem
1467 1782 1684 1844 corporis
1719 1783 1788 1829 eis
1821 1781 1950 1830 dare.
2018 1781 2104 1829 Ad
2116 1783 2325 1844 primum

575 1870 896 1927 argumentum
938 1873 1074 1912 tuum
1117 1871 1248 1926 patet
1289 1879 1350 1910 ex
1392 1863 1518 1911 istis³
1558 1863 1826 1924 responsio.
1917 1863 1967 1910 Si
2008 1864 2139 1911 enim
2177 1864 2324 1911 virtus

575 1946 870 1992 adamantini
895 1945 1068 2007 lapidis
1091 1952 1252 2007 potest
1277 1945 1433 1992 visum
1457 1951 1506 1991 et
1539 1945 1781 1992 actionem
1814 1958 2074 2007 corporum
2104 1945 2324 2007 gravium

576 2027 884 2087 suspendere,
934 2041 1081 2087 quare
1128 2040 1231 2072 non
1278 2032 1439 2087 potest
1485 2025 1598 2072 ista⁴²
1646 2025 1868 2072 coelestis
1924 2025 2323 2088 complexionalis

575 2108 776 2169 qualitas
798 2122 887 2169 pro
911 2115 1149 2168 perpetuo*
1172 2108 1386 2153 actiones
1410 2105 1759 2153 elementorum
1779 2106 2074 2168 suspendere
2097 2107 2147 2154 in
2169 2107 2323 2155 beatis

575 2189 874 2250 corporibus,
903 2187 1169 2249 specialiter
1203 2201 1316 2233 cum
1346 2187 1597 2248 qualitates
1622 2187 1802 2234 activae
1827 2202 1930 2234 non
1962 2187 2056 2235 sint
2087 2188 2138 2235 in
2169 2188 2324 2251 patria

574 2270 840 2331 requisitae.
913 2268 993 2315 Ad
1016 2269 1257 2314 secundum
1291 2275 1628 2328 argumentum
1659 2275 1796 2315 tuum
1827 2269 2102 2330 respondeo
2127 2276 2175 2317 et
2196 2269 2323 2328 dico,

574 2349 708 2412 quod
753 2358 835 2397 tua
881 2349 1068 2396 miratio
1115 2349 1338 2410 procedit
1385 2363 1446 2395 ex
1495 2347 1684 2396 defectu
1733 2349 1831 2396 veri
1877 2350 2114 2411 principii.
2191 2348 2323 2397 Nam

575 2446 780 2492 corpora
820 2432 962 2477 beata
1003 2430 1052 2476 in
1093 2429 1249 2491 patria
1289 2444 1461 2490 parum
1504 2429 1685 2476 habent
1729 2430 1788 2477 de
1831 2445 1958 2492 aqua
1992 2431 2067 2478 vel
2102 2438 2240 2489 terra,
2278 2439 2325 2479 et
2363 2476 2370 2491 ,.

573 2512 729 2573 magis
755 2511 814 2558 de
840 2517 949 2558 aere
972 2511 1046 2557 vel
1070 2511 1195 2573 igne.
1269 2510 1393 2557 Ideo
1421 2525 1533 2557 cum
1560 2518 1668 2557 sunt
1693 2526 1899 2573 corpora
1922 2511 2043 2559 levia
2066 2512 2117 2558 in
2140 2520 2323 2570 natura,

573 2593 790 2656 potentia
830 2591 1010 2639 motiva
1053 2591 1244 2654 spiritus
1286 2598 1447 2654 potest
1488 2591 1594 2653 ipsa
1641 2593 1910 2640 secundum
1949 2593 2085 2654 quod
2124 2592 2326 2641 voluerit

574 2675 766 2736 agitare.
852 2673 971 2720 Non
1012 2674 1143 2720 enim
1184 2672 1332 2720 debes
1367 2671 1662 2734 imaginari⁵,
1699 2673 1834 2734 quod
1875 2688 2052 2736 corpus
2093 2674 2221 2722 beati
2262 2670 2323 2722 sit

573 2771 715 2818 grave
753 2763 800 2802 et
842 2751 1199 2817 depressivum⁶
1239 2753 1450 2801 hominis
1483 2761 1538 2801 ut
1580 2753 1758 2802 sermm
1793 2753 1892 2801 vel⁷
1927 2754 2195 2816 plumbum,
2234 2754 2323 2803 sed

573 2844 716 2884 vento
752 2836 899 2898 longe
936 2836 1109 2899 agilius
1145 2843 1191 2883 et
1226 2835 1599 2883 delectationem
1633 2835 1844 2883 inferens
1879 2843 1927 2883 et
1954 2836 2012 2901 in
2047 2836 2178 2884 nullo
2215 2835 2321 2884 fati-

573 2919 835 2980 gationem.
916 2917 1001 2966 Ad
1043 2918 1226 2964 tertium
1269 2923 1608 2978 argumentum
1647 2923 1784 2963 tuum
1824 2915 2100 2978 respondeo
2146 2932 2321 2965 conce-

574 2999 751 3057 dendo,
793 2999 928 3061 quod
970 3013 1177 3060 corpora
1216 2998 1283 3045 sic
1323 2997 1559 3044 subtiliata
1594 3005 1798 3059 possunt
1833 3012 1885 3045 se
1921 3012 1981 3045 ex
2016 2997 2320 3047 ordinatione

571 3081 773 3129 Domini
807 3089 1083 3143 penetrare;
1132 3088 1180 3127 et
1215 3095 1326 3127 cum
1361 3079 1629 3141 penetratio
1663 3087 1709 3126 et
1733 3079 1971 3137 laceratio,
1996 3086 2049 3126 ut
2084 3093 2313 3142 suppono

573 3177 635 3210 ex
676 3161 927 3210 declaratis
976 3161 1102 3219 alibi,
1147 3161 1241 3208 sint
1287 3160 1524 3218 distincta,
1567 3168 1700 3223 patet
1746 3175 1807 3208 ex
1854 3159 1967 3208 hinc
2015 3175 2118 3223 non
2164 3161 2315 3223 sequi,

626 3338 640 3361 1
670 3338 761 3376 ‘dos
787 3336 1012 3375 subtilitatis’
1043 3335 1086 3374 in
1120 3334 1224 3375 Cod.
1255 3334 1301 3374 B.
1339 3339 1460 3386 atque
1488 3333 1551 3374 ed.
1581 3347 1641 3386 pr.
1678 3334 1799 3374 tertio
1828 3333 1950 3380 loco;
1992 3335 2035 3374 in
2068 3334 2173 3375 Cod.
2208 3335 2313 3376 A.C.

573 3391 707 3442 primo
735 3391 829 3430 loco
857 3390 992 3443 posita
1011 3394 1072 3429 est
1090 3403 1100 3438 ;
1137 3389 1217 3428 hoc
1237 3388 1397 3440 quidem
1419 3394 1540 3435 recte,
1560 3401 1653 3427 cum
1673 3387 1777 3427 infra
1805 3388 2009 3428 subtilitas
2036 3389 2170 3441 primo
2199 3401 2313 3429 eom-

573 3450 832 3484 memoretur.
996 3443 1011 3466 ²
1039 3443 1140 3494 una]
1163 3456 1244 3482 om.
1266 3442 1328 3482 ed.
1345 3455 1405 3494 pr.
1569 3442 1584 3465 ³
1612 3442 1720 3494 istis]
1741 3442 1833 3488 isto,
1854 3442 1916 3483 ed.
1937 3450 1998 3496 pr'.
2168 3441 2185 3465 ⁴
2211 3442 2311 3494 ista]

573 3498 655 3543 illa,
678 3499 740 3538 ed.
761 3512 821 3550 pr.
1040 3498 1055 3520 ⁵
1083 3497 1315 3549 imaginari]
1336 3497 1571 3548 imaginare,
1593 3496 1655 3536 ed.
1675 3509 1737 3548 pr.
1970 3496 1986 3520 ⁶
2013 3495 2310 3550 depressivum]

574 3552 849 3603 depressivum
870 3552 1054 3598 frustum,
1075 3552 1137 3591 ed.
1158 3564 1217 3603 pr.
1382 3550 1396 3573 ⁷
1425 3550 1508 3603 vel]
1531 3563 1611 3590 om.
1634 3551 1695 3591 ed.
1717 3563 1777 3602 pr.
