2436 4094
0 1588 13 1674 ξ

0 1706 13 1765 {⁴

162 447 299 477 cana.
766 426 1335 478 TRIALOG'US.

163 566 325 622 potest
348 560 400 608 in
423 561 546 609 ista?
603 560 726 609 Ideo
751 561 906 623 prima
939 569 1020 608 tua
1053 563 1280 610 instantia
1313 565 1427 612 satis
1458 563 1659 613 faciliter
1682 566 1861 614 tollitur
1884 581 1914 614 a

161 640 395 703 sophista,
419 650 468 690 et
491 642 559 690 sic
583 642 802 705 potentia
829 641 988 690 divina
1019 645 1300 692 terminatur
1323 646 1372 692 in
1405 648 1620 695 maximo
1645 648 1838 710 z'nfinz'lO,
1864 649 1914 695 in

161 721 297 783 quod
327 731 498 785 potest.
570 723 793 771 Potentia
824 732 986 771 autem
1020 734 1180 773 creata
1210 728 1491 774 terminatur
1510 729 1651 790 finito
1683 731 1913 787 maximo,

161 803 212 850 in
254 804 389 866 quod
435 812 609 867 potest.
681 804 744 852 Et
786 814 1023 867 quantum
1066 807 1128 854 ad
1168 809 1408 855 secundam
1452 818 1585 856 tuam
1628 811 1912 868 instantiam,

158 893 322 948 potest
342 885 451 949 ¹dici
487 886 811 948 probabiliter,
842 887 976 949 quod
1013 888 1134 935 si‘cut
1170 888 1305 937 Deus
1341 905 1443 936 non
1479 899 1640 953 potest
1675 892 1915 940 mundum

157 966 411 1015 meliorem
448 967 622 1026 facere,
660 968 781 1016 sicut
815 976 867 1016 tu
904 970 1143 1031 superflue
1181 973 1410 1032 evagaris,
1450 973 1518 1019 sic
1561 987 1708 1020 nemo
1750 982 1915 1036 posset

157 1048 331 1096 melius
354 1048 511 1097 facere
535 1064 685 1112 quarn
719 1049 847 1109 facit,
873 1059 1040 1112 posset
1070 1059 1235 1099 tamen
1261 1053 1299 1099 si
1326 1053 1460 1100 Deus
1494 1053 1707 1102 voluerit.
1781 1054 1910 1102 Nam

157 1130 198 1178 si
222 1130 394 1178 melius
417 1130 530 1179 facit
553 1146 701 1193 quam
727 1131 853 1189 facit,
879 1140 994 1180 tunc
1018 1135 1235 1195 potentia
1267 1150 1354 1181 sua
1387 1135 1603 1182 extendit
1629 1151 1680 1183 se
1707 1136 1770 1184 ad
1795 1151 1914 1184 con·

156 1211 469 1269 tradictoria¹,
511 1213 562 1260 in
609 1228 733 1275 quae
780 1213 915 1261 Deus
963 1230 1066 1261 non
1114 1224 1286 1276 potest.
1361 1215 1466 1263 Nec
1515 1218 1761 1279 appretior
1807 1226 1914 1265 tuas

157 1292 490 1342 distinctiones
526 1295 661 1343 fictas
698 1295 758 1342 de
796 1311 941 1343 sensu
978 1298 1253 1358 composito
1290 1306 1337 1344 et
1372 1297 1540 1353 diviso,
1566 1307 1612 1345 et
1639 1299 1706 1346 sic
1737 1299 1797 1347 de
1823 1300 1915 1347 sal-

156 1376 348 1424 vatione
395 1376 607 1424 hominis
655 1392 741 1439 per
782 1377 960 1435 Deum,
1004 1379 1198 1435 scilicet,
1242 1379 1378 1440 quod
1419 1379 1556 1427 Deus
1599 1396 1700 1428 non
1749 1389 1914 1444 potest

156 1457 339 1505 salvare
363 1457 628 1516 hominem,
650 1460 741 1506 nisi
767 1459 826 1507 de
851 1459 980 1507 facto
1008 1460 1277 1508 salvabitur.
1352 1461 1459 1508 Nec
1486 1462 1699 1523 sequitur
1722 1478 1783 1509 ex
1808 1464 1913 1513 isto,

154 1539 291 1601 quod
315 1539 451 1587 Deus
477 1541 536 1588 sit
559 1541 817 1602 impotens,
844 1543 1003 1603 potius
1028 1556 1176 1603 quam
1202 1543 1415 1604 sequitur
1440 1559 1500 1590 ex
1526 1543 1634 1599 hoc,
1655 1543 1790 1605 quod
1814 1560 1915 1591 non

153 1629 315 1683 potest
339 1636 390 1669 se
415 1622 577 1684 ipsum
609 1622 867 1670 destruere.
942 1622 1048 1670 Nec
1074 1624 1287 1684 sequitur
1320 1640 1380 1671 ex
1410 1621 1543 1681 isto²‚
1570 1625 1706 1686 quod
1740 1641 1914 1675 omnes

155 1703 401 1751 orationes
449 1703 762 1766 superfluunt,
807 1704 894 1752 sed
940 1706 1065 1751 bene
1105 1713 1178 1751 est
1220 1720 1386 1751 verum
1429 1714 1475 1752 et
1518 1721 1742 1768 sequens,
1780 1708 1915 1769 quod

154 1784 332 1832 multae
357 1785 603 1833 orationes
621 1786 832 1847 privatae
857 1793 905 1832 et
930 1785 1162 1847 speciales
1187 1795 1298 1833 sunt
1323 1786 1592 1847 superfluae
1618 1796 1664 1834 et
1691 1803 1913 1835 commu-

154 1866 277 1913 niter
309 1866 450 1914 stulte
482 1865 650 1924 factae,
676 1867 790 1929 quia
821 1867 940 1914 tales
972 1868 1217 1914 orationes
1250 1866 1427 1914 debent
1460 1882 1547 1929 per
1579 1868 1913 1916 conditionem

154 1933 358 2010 exprimi
381 1947 455 1994 vel
491 1947 660 1996 saltem
697 1948 1000 2009 subintelligi,
1038 1952 1049 1972 ‘
1066 1963 1188 2009 rogo
1214 1948 1377 1995 Deum
1413 1948 1547 2010 quod
1585 1949 1654 1996 sic
1689 1949 1847 2007 faciat,
1873 1951 1912 1998 si

153 2028 246 2076 sibi
282 2027 542 2092 placuerit!
613 2029 759 2078 Unde
795 2031 846 2077 in
880 2030 1080 2086 facetia³
1114 2030 1329 2077 humana
1363 2030 1532 2078 fratres
1568 2046 1668 2093 quo
1702 2032 1766 2079 ad
1799 2047 1915 2081 suos

153 2111 316 2162 socios
348 2112 552 2159 miseros
585 2113 863 2174 exprimunt
894 2114 985 2160 ista
1016 2114 1175 2160 verba.
1248 2112 1329 2160 Ad
1353 2114 1532 2160 tertiam
1565 2122 1698 2161 tuam
1732 2115 1913 2163 instan-

153 2193 271 2240 tiam
306 2193 432 2240 bene
468 2194 709 2256 concipio,
736 2193 869 2256 quod
894 2209 954 2241 ex
990 2194 1082 2242 ista
1107 2196 1345 2242 sententia
1380 2195 1494 2242 mali
1528 2204 1732 2257 possent
1769 2212 1912 2245 occa-

153 2274 349 2323 sionem
361 2275 596 2338 accipere,
615 2282 669 2323 ut
693 2291 754 2323 ex
773 2275 886 2323 inde
911 2284 1190 2338 perpetrent
1214 2276 1365 2323 multa
1388 2277 1530 2334 mala,
1550 2286 1597 2325 et
1623 2279 1688 2325 si⁴
1707 2288 1912 2340 possunt

154 2354 242 2406 de⁶
265 2353 395 2404 facto
430 2355 625 2404 faciunt.
698 2355 796 2405 Sed
830 2357 913 2419 qui
950 2363 1062 2405 sunt
1098 2357 1175 2415 illi,
1202 2365 1275 2404 est
1310 2358 1453 2406 nobis
1490 2356 1751 2420 ignotum⁶,
1791 2361 1912 2408 sicut

153 2445 228 2485 est
268 2437 388 2485 mihi
429 2438 745 2500 incognitum,
789 2447 950 2486 utrum
993 2439 1163 2502 aliquis
1207 2439 1397 2502 franget
1443 2441 1718 2488 necessario
1766 2451 1911 2503 caput

152 2533 333 2576 meum,
370 2527 418 2568 et
453 2520 580 2568 dicet
613 2520 665 2567 in
688 2521 790 2567 ”fine
826 2536 914 2582 per
949 2521 1314 2568 excusationem
1351 2537 1490 2569 suam
1532 2537 1759 2580 crassam,
1797 2538 1910 2570 cum

153 2599 483 2648 necessarium
517 2599 604 2648 fuit
639 2601 798 2662 ipsum
826 2602 893 2648 sic
917 2601 1090 2658 facere,
1116 2616 1218 2647 non
1244 2603 1400 2663 potuit
1425 2603 1619 2650 resilire.
1692 2602 1790 2650 Sed
1814 2619 1907 2666 ego

151 2681 367 2728 dicerem
403 2682 509 2739 sibi,
534 2681 670 2744 quod
703 2689 903 2743 propter
938 2681 1030 2729 tale
1059 2681 1240 2729 factum
1273 2683 1596 2730 irrationabile
1632 2685 1908 2731 necessario

151 2769 227 2810 est
250 2762 534 2825 culpanduS.
603 2762 667 2810 Et
690 2771 925 2824 quantum
949 2763 1011 2810 ad
1037 2763 1358 2811 cessationem
1391 2764 1645 2825 positionis
1674 2773 1722 2812 et
1755 2765 1927 2836 depo-x

151 2844 339 2892 sitionis
372 2845 424 2891 in
466 2852 566 2892 arte
607 2844 908 2906 obligatoria,
946 2844 1156 2891 donato⁷
1191 2844 1308 2891 mihi
1343 2845 1484 2892 istam
1520 2845 1756 2907 injuriam,
1795 2861 1906 2894 cum

150 2923 244 2972 ista
267 2925 318 2972 in
342 2924 653 2973 altercatione
686 2933 879 2987 tempus
913 2925 1235 2973 communiter
1266 2926 1554 2987 expenditur
1587 2926 1826 2988 superflue
1860 2935 1907 2975 et

0 3013 14 3046 ἵ
63 3035 65 3037 ·
151 3005 371 3064 inaniter,
394 3014 448 3054 ut
472 3005 640 3069 patet⁸.
715 3005 860 3054 Unde
886 3007 977 3054 nisi
1002 3006 1223 3054 fortiores
1256 3008 1467 3054 rationes
1500 3007 1742 3067 habueriS,
1769 3010 1906 3057 stabo

151 3087 294 3135 tacite
317 3087 369 3135 in
393 3102 505 3135 mea
528 3087 767 3136 sententia
790 3088 1116 3136 confirmatus.

207 3213 222 3237 ¹
250 3215 586 3268 contradictoria]
608 3216 988 3263 contradictionem,
1011 3217 1065 3256 D.
1341 3215 1357 3239 ²
1384 3229 1434 3257 ex
1453 3216 1552 3269 isto]
1575 3230 1656 3257 om.
1679 3218 1735 3258 D.
1760 3218 1823 3260 ed.
1845 3232 1905 3272 pr.

151 3266 168 3291 ³
195 3267 362 3321 facetia]
384 3269 478 3310 libri
496 3282 623 3333 manu
640 3270 780 3322 scripti
799 3270 952 3332 habent
967 3285 975 3310 :
990 3270 1167 3333 sacesia.
1296 3270 1311 3293 ⁴
1340 3270 1394 3323 si]
1416 3271 1487 3317 sic,
1509 3271 1662 3313 A.B.C.
1791 3272 1807 3295 ⁶
1834 3273 1904 3380 de]

150 3327 206 3368 et.
227 3322 331 3362 AB.
568 3324 584 3347 ⁶
612 3324 816 3378 ignotum]
836 3337 929 3364 mco
988 3331 1104 3370 itum,
1125 3324 1280 3365 A.B.C.
1302 3325 1365 3365 ed.
1386 3338 1447 3377 pr.
1684 3325 1700 3349 ⁷
1728 3326 1884 3367 donato

152 3375 319 3423 donate,
339 3375 495 3418 A.B.C.
515 3378 579 3419 ed.
600 3391 661 3431 pr.
773 3378 788 3401 ⁸
817 3385 931 3432 patet
973 3384 1150 3432 oportet,
1171 3379 1218 3419 C.
1241 3379 1441 3421 secundae
1461 3393 1618 3428 manus,
1640 3380 1708 3427 D„
1728 3381 1792 3422 ed.
1814 3394 1875 3434 pr.

2004 482 2006 484 -
2057 445 2155 504 157
