2436 4094
1021 427 1446 492 JOANNIS
1503 428 1853 478 WICLIF
2174 451 2322 480 mun.

574 572 646 613 est
665 571 852 611 meatus
872 561 1081 621 subtilis3
1118 569 1164 608 et
1183 577 1360 624 corpus
1378 561 1539 624 ipsum
1563 563 1788 625 operiens
1819 571 2016 611 vocatur
2038 565 2100 612 ab
2123 563 2323 613 Auctore

572 648 622 694 de
674 646 938 708 dzffirenlz'a
977 645 1173 705 spiritus
1214 649 1256 691 et
1292 645 1471 691 animae
1511 659 1687 707 corpus
1733 645 1925 703 nervile,
1967 653 2015 693 et
2056 646 2324 705 secundum

572 729 675 790 ejus
696 726 1040 788 dipositionem
1058 725 1283 773 homines
1301 726 1351 772 in
1369 725 1607 773 memoria
1625 733 1672 773 et
1690 726 2051 773 reminiscentia
2067 726 2322 774 variantur.

571 808 813 855 Memoria
837 807 1033 868 quidem
1060 807 1277 854 consistit
1301 807 1351 853 in
1375 807 1659 865 retentione,
1684 815 1917 869 tanquam
1940 807 2086 854 virtus
2105 807 2321 869 passivam

571 891 928 939 reminiscentia
952 904 1066 937 vero
1093 889 1310 937 consistit
1335 890 1385 936 in
1409 890 1641 947 discursu,
1667 898 1899 953 tanquam
1928 890 2077 947 obliti,
2102 890 2177 937 vel
2199 890 2323 938 illius

571 972 704 1034 quod
739 971 861 1032 sugit
894 986 922 1017 a
955 971 1205 1029 memoria,
1231 970 1294 1018 ad
1325 978 1487 1018 actum
1519 971 1709 1018 animae
1739 971 1996 1019 reductiva.
2073 969 2323 1029 Quantum

571 1061 732 1100 autem
758 1052 819 1099 ad
843 1067 1016 1100 omnes
1040 1052 1152 1099 istas
1185 1052 1380 1100 virtutes
1413 1059 1461 1099 et
1492 1052 1782 1100 variationes
1815 1053 1865 1099 in
1898 1052 1995 1099 suis
2029 1052 2321 1110 nominibus,

571 1150 683 1182 cum
722 1133 1100 1190 fundationibus,
1150 1132 1447 1190 differentiis,
1489 1140 1537 1180 et
1579 1133 1925 1181 convenientiis
1957 1148 2137 1191 earum,
2179 1133 2324 1181 debet

571 1216 828 1278 theologus
860 1215 1128 1276 relinquere
1162 1214 1386 1276 phisicisl
1423 1214 1683 1276 specialem
1716 1222 1985 1263 tractatum.
2057 1215 2158 1278 Ipsi
2191 1215 2323 1263 enim

571 1298 864 1345 convincunt
889 1298 951 1343 ab
983 1297 1289 1358 experientia,
1316 1296 1568 1358 quomodo
1601 1311 1662 1343 ex
1696 1296 1888 1345 defectu
1921 1298 2092 1360 organi
2123 1297 2324 1346 laeditur

571 1380 676 1427 talis
696 1380 856 1426 virtus.
918 1378 1024 1426 Nec
1045 1378 1270 1434 solicitor,
1290 1386 1450 1425 utrum
1473 1378 1578 1426 talis
1596 1378 1756 1436 virtus,
1776 1379 1851 1426 vel
1875 1380 2052 1437 anima,
2072 1379 2147 1427 vel
2166 1379 2322 1427 verius

571 1461 736 1518 homo,
754 1460 907 1508 taliter
930 1467 1168 1522 operatur,
1188 1460 1301 1521 quia
1325 1467 1509 1507 certum
1534 1467 1619 1517 est,
1646 1460 1778 1522 quod
1803 1460 1932 1508 nulla
1954 1461 2060 1508 talis
2083 1461 2228 1509 virtus
2251 1469 2322 1509 est

571 1558 661 1600 res,
687 1557 810 1604 quae
834 1549 993 1604 potest
1017 1557 1103 1603 per
1128 1557 1178 1589 se
1203 1542 1407 1589 existere
1433 1549 1515 1589 aut
1537 1556 1641 1589 rem
1670 1542 1967 1591 materialem
2000 1543 2320 1606 comprehen—

573 1624 700 1682 dere,
728 1623 814 1671 sed
840 1631 911 1670 est
936 1623 1190 1685 dispositio
1217 1624 1487 1671 consistens
1511 1623 1801 1671 mineraliter
1825 1624 1875 1672 in
1899 1625 1999 1673 istis
2019 1626 2226 1687 organis,
2247 1641 2322 1674 se-

573 1705 786 1752 cundum
806 1719 953 1766 quam
973 1704 1151 1751 animal
1170 1712 1241 1752 est
1260 1705 1414 1751 taliter
1433 1705 1685 1766 cognitum
1693 1705 1723 1753 ².
1784 1705 1905 1754 Ideo
1923 1721 2109 1755 errores
2127 1707 2319 1767 multOS,

573 1788 622 1833 in
655 1788 827 1848 quibus
861 1785 1020 1833 deficit
1051 1786 1249 1833 rationis
1285 1785 1532 1848 judicium,
1567 1796 1922 1850 consequentes
1951 1788 2322 1852 imaginationes

573 1868 790 1929 pueriles,
817 1867 960 1915 debet
978 1866 1132 1914 fidelis
1152 1874 1387 1925 excutere,
1414 1875 1460 1914 et
1479 1876 1712 1929 quantum
1731 1869 1927 1931 expedit
1949 1869 2013 1918 ad
2029 1870 2321 1919 intellectum
2387 1866 2398 1871 ’

574 1949 834 2010 scripturae
853 1963 910 1996 ac
935 1947 1137 1996 salutem
1156 1948 1359 2006 animae,
1383 1948 1442 1995 de
1461 1948 1563 1996 istis
1583 1949 1802 1996 notitiam
1819 1949 2067 1998 moderate
2087 1952 2319 2014 accipere.

640 2030 703 2077 Et
728 2030 787 2077 de
813 2030 1016 2092 objectis
1040 2029 1241 2077 istorum
1267 2029 1479 2091 quinque
1505 2045 1735 2078 sensuum
1759 2031 2040 2080 interiorum
2065 2041 2320 2081 tractatum

574 2111 830 2173 specialem
870 2107 1062 2172 reliqui³
1104 2111 1427 2172 perspectivis.
1514 2110 1591 2158 De
1634 2112 1839 2174 objectis
1879 2121 2040 2160 autem
2088 2129 2319 2163 sensuum

572 2192 925 2254 particularium
950 2192 1194 2253 relinquo*
1218 2200 1472 2240 tractatum
1498 2193 1725 2240 diffusum
1749 2194 2072 2258 philosopho⁵
2100 2197 2318 2246 naturali.

573 2269 823 2327 Quantum
864 2277 1024 2318 autem
1067 2270 1129 2317 ad
1169 2272 1332 2329 visum,
1368 2272 1570 2319 breviter
1607 2280 1752 2334 patet,
1793 2273 1926 2335 quod
1961 2275 2158 2323 sensus‘
2192 2275 2321 2324 visus

572 2352 784 2397 maxime
827 2348 912 2398 de⁷
947 2351 1218 2413 longinquo
1262 2352 1466 2414 percipit
1508 2368 1648 2400 suum
1690 2354 1950 2416 obJectum‚
1993 2363 2046 2403 ut
2085 2364 2218 2420 patet
2257 2357 2320 2406 de

572 2434 676 2480 luce
700 2434 773 2480 vel
811 2434 870 2481 de
907 2434 1082 2491 colore,
1108 2449 1231 2496 quos
1262 2435 1312 2481 in
1349 2435 1486 2482 astris
1524 2434 1692 2498 saepe⁸
1728 2437 1942 2499 percipit.
2013 2436 2132 2486 Post
2165 2439 2320 2486 visum

573 2522 735 2562 autem
770 2523 842 2563 est
876 2517 1062 2564 auditus
1096 2531 1267 2577 parum
1305 2516 1592 2578 depressior,
1620 2517 1702 2579 qui
1738 2533 1840 2565 non
1864 2533 1893 2565 a
1915 2525 2014 2566 tam
2049 2518 2325 2583 longinquo„

572 2598 771 2659 percipit
797 2609 936 2645 suum
962 2597 1198 2655 sensibile,
1225 2598 1358 2659 quod
1382 2605 1453 2646 est
1477 2613 1639 2656 sonuS,
1665 2614 1778 2646 cum
1803 2614 1832 2647 a
1856 2600 1986 2648 nube
2019 2615 2170 2649 sonus
2193 2601 2318 2649 toni-

571 2679 662 2726 trui
698 2678 760 2726 ad
801 2679 1070 2725 maximum
1109 2686 1182 2725 est
1219 2686 1490 2741 perceptus.
1561 2679 1678 2727 Non
1718 2680 1847 2728 enim
1888 2680 2027 2729 facile
2069 2689 2142 2729 est
2175 2682 2319 2731 nobis

571 2760 779 2817 credere,
830 2760 950 2807 sicut
997 2760 1220 2807 dixerunt
1266 2775 1452 2808 errores
1499 2758 1806 2823 antiquorum
1859 2748 2318 2825 philbsophantium,

571 2841 704 2904 quod
739 2857 825 2903 per
857 2842 1078 2888 virtutem
1108 2842 1367 2888 auditivam
1399 2842 1619 2890 armonia
1650 2843 2008 2891 confricationis
2040 2844 2318 2892 coelestium

571 2938 831 2985 corporum
867 2931 938 2970 est
972 2931 1214 2985 percepta,
1251 2923 1359 2970 licet
1395 2938 1454 2970 ex
1490 2925 1839 2972 consuetudine
1873 2924 2161 2972 inveterata⁹
2195 2926 2255 2973 sit
2290 2940 2320 2973 a

570 3004 845 3066 vulgaribus
880 3004 1168 3051 indistincta.
1239 3003 1408 3052 Tertio
1438 3012 1549 3066 post
1583 3005 1802 3052 virtutem
1838 3005 2139 3053 auditivam¹⁰
2172 3007 2318 3054 virtus

572 3086 804 3149 offactz'va,
843 3086 980 3148 eujus
1021 3100 1260 3147 organum
1304 3100 1476 3147 parum
1518 3093 1590 3133 est
1625 3085 1909 3147 depressius,
1951 3086 2154 3151 percipit
2195 3086 2317 3134 odo-

572 3181 688 3223 rem,
731 3166 816 3214 sed
866 3181 968 3214 non
1017 3174 1204 3213 tantum
1254 3165 1540 3224 distanter¹¹‚
1591 3166 1702 3214 licet
1750 3164 1988 3213 fumalis¹²
2034 3167 2315 3229 evaporatio

627 3299 640 3322 ¹
670 3299 854 3351 phisicis]
875 3299 1141 3352 philosophis,
1166 3300 1323 3340 A.B.C.
1345 3299 1408 3339 ed.
1428 3312 1488 3352 pr.
1599 3298 1615 3321 ²
1643 3299 1873 3352 cognitum]
1895 3300 2157 3352 cognitivum,
2174 3300 2236 3340 ed.
2253 3314 2316 3353 pr.

572 3352 586 3374 ³

541 3367 545 3413 ἱ
615 3353 776 3405 reliqui]
799 3353 1035 3405 relinquere,
1053 3354 1106 3392 D.
1121 3354 1183 3393 ed.
1202 3367 1264 3406 pr.
1373 3352 1387 3375 ⁴
1415 3353 1622 3406 relinquo]
1637 3354 1871 3405 relinquere,
1889 3354 1952 3394 ed.
1972 3367 2033 3406 pr,
2141 3355 2158 3378 ⁵
2183 3354 2317 3407 philo·

575 3406 727 3458 sopho]
749 3407 1048 3460 philosophiae,
1061 3408 1125 3447 ed.
1145 3420 1206 3459 pr.
1358 3407 1374 3430 ⁶
1402 3408 1658 3459 Quantum—
1669 3407 1827 3460 sensus]
1845 3421 1925 3448 om.
1939 3408 2044 3448 B.D.
2064 3409 2127 3448 ed.
2141 3421 2202 3461 pr.
2222 3414 2317 3448 ante

574 3461 673 3499 visus
686 3475 699 3499 ,-
719 3462 874 3500 addunt
890 3470 941 3500 ut.
1050 3461 1066 3484 ⁷
1094 3461 1164 3513 de]
1180 3475 1216 3506 a,
1237 3461 1342 3502 A.C.
1453 3462 1468 3484 ⁸
1497 3461 1635 3514 saepe]
1652 3462 1760 3507 satis,
1775 3461 1823 3502 C.
1835 3462 1989 3514 primae
2001 3474 2158 3508 manus»,
2174 3462 2238 3502 ed.
2253 3474 2314 3515 pr.

573 3512 588 3534 ⁹
618 3513 860 3566 inveterata]
875 3515 1018 3559 inolita
1031 3516 1083 3554 A.
1099 3529 1108 3560 ;
1128 3515 1315 3560 molesta,
1328 3516 1375 3554 B.
1447 3515 1477 3538 ¹⁰
1504 3515 1746 3568 auditivam]
1760 3516 1994 3555 auditiviam
2007 3515 2198 3568 sequitur,
2211 3516 2314 3556 A.B.

542 3594 546 3617 ,
575 3565 842 3618 D.C.p1·imae
851 3582 1006 3609 manus.
1063 3570 1091 3593 ¹¹
1112 3568 1327 3622 distanter]
1336 3569 1563 3616 distantior,
1574 3570 1636 3610 ed.
1651 3582 1711 3622 pr.
1767 3569 1796 3593 ¹²
1815 3569 1995 3622 fumalis]
2005 3569 2312 3623 situalis,ed.pr.

2062 3654 2246 3688 wrcmlv
