2424 4120
349 416 454 467 402
1025 399 1451 463 JOANNIS
1523 400 1883 449 WICLIF
2183 416 2336 447 uarv.
2422 430 2424 434 ι

589 549 778 596 poenae
802 547 976 581 vocare
997 536 1008 557 ⁴
1026 533 1281 582 stridorem
1306 534 1551 592 dentium,'
1573 534 1706 597 quod
1731 542 1804 583 est
1822 548 1984 596 poena
2002 524 2104 580 non
2122 531 2328 580 modica.

589 615 720 662 Nam
763 615 884 662 sicut
920 613 1107 676 gaudii1
1150 616 1393 663 bonorum
1434 616 1590 678 major
1627 631 1738 678 pars
1780 623 1853 664 est
1892 614 2220 678 perpetuitatis
2255 628 2330 661 se-

589 696 777 752 curitaS,
820 696 890 743 sic
937 710 1125 758 poenae
1168 695 1508 744 damnatorum
1548 698 1706 760 major
1745 712 1858 759 pars
1897 703 1970 744 est
2009 694 2334 749 damnationis

589 785 849 839 perpetuae
891 777 1236 828 inevitabilitas.
1319 777 1496 826 Utrum
1537 786 1699 826 autem
1743 792 1950 840 corpora
1991 776 2333 825 damnatorum

588 865 728 906 erunt
751 874 813 906 ex
849 859 1230 908 condensatione
1267 875 1500 923 oppressa
1525 868 1571 908 et
1607 860 1698 908 sibi
1731 859 1971 917 nocentia,
1997 865 2046 906 et
2079 857 2150 906 sic
2183 856 2335 904 multa

589 941 639 987 in
673 940 849 988 eodem
881 956 1030 1003 parvo
1063 941 1174 989 loco
1208 942 1420 990 indebite
1453 942 1707 1000 cumulata,
1730 949 1778 988 et
1809 941 1859 988 in
1891 955 1988 1003 qua
2019 938 2334 1003 proportione

589 1022 836 1070 habebunt
859 1022 966 1084 plus
991 1022 1050 1070 de
1074 1032 1199 1071 terra
1221 1031 1269 1071 et
1292 1040 1419 1087 aqua
1441 1039 1590 1086 quam
1615 1023 1675 1071 de
1700 1023 1803 1071 aliis
1827 1019 2092 1079 elementis}
2111 1019 2332 1082 relinquo

590 1103 1022 1166 theologisantibus
1055 1105 1410 1164 declarandum,
1437 1106 1559 1153 sicut
1590 1104 1725 1167 quod
1756 1118 1926 1151 avarus
1958 1096 2216 1150 damnatus
2249 1102 2335 1151 erit

590 1185 762 1233 eadem
798 1186 956 1233 scoria
991 1186 1183 1245 metalli,
1217 1201 1316 1249 quo
1349 1187 1530 1235 abusus
1565 1185 1731 1243 fuerat,
1765 1184 2016 1236 cruciatus.
2087 1181 2185 1231 Sed
2215 1182 2335 1230 mihi

590 1267 775 1315 videtur
815 1267 1080 1329 probabile,
1123 1282 1223 1330 quo
1265 1267 1336 1315 ad·
1374 1268 1518 1315 locum
1565 1267 1756 1330 inferni,
1799 1265 1933 1328 quod
1973 1264 2034 1313 sit
2076 1265 2126 1313 in
2171 1259 2335 1312 medio

590 1348 773 1406 mundi,
810 1348 1180 1397 distantissimus
1219 1364 1248 1396 a
1287 1349 1426 1397 coelo
1469 1356 1516 1396 et
1558 1363 1728 1396 carens
1770 1348 1952 1395 lumine
1993 1353 2042 1395 et
2083 1346 2335 1394 assistente

590 1445 795 1493 corpore
832 1430 1173 1479 consolatoriO.
1242 1430 1306 1478 Et
1339 1431 1406 1479 ita
1437 1430 1622 1478 videtur
1655 1430 1772 1477 mihi
1809 1429 1943 1492 quod
1977 1428 2193 1477 damnati
2223 1435 2338 1491 post

592 1512 722 1560 diem
742 1511 906 1575 judicii
929 1512 1109 1561 habent
1132 1513 1368 1575 majorem
1387 1511 1699 1560 desolationis
1717 1511 1968 1568 rationem,
1989 1525 2138 1574 quam
2155 1508 2337 1557 habent

591 1594 784 1651 diaboli,
811 1594 1034 1642 homines
1056 1593 1135 1641 hic
1159 1602 1412 1644 tentantes,
1484 1593 1602 1640 Non
1627 1601 1791 1641 tamen
1820 1592 1978 1640 audeo
2004 1592 2177 1649 dicere,
2203 1589 2337 1654 quod

590 1675 771 1723 habent
794 1691 854 1723 ex
878 1676 958 1723 tali
995 1676 1258 1724 tentatione
1291 1674 1688 1732 consolationem,
1715 1674 1802 1721 sed
1834 1673 2069 1721 damnum
2101 1687 2192 1735 pro
2215 1679 2336 1720 tem-

590 1772 709 1819 pore
744 1757 847 1805 viae
884 1756 973 1806 sibi
1009 1757 1219 1805 inferunt
1252 1756 1577 1819 undiquaque,
1616 1763 1663 1803 et
1699 1756 1766 1803 sic
1806 1769 2035 1803 sensuum
2069 1752 2337 1802 tenebratio

566 1860 569 1862 v
593 1838 861 1886 secundum
885 1839 1135 1897 rationem,
1162 1853 1258 1901 qua
1282 1838 1625 1901 poenalitatem
1650 1838 1719 1885 eis
1744 1835 1966 1894 intulerit,
1992 1835 2108 1899 ipsis
2132 1834 2271 1883 inest.
2327 1856 2330 1860 ’

1883 1905 1906 1926 0

1276 2133 1434 2181 CAP.
1470 2133 1652 2181 XLIV.

817 2256 892 2303 De
915 2257 1144 2305 bealorum
1167 2257 1371 2304 sensibus
1394 2263 1487 2304 tam
1512 2258 1706 2304 internis
1730 2272 1866 2318 quam
1891 2257 2112 2304 externis.

657 2378 862 2427 Alillzia.
933 2379 1092 2428 Video
1118 2379 1274 2437 frater,
1302 2379 1436 2441 quod
1461 2394 1563 2427 non
1589 2364 1840 2427 delectaris
1864 2379 1915 2426 in
1940 2378 2097 2427 verbis
2121 2378 2225 2426 istis
2247 2386 2340 2426 ter-

591 2461 805 2510 ribilibus
839 2460 1127 2520 fulminatis;
1165 2461 1251 2509 sed
1283 2475 1421 2523 rogo,
1449 2476 1560 2509 cum
1585 2461 1785 2508 materia
1808 2461 1901 2508 ista
1923 2467 2024 2508 tam
2048 2459 2164 2507 mihi
2189 2474 2338 2522 quam
2412 2491 2422 2494 -

590 2544 672 2590 tibi
696 2550 884 2590 tantum
910 2542 1171 2605 displiceat,
1198 2541 1274 2590 fac
1300 2542 1449 2590 finem
1472 2542 1522 2589 in
1546 2542 1747 2590 materia
1770 2541 1862 2590 alia
1883 2541 2025 2589 laude
2050 2541 2212 2603 digna.

657 2623 926 2671 Phronesis.
997 2623 1162 2672 Placet
1198 2623 1259 2671 de
1296 2623 1533 2672 sententia
1568 2638 1716 2685 quam
1751 2623 1830 2671 hic
1867 2622 1999 2671 dicis.
2069 2621 2133 2669 Et
2154 2621 2340 2670 videtur

590 2705 708 2752 mihi
732 2705 1004 2762 dubitabile,
1032 2705 1284 2768 quomodo
1310 2720 1482 2754 sensus
1514 2706 1758 2753 bonorum
1782 2712 1882 2752 tam
1914 2703 2158 2752 intrinseci
2190 2718 2338 2766 quam

277 2805 324 2832 De
337 2805 497 2832 beatorum
590 2787 844 2834 extrinseci
873 2787 922 2834 in
954 2788 1107 2849 patria
1142 2796 1281 2836 erunt
1316 2787 1455 2849 pasti.
1525 2786 1603 2835 De
1634 2786 1838 2834 sensibus
1870 2794 2033 2834 autem
2062 2785 2340 2834 extrinsecis

275 2873 387 2906 ‘emm
589 2870 790 2928 videtur,
826 2868 959 2931 quod
999 2869 1062 2917 ibi
1101 2868 1461 2916 exercitabitur2
1502 2869 1635 2916 solus
1676 2869 1805 2916 visus
1848 2876 1929 2915 aut
1965 2875 2135 2916 tactus,
2220 2865 2338 2917 Non

590 2951 721 2998 enim
756 2951 843 2998 erit
877 2951 943 2998 ibi
967 2965 1165 2999 necesse
1203 2951 1377 2998 sentire
1412 2950 1660 3012 gustabile,
1686 2965 1798 2997 cum
1833 2964 1981 2997 nemo
2015 2949 2082 2996 ibi
2116 2955 2340 3012 pascetur

591 3033 770 3080 cibario
812 3031 1065 3094 corporali,
1109 3039 1156 3080 et
1196 3047 1309 3079 cum
1349 3031 1540 3079 fumalis
1581 3031 1859 3093 evaporatio
1906 3027 2087 3078 ibidem
2133 3029 2337 3078 omnino
2421 3091 2424 3094 Α

591 3114 754 3172 deerit,
779 3113 902 3179 sicut
926 3113 1148 3162 refractio
1172 3113 1320 3161 medii
1352 3112 1415 3160 ad
1451 3127 1628 3175 corpus
1663 3112 1873 3160 solidum
1908 3111 2043 3174 quod
2074 3119 2147 3160 est
2171 3125 2337 3169 sonuS,
2419 3102 2424 3103 ⁷

589 3195 773 3243 videtur
797 3195 931 3257 quod
966 3202 1061 3242 tres
1098 3209 1268 3243 sensus
1303 3194 1450 3242 medii
1486 3208 1588 3241 non
1624 3193 1891 3241 secundum
1920 3207 2034 3242 suos
2069 3201 2205 3241 actus
2226 3207 2338 3256 pro-

589 3278 720 3339 prios
745 3275 810 3324 ibi
834 3284 986 3325 erunt.
1055 3275 1132 3323 De
1157 3276 1263 3322 visu
1287 3282 1448 3323 autem
1473 3290 1570 3338 quo
1596 3275 1659 3322 ad
1690 3274 1865 3323 faciem
1898 3275 2114 3338 corporis
2136 3273 2338 3322 Domini

591 3367 663 3406 est
705 3359 906 3406 dubium
948 3358 1077 3420 apud
1119 3357 1311 3415 multos,
1355 3372 1466 3404 cum
1508 3371 1610 3405 non
1651 3356 1844 3418 proprie
1884 3353 1985 3404 vel3
2024 3356 2130 3404 sine
2177 3369 2335 3404 errore

559 3531 564 3554 i
644 3487 658 3508 ¹
687 3486 844 3538 gaudii]
865 3486 1026 3538 gaudia,
1049 3486 1093 3524 B.
1117 3485 1273 3537 primae
1292 3498 1450 3530 manus,
1470 3484 1533 3524 ed.
1553 3498 1614 3536 pr.
1816 3484 1832 3507 ²
1859 3482 2164 3536 exercitabitur]
2185 3483 2334 3524 excita·-

559 3564 564 3602 2
590 3539 711 3585 bitur,
733 3540 796 3579 ed.
819 3554 877 3592 pr.
1137 3540 1151 3562 ³
1171 3539 1255 3591 vel]
1278 3552 1359 3578 om.
1382 3539 1429 3578 B.
1452 3539 1606 3591 primae
1627 3551 1783 3584 manus,
1804 3539 1867 3579 ed.
1888 3552 1948 3591 pr.
