2496 4108
402 489 507 543 300

1099 466 1522 532 JOANNIS
1593 468 1949 519 WICLIF
2234 487 2393 517 πλαιν.

643 601 874 663 possidet,
900 615 1001 648 non
1033 608 1191 663 potest
1220 616 1328 648 esse
1363 615 1502 649 meus
1536 601 1849 663 discipulus².’
1923 601 2192 661 Quomodo
2228 608 2391 650 autem

642 682 858 730 Christus
892 682 1112 744 intelligit
1142 683 1559 730 renunciationem
1591 683 1642 729 in
1664 682 1760 730 hoc
1784 684 1932 731 verbo
1965 683 2262 746 evangelico,
2285 683 2390 746 ipse

639 771 686 810 et
728 765 832 826 eJus
875 764 1079 825 apostoli
1122 779 1209 826 per
1255 764 1673 812 conversationem
1716 779 1982 827 pauperem
2023 766 2138 813 satis
2181 764 2388 824 docent;

637 859 751 891 nam
777 859 927 906 opera
957 843 1134 892 Christi
1158 851 1205 891 et
1235 859 1434 892 suorum
1472 845 1819 907 discipulorum
1856 854 1967 894 sunt
1998 846 2234 908 interpres
2265 845 2391 908 opti-

637 939 746 972 mus
782 925 902 987 legis
940 941 1069 972 suae.
1142 925 1366 973 Similiter
1391 930 1522 973 ‘non
1558 934 1631 973 est
1668 941 1831 973 servus
1862 927 2019 989 major
2041 926 2260 975 Domino
2283 926 2389 975 suo’

635 1021 726 1053 nec
763 1006 1025 1068 discipulus
1062 1022 1205 1069 super
1244 1006 1579 1069 magistrum²z
1634 1007 1721 1055 sed
1764 1007 1936 1056 sufficit
1971 1007 2209 1071 discipulo
2243 1015 2296 1056 ut
2331 1007 2391 1056 sit

636 1087 756 1135 sicut
797 1088 1025 1150 magister
1073 1088 1228 1145 suus⁸,
1275 1096 1327 1135 ut
1376 1088 1492 1137 dicit
1533 1087 1754 1137 Christus
1797 1089 1970 1137 Matth.
2014 1105 2060 1137 x.
2147 1089 2211 1137 Et
2251 1089 2390 1137 cum‘

635 1167 852 1216 Christus
878 1170 938 1216 sit
961 1170 1190 1231 magister
1213 1170 1426 1232 optimus
1451 1178 1498 1217 et
1522 1169 1765 1218 Dominus
1790 1170 2115 1229 dominorum,
2140 1178 2188 1219 et
2214 1185 2389 1218 omnes

635 1250 831 1310 praelati
868 1250 1045 1298 debent
1081 1266 1186 1299 esse
1223 1252 1344 1298 servi
1378 1251 1520 1314 hujus
1554 1251 1756 1298 Domini
1799 1259 1943 1314 atque
1985 1252 2217 1315 discipuli,
2253 1260 2388 1315 patet

635 1332 768 1392 quod
803 1347 905 1379 non
941 1332 1119 1380 debent
1155 1347 1301 1395 supra
1334 1332 1582 1380 Christum
1619 1333 1783 1380 extolli
1818 1333 1869 1380 in
1902 1333 2120 1381 dominio
2157 1334 2386 1394 seculari;

635 1413 721 1460 sed
746 1412 964 1462 Christus
1001 1414 1113 1461 dicit
1149 1414 1322 1462 Matth.
1356 1415 1448 1462 viii.
1485 1414 1619 1477 quod
1655 1414 1802 1462 Filius
1845 1414 2056 1462 hominis
2098 1430 2200 1462 non
2241 1416 2388 1464 habet

634 1494 715 1540 ubi
758 1503 901 1557 caput
943 1510 1083 1542 suum
1125 1495 1360 1554 reclinet⁵,
1398 1505 1504 1554 etc.,
1541 1496 1636 1544 hoc
1679 1504 1751 1543 est
1792 1511 1895 1543 non
1933 1495 2076 1544 habet
2111 1495 2388 1546 humanitus

635 1565 910 1624 seculariter
944 1585 990 1624 et
1025 1578 1340 1639 proprietarie
1375 1577 1692 1625 dominando.
1764 1576 1878 1636 Qua
1913 1592 2031 1640 ergo
2066 1577 2225 1626 fronte
2261 1579 2387 1641 epis-

634 1657 745 1717 copi
781 1657 930 1704 nostri
971 1656 1184 1705 Caesarii
1223 1658 1402 1706 audent
1443 1659 1493 1705 in
1538 1658 1755 1706 dominio
1799 1659 1923 1706 civili
1960 1673 2012 1706 se
2049 1659 2117 1707 sic
2159 1658 2387 1707 extollere

634 1753 778 1800 supra
804 1738 1082 1787 Christum?
1134 1741 1254 1788 sicut
1279 1740 1443 1788 Lucae
1468 1741 1580 1788 xxii.
1605 1741 1835 1803 magister
1859 1741 2072 1803 optimus
2103 1741 2244 1788 istam
2277 1756 2387 1789 sen-

633 1821 833 1867 tentiam
871 1822 939 1868 sic
977 1821 1166 1878 decidit,
1193 1822 1392 1884 quando
1419 1826 1429 1846 ‘
1447 1822 1573 1870 facta
1596 1830 1670 1869 est
1705 1822 1944 1870 dissensio
1980 1823 2103 1870 inter
2127 1822 2387 1886 discipulos

633 1899 763 1962 Jesu,
790 1902 896 1963 quis
924 1917 1092 1949 eorum
1116 1903 1353 1950 videretur
1378 1918 1483 1951 esse
1509 1902 1695 1965 major,'
1722 1911 1769 1950 et
1799 1912 1853 1951 ut
1886 1911 2100 1966 apparet,
2127 1903 2241 1951 dicit
2263 1903 2386 1952 fides

635 1982 867 2043 evangelii
903 1986 913 2006 ‘
931 1982 1178 2031 videretur’
1213 1983 1276 2031 ad
1309 1983 1657 2041 denotandum,
1688 1985 1823 2046 quod
1854 1984 2065 2047 loquitur
2097 1985 2159 2033 de
2191 1985 2386 2048 majori-

634 2070 729 2109 tate
771 2064 979 2111 sensibili
1019 2079 1117 2126 quo
1161 2065 1222 2112 ad
1260 2065 1512 2112 mundum.
1585 2069 1597 2090 ‘
1614 2064 1778 2128 Reges
1818 2066 2035 2127 gentium
2074 2065 2388 2114 dominantur

636 2158 819 2201 eorum,
853 2152 899 2191 et
935 2145 1017 2206 qui
1052 2153 1342 2207 potestatem
1378 2146 1558 2194 habent
1595 2161 1739 2208 super
1773 2161 1874 2204 eos,
1901 2147 2107 2194 benefici
2137 2155 2385 2206 vocantur,

634 2239 722 2271 vos
758 2233 920 2272 autem
957 2241 1059 2273 non
1085 2227 1180 2274 sic!
1230 2227 1315 2274 sed
1351 2228 1432 2289 qui
1468 2228 1626 2290 major
1661 2235 1732 2276 est
1767 2229 1817 2274 in
1842 2229 1995 2285 vobis,
2021 2228 2105 2276 fiat
2139 2229 2312 2287 minor,
2337 2238 2386 2277 et

632 2307 715 2368 qui
756 2321 1038 2368 praecessor
1079 2316 1164 2365 est,
1202 2309 1286 2356 fiat
1322 2309 1447 2356 sicut
1481 2306 1833 2356 ministrator⁶.'
1902 2309 1979 2356 Ex
2020 2311 2195 2372 quibus
2229 2311 2386 2359 verbis

631 2388 946 2449 evangelicis⁷
964 2396 1096 2450 patet
1119 2389 1225 2437 luce
1246 2389 1432 2448 clarius,
1453 2390 1587 2452 quod
1607 2389 1825 2438 Christus
1845 2390 2092 2453 distinguit
2110 2392 2172 2440 de
2190 2392 2386 2455 majori-

631 2475 726 2515 tate
774 2469 1024 2517 mundana
1070 2478 1117 2517 et
1163 2472 1432 2533 maj0ritate
1482 2472 1760 2533 simpliciter
1800 2487 1900 2534 quo
1949 2472 2013 2520 ad
2054 2472 2231 2532 Deum,
2275 2488 2387 2521 cum

629 2550 836 2610 primam
861 2550 1182 2613 majoritatem
1207 2560 1343 2599 notat
1370 2568 1457 2614 per
1483 2552 1894 2601 dominationem⁸
1918 2568 2090 2616 regum
2107 2551 2407 2616 genffliumi.

629 2637 675 2676 et
717 2645 829 2677 curn
870 2640 1067 2694 propter
1109 2634 1359 2695 antiquam
1399 2634 1799 2682 consuetudinem
1842 2642 1890 2682 et
1930 2636 2064 2683 bona
2103 2634 2164 2683 de
2204 2650 2384 2698 genere

627 2710 701 2758 vel
724 2712 925 2760 moralia
957 2728 1079 2776 quae
1104 2714 1392 2772 immiscent,
1417 2724 1649 2763 vocantur
1679 2712 1925 2775 benefici⁹,
1953 2723 2001 2764 et
2025 2717 2296 2779 specialiter
2323 2732 2385 2764 ex

627 2791 723 2840 hoc
748 2794 884 2855 quod
908 2795 1042 2843 bona
1065 2796 1350 2858 temporalia
1374 2796 1491 2844 dant
1515 2798 1756 2859 subjectis,
1776 2806 1822 2844 et
1846 2797 2130 2845 subtrahunt
2153 2797 2213 2846 de
2237 2798 2385 2846 male·

629 2874 746 2922 ficiis
772 2890 896 2937 quae
923 2891 1148 2925 exercere
1173 2878 1396 2940 poterint,
1422 2878 1534 2926 licet
1563 2879 1757 2941 saepius
1789 2879 1883 2926 sint
1907 2879 2108 2941 tyranni.
2181 2878 2279 2927 Sed
2311 2895 2386 2928 se-

628 2956 839 3004 cundam
872 2958 1194 3020 majoritatem
1218 2960 1511 3020 apostolicam
1535 2960 1771 3021 exprimit,
1798 2974 1910 3007 cum
1935 2960 2214 3022 simpliciter
2237 2970 2385 3024 negat

626 3036 755 3084 illam
795 3038 906 3085 viris
948 3040 1237 3102 evangelicis
1279 3041 1454 3088 debere
1491 3049 1783 3102 competere,
1817 3056 1930 3088 cum
1963 3041 2226 3104 subJ'ungit,
2263 3046 2381 3092 ‘vos

627 3126 787 3166 autern
806 3134 908 3167 non
928 3121 995 3168 sic
1012 3120 1045 3168 1'
1094 3120 1237 3170 Unde
1257 3121 1385 3169 illam
1403 3122 1676 3183 negativam
1694 3130 1829 3169 notat
1846 3122 2160 3171 Bernhardus
2176 3124 2382 3172 multum

627 3199 689 3247 ad
713 3214 892 3262 papam
909 3200 1189 3265 Eugenium.
1249 3202 1346 3250 Sed
1371 3211 1724 3265 consequenter
1749 3202 1968 3251 Christus
1987 3204 2209 3263 declarat,
2229 3217 2380 3268 penes

682 3333 696 3357 ¹
725 3347 809 3374 non
828 3336 1422 3389 renunciaverit—discipulus]
1445 3350 1527 3377 orn.
1548 3338 1601 3377 A.
1621 3337 1685 3377 ed.
1705 3351 1767 3390 pr.
1944 3337 1960 3361 ²
1987 3339 2378 3392 nec—magistrum]

629 3400 710 3427 om.
732 3389 835 3428 A.B.
857 3390 920 3429 ed.
940 3403 1002 3442 pr.
1194 3392 1208 3414 ³
1238 3392 1342 3431 sicut
1361 3392 1556 3443 magister
1575 3391 1691 3443 suus]
1712 3405 1794 3432 om.
1816 3391 1920 3432 A.B.
1941 3393 2005 3433 ed.
2026 3405 2087 3445 pr.
2282 3393 2298 3416 ⁴
2324 3394 2380 3434 Et

629 3441 742 3493 curn]
765 3455 870 3488 cum,
892 3444 989 3484 B.C.
1010 3444 1073 3484 ed.
1093 3457 1155 3497 pr.
1332 3447 1348 3468 ⁵
1374 3446 1689 3497 ubi—reclinet]
1712 3459 1793 3485 om.
1814 3447 1867 3485 A.
1887 3446 1950 3486 ed.
1970 3460 2031 3499 pr.
2206 3446 2222 3470 ⁶
2249 3453 2291 3487 et
2309 3448 2378 3499 qui

629 3496 953 3548 —ministrator]
976 3511 1058 3538 om.
1079 3500 1180 3539 AB.
1201 3499 1265 3539 ed.
1285 3513 1347 3552 pr.
1484 3500 1499 3522 ⁷
1527 3499 1792 3551 evangelicis]
1814 3513 1896 3540 om.
1917 3500 2072 3540 A.B.C.
2205 3500 2220 3523 ⁸
2247 3502 2376 3541 domi-

628 3549 856 3601 nationem]
877 3551 1264 3599 denominationem,
1285 3554 1349 3593 ed.
1370 3567 1430 3606 pr.
1633 3555 1647 3576 ⁹
1676 3553 1868 3606 benefici]
1889 3554 2128 3601 beneficiati,
2153 3555 2198 3594 B.
2219 3555 2375 3607 primae

629 3614 784 3647 manuS‚
805 3605 867 3644 ed.
887 3618 947 3655 pr.
