2496 4108
277 435 379 490 270

1027 419 1453 484 JoANNJS
1510 419 1862 471 WJCLJF
2170 439 2333 470 mm.

580 554 730 617 plices
778 554 842 602 ad
882 553 1258 616 improbandum
1300 553 1688 616 possibilitatem¹
1731 552 1991 602 identitatis
2036 553 2330 618 hujusmodi.

581 635 712 683 Nam
743 635 881 698 juxta
904 635 1045 682 istam
1080 634 1386 696 phantasiam
1422 635 1662 697 quaelibet
1693 649 1806 697 pars
1838 635 2152 697 quantitativa
2175 650 2330 698 quan-

579 717 723 765 titatis
748 716 1078 779 permanentis
1101 716 1175 763 vel
1198 717 1429 778 temporis
1453 723 1621 778 posset
1645 715 1930 764 identificari
1964 716 2169 774 cuilibet,
2195 716 2331 780 quod

581 798 741 846 statim
777 798 1008 860 probatur
1042 812 1150 845 esse
1186 798 1497 860 impossibile.
1568 796 1700 845 Nam
1736 797 1775 845 si
1809 797 1906 845 hoc
1940 797 2235 846 verificatum
2271 797 2332 857 sit

582 879 643 927 de
679 878 725 925 A
759 878 920 941 pedali
959 879 1100 936 linea,
1142 886 1257 927 tunc
1299 879 1539 942 quaelibet
1586 879 1689 941 ejus
1730 877 1871 940 pars²
1905 879 2219 940 quantitativa
2257 884 2332 925 est

580 959 780 1022 pedalis,
806 969 853 1008 et
887 961 1061 1007 iterum
1086 960 1329 1022 quaelibet
1359 975 1549 1008 summe
1573 975 1734 1022 parva,
1760 959 1896 1022 quod
1928 960 2019 1007 sibi
2051 959 2145 1022 ipsi
2175 959 2333 1008 mani-

580 1040 700 1089 feste
738 1041 1060 1089 contradicit⁸.
1132 1041 1254 1089 Ideo
1291 1042 1382 1089 ista
1416 1041 1588 1104 opinio
1624 1041 1944 1089 identificatur
1979 1041 2200 1104 opinioni
2239 1040 2332 1088 im-

579 1122 798 1185 possibili
822 1130 965 1185 atque
989 1122 1271 1170 haereticae.
1333 1122 1396 1170 Et
1421 1121 1687 1170 conformis
1706 1130 1777 1170 est
1801 1123 1922 1170 ratio
1942 1121 2002 1171 de
2020 1129 2256 1186 tempore,
2281 1128 2331 1170 et

581 1204 796 1265 quolibet
828 1203 1121 1266 assignando
1136 1220 1148 1263 ;
1198 1219 1312 1251 nam
1355 1204 1394 1251 si
1417 1203 1463 1250 A
1486 1203 1805 1251 identificatur
1836 1203 1892 1261 B,
1925 1212 2042 1264 tunc
2075 1205 2334 1267 utrumque
2409 1199 2411 1201 ’

582 1284 771 1332 illorum
795 1293 1025 1342 remanet,
1052 1300 1165 1332 cum
1197 1284 1491 1332 destructum
1522 1299 1625 1332 non
1659 1283 1976 1333 identificatur
2007 1285 2096 1334 sed
2118 1298 2334 1334 corrum-

582 1367 708 1428 pitur
741 1366 815 1414 vel
851 1366 1028 1414 desinit
1063 1381 1198 1425 esse;
1253 1373 1301 1413 et
1337 1366 1376 1413 si
1415 1373 1674 1428 utrumque
1714 1365 1904 1414 illorum
1944 1367 2179 1425 remanet,
2213 1374 2331 1415 tunc

583 1455 770 1495 tantum
812 1447 1038 1496 differunt
1081 1448 1203 1495 sicut
1243 1447 1417 1509 primo,
1460 1455 1508 1495 et
1549 1463 1636 1510 per
1672 1462 1980 1510 consequens
2019 1447 2245 1496 differunt
2279 1436 2334 1496 in

585 1545 803 1588 numerO,
843 1538 891 1578 et
932 1531 1000 1578 sic
1043 1530 1106 1579 ad
1147 1546 1344 1578 sensum
1385 1531 1660 1592 expositum
1695 1545 1797 1578 non
1832 1539 1944 1579 sunt
1983 1530 2129 1579 idem'.
2175 1529 2334 1578 ⁴Nam

585 1618 716 1673 patet
758 1611 818 1659 de
854 1612 1023 1660 virtute
1060 1613 1312 1670 sermoniS,
1350 1613 1389 1660 si
1430 1619 1687 1674 utrumque
1722 1612 1914 1660 illorum
1951 1619 2182 1671 remanet,
2216 1614 2335 1661 ‘tunc

585 1692 664 1740 illa
694 1701 883 1754 ponunt
915 1694 965 1740 in
997 1708 1267 1751 numerum,
1294 1701 1342 1741 et
1374 1709 1461 1756 per
1494 1709 1800 1756 consequens
1833 1693 2142 1742 numeraliter
2166 1693 2335 1742 distin-
2391 1682 2394 1685 ⁴

585 1780 808 1835 guuntur.
882 1773 1106 1822 Similiter
1124 1775 1163 1822 si
1182 1775 1340 1837 aliqua
1358 1774 1712 1823 identificantur
1731 1775 1793 1823 ad
1818 1790 2015 1824 sensum
2039 1775 2333 1838 expositum,
2416 1792 2419 1794 “

587 1862 701 1902 tunc
727 1863 917 1916 oportet
949 1855 1081 1918 quod
1114 1871 1285 1904 omnes
1320 1856 1616 1904 differentiae
1649 1872 1819 1904 eorum
1855 1858 1972 1905 sint4
1996 1858 2141 1906 etiarn
2164 1855 2336 1905 identi-

589 1935 784 1983 ficatae⁵
798 1952 810 1995 ;
859 1937 972 1998 quia
1007 1937 1248 1999 quaelibet
1282 1937 1550 1985 differentia
1581 1946 1820 2000 repugnat
1853 1938 1933 1985 tali
1957 1937 2336 1997 identificationi,

590 2023 637 2063 et
671 2031 757 2078 per
791 2016 921 2064 idem
957 2018 1345 2065 convenientiae⁶
1381 2017 1538 2066 forent
1573 2019 1921 2068 identificatae⁷
1955 2019 2250 2078 differentii8‚
2287 2024 2339 2068 et

589 2113 666 2145 res
699 2099 844 2146 unius
880 2099 1058 2161 speciei
1083 2100 1150 2146 rei
1182 2099 1372 2148 alterius
1408 2101 1601 2162 speciei,
1628 2101 1763 2163 quod
1798 2109 1970 2149 notum
2006 2109 2080 2149 est
2113 2100 2337 2150 claudere

591 2179 1030 2228 contradictionem
1055 2181 1104 2227 in
1129 2181 1359 2228 terminis.

359 2314 399 2334 na
413 2306 463 2333 ion
657 2260 859 2309 Alz’thz'a.
931 2260 1137 2320 Quietor
1154 2262 1205 2308 in
1223 2262 1314 2309 ista
1337 2262 1521 2309 ratione
1546 2262 1732 2324 triplici,
1759 2263 1893 2325 quod
1916 2278 2019 2311 non
2043 2271 2205 2326 potest
2227 2279 2336 2312 esse

350 2338 534 2408 {gegssfgfff
591 2339 902 2389 identificatio
927 2357 1074 2404 quam
1101 2343 1313 2405 signasti.
1389 2342 1485 2390 Sed
1509 2358 1632 2405 rogo
1658 2344 1771 2391 tolle
1796 2346 2159 2409 impanationem,
2186 2345 2336 2409 quae⁸

393 2428 401 2436 '
591 2437 620 2469 a
666 2423 956 2485 quibusdam
998 2424 1410 2486 pseudofratribus
1452 2424 1563 2471 fuit⁹
1605 2432 1751 2483 tenta,
1795 2425 1909 2474 sic¹⁰
1948 2426 2168 2475 videlicet
2204 2427 2339 2490 quod

592 2502 756 2550 sicut11
792 2503 1067 2552 humanitas
1103 2513 1150 2552 et
1183 2505 1404 2552 divinitas
1436 2506 1487 2552 in
1519 2505 1712 2554 Christo
1745 2515 1856 2555 sunt
1886 2507 2134 2570 utraque¹²
2164 2509 2339 2557 eadem

592 2599 804 2646 persona
826 2585 991 2644 Verbi,
1019 2587 1087 2634 sic
1111 2588 1252 2649 panis
1275 2595 1323 2634 et
1348 2602 1524 2650 corpus
1550 2587 1727 2636 Christi
1753 2597 1864 2637 sunt
1886 2590 2056 2638 virtute
2078 2583 2339 2638 verborum

592 2667 1013 2715 sacramentalium
1037 2667 1168 2715 idem
1194 2669 1514 2730 suppositum.
1586 2668 1791 2718 Videtur
1807 2671 1939 2718 enim
1963 2686 2025 2719 ex
2049 2672 2206 2721 verbis
2228 2658 2338 2730 tuis,

591 2747 724 2809 quod
748 2748 908 2796 innuis
932 2750 1075 2797 istam
1099 2750 1240 2797 viam.
2321 2746 2326 2750 ’

658 2829 928 2878 Phronesz‘s.
1003 2830 1121 2878 Sum
1146 2839 1317 2890 certUS,
1343 2831 1478 2894 quod
1510 2832 1746 2880 sententia
1777 2834 1867 2881 ista
1900 2834 2244 2897 impanationis
2267 2843 2340 2884 est

591 2910 900 2972 impossibilis
925 2919 1069 2975 atque
1105 2912 1357 2971 haeretica,
1383 2921 1431 2960 et
1460 2921 1657 2975 propter
1690 2913 1787 2962 hoc
1820 2915 1997 2977 quod¹³
2026 2917 2278 2964 tenebatur
2310 2931 2340 2964 a

592 2990 797 3040 multis¹4
819 2992 1230 3055 pseudofratribus
1263 2994 1372 3056 plus
1405 3003 1640 3056 suspecta.
1716 2995 1848 3043 Sicut
1880 2997 2011 3044 enim
2043 2996 2160 3045 est¹⁵
2195 3012 2339 3060 argu·

648 3147 662 3169 ¹
690 3148 1026 3200 possibilitatem]
1048 3149 1436 3201 impossibilitatem,
1456 3150 1518 3190 ed.
1540 3163 1602 3202 pr.
1910 3151 1926 3173 ²
1953 3151 2067 3204 pars]
2088 3165 2171 3192 om.
2191 3151 2255 3193 ed.
2276 3165 2339 3205 pr.

592 3200 608 3224 ³
636 3202 1065 3255 quod—contradicit]
1096 3204 1169 3243 sed
1197 3217 1300 3256 quae
1331 3204 1473 3256 opinio
1505 3204 1582 3243 sibi
1611 3204 1690 3257 ipsi
1723 3204 1977 3246 manifestius
2006 3206 2262 3253 contradicit,
2282 3207 2338 3253 D.

593 3253 609 3277 ⁴
638 3256 738 3307 sint]
762 3262 869 3302 sunt,
884 3258 947 3296 ed.
963 3270 1024 3309 pr.
1134 3258 1150 3281 ⁵
1176 3257 1466 3310 identificatae]
1483 3258 1698 3304 identifice,
1715 3259 1777 3299 ed.
1794 3272 1855 3312 pr.
1966 3259 1982 3283 ⁶
2009 3260 2336 3312 convenientiae]

597 3312 921 3361 consequentiae,
942 3311 1006 3350 ed.
1021 3325 1083 3364 pr.
1247 3312 1262 3334 ⁷
1290 3312 1581 3365 identificatae]
1599 3312 1815 3359 identifice,
1835 3313 1899 3353 ed.
1918 3326 1980 3366 pr.
2169 3315 2185 3337 ⁸
2213 3314 2336 3367 quae]

595 3375 698 3413 quae
716 3369 789 3411 est,
811 3365 857 3404 B.
877 3365 1034 3418 primae
1052 3378 1211 3411 manus,
1231 3366 1295 3406 ed.
1315 3379 1376 3419 pr.
1541 3367 1556 3389 ⁹
1583 3366 1679 3419 fuit]
1701 3380 1784 3407 orn.
1804 3368 1867 3408 ed.
1887 3381 1949 3420 pr.
2064 3368 2096 3392 ¹⁰
2123 3367 2199 3420 sic]
2220 3369 2338 3414 sicut,

595 3417 658 3455 ed.
677 3430 738 3468 pr.
853 3454 856 3458 ,
958 3419 987 3443 ¹1
1016 3419 1140 3472 sicut]
1161 3433 1243 3461 om.
1265 3420 1328 3461 ed.
1348 3433 1409 3473 pr.
1675 3421 1706 3445 ¹2
1733 3421 1923 3475 utraque]
1943 3425 2170 3474 utrumque,
2190 3422 2253 3462 ed.
2275 3434 2338 3475 pr.

596 3469 645 3561 ῗᾶ
654 3471 784 3523 quod]
812 3485 894 3512 om.
921 3473 984 3513 ed.
1014 3487 1075 3525 pr.
1297 3474 1326 3499 1⁴
1354 3474 1514 3527 multis]
1543 3474 1691 3522 stultis,
1717 3475 1782 3516 ed.
1801 3489 1863 3528 pr.
2088 3476 2118 3500 ¹⁶
2144 3475 2226 3528 est]
2254 3489 2338 3540 om.

650 3537 737 3575 .pr.
