2436 4094
699 322 1456 394 PROLEGOMENA.
1967 357 2029 410 31

7 531 18 546 ⁴-
135 496 163 512 ··
189 478 304 543 Etsi
342 477 441 527 duo
489 477 579 527 soli
623 478 731 527 libri
778 482 837 527 et'
873 478 1160 541 Trialogum
1208 485 1256 527 et
1305 476 1709 544 Supplementum
1758 475 2038 530 exhibeant,

35 593 40 605 1
124 567 320 619 nonnisi
343 583 470 616 unus
493 567 623 616 hunc
645 577 899 617 tractatum
918 568 1152 631 Trialogo
1176 567 1268 630 ipsi
1291 582 1392 615 uno
1417 565 1556 630 quasi
1578 573 1747 613 tenore
1772 564 2040 613 succeden-

67 649 222 720 fiam
260 658 505 720 praebeat,
541 665 706 706 tamen
745 673 849 706 non
890 658 1065 706 desunt
1105 639 1318 718 vestigia,
1360 656 1536 719 quibus
1576 662 1752 717 pateat,
1795 653 2040 717 discipulis

62 728 297 802 'wichfi
331 745 461 794 hunc
495 751 753 794 tractatum
787 746 943 794 visum
979 761 1086 794 esse
1123 754 1254 793 arcta
1288 744 1502 808 quadarn
1537 743 1892 792 necessitudine
1926 757 2040 791 cum

69 826 86 887 J
120 823 354 898 Trialogo
392 835 719 898 conjunctum.
791 835 981 884 Scilicet
1018 836 1069 883 in
1107 835 1284 898 duplici
1321 835 1553 883 librorum
1594 842 1642 882 et
1681 841 1970 883 tractatuum
2010 850 2040 884 a
2076 867 2078 869 -

63 904 88 992 θ’,
107 921 312 992 ‘Wicfifo
337 924 725 987 conscriptorum
756 923 931 982 indice,
958 924 1040 986 qui
1064 924 1114 971 in
1138 923 1387 972 codicibus
1412 921 1880 971 Vindobonensibus
1914 921 2036 989 (No.

4 1014 14 1025 ²
59 996 91 1065 j}
111 1006 223 1079 §91
267 1019 315 1060 et
363 1027 477 1074 393,
527 1009 700 1076 De‘nz’s)
757 1011 1145 1074 deprehenditur,
1192 1019 1420 1060 tractatus
1476 1012 1565 1060 iste
1615 1016 1626 1037 ‘
1644 1011 2035 1075 supplementum

1 1113 5 1126 ³
118 1096 352 1164 ‘Etialogi'
387 1100 667 1164 appellatur,
693 1101 782 1149 etsi
817 1101 867 1148 in
901 1108 1106 1163 utroque
1143 1100 1394 1163 dupliciter
1429 1100 1711 1148 inscribitur.
1785 1100 1847 1148 In
1884 1100 2035 1148 altero

118 1189 251 1239 euim
287 1187 430 1255 (393)
467 1190 768 1238 invenimus:
823 1194 835 1215 ‘
851 1189 929 1238 De
969 1189 1227 1238 dotacione
1269 1189 1472 1237 ecclesie
1515 1204 1601 1237 seu
1643 1189 2035 1251 supplementum

49 1259 356 1346 thtialogiff
407 1277 458 1326 in
493 1278 643 1326 altero
677 1293 792 1326 vero
831 1276 1001 1343 (391):
1058 1277 1491 1341 ‘Supplementum
1530 1277 1733 1340 trialogi,
1770 1277 1822 1326 id
1859 1286 1932 1325 est
1974 1278 2036 1326 de
2073 1294 2076 1299 ·

69 1372 71 1374 ’
96 1355 377 1417 ³dotacione
418 1367 635 1426 ecclesie,
678 1375 726 1416 et
768 1367 912 1416 debet
954 1375 1078 1415 stare
1120 1367 1396 1414 immediate
1437 1374 1551 1429 post
1588 1365 1874 1429 trialogum.'
1959 1366 2036 1415 Cf.

4 1473 8 1487 ³
116 1452 362 1516 Smm,
380 1456 426 1506 A
453 1456 706 1521 Catalogue
722 1458 785 1522 qf
794 1458 867 1505 the
894 1456 1119 1521 Orzsgz‘nal
1148 1457 1306 1506 Works
1329 1455 1524 1521 ossolm
1551 1457 1732 1520 leclg‘f}
1753 1456 1867 1506 Oxf.
1893 1459 2036 1518 1865,

115 1559 165 1610 p.
190 1546 253 1606 56
279 1560 365 1610 sq„
390 1547 673 1610 praesertim
696 1563 743 1610 p.
770 1549 848 1596 62.
876 1548 955 1595 68.

134 1643 138 1648 '
181 1633 368 1684 Verum
392 1637 537 1684 etiam
560 1637 831 1695 adversarii,
852 1637 934 1700 qui
959 1636 1037 1685 illa
1060 1643 1215 1684 aetate
1239 1635 1515 1693 floruerunt,
1536 1642 1790 1683 tractatum
1815 1643 2035 1683 nostrum

3 1743 6 1744 ⁷
58 1740 61 1742 ’
91 1731 168 1797 {ut
189 1723 426 1788 Trialogo
449 1740 696 1774 annexum
719 1733 1128 1773 commemorant.
1191 1724 1306 1772 Duo
1334 1732 1463 1772 certe
1494 1724 1593 1782 viri,
1619 1724 1702 1786 qui
1726 1724 1860 1772 initio
1887 1724 2035 1772 seculi

94 1802 214 1871 ³XV
243 1813 471 1862 adversus
495 1813 743 1862 Wiclifum
774 1813 974 1877 ejusque
1010 1812 1216 1861 asseclas
1250 1812 1556 1875 scripserunt,
1589 1820 1635 1859 et
1666 1811 1953 1874 Trialogum
1986 1822 2035 1859 et

117 1896 522 1965 supplementum
553 1902 774 1965 Trialogi
807 1901 1064 1965 appellant.
1140 1901 1439 1950 Guz'lz'elmum
1474 1901 1795 1965 Wooajfordum
1828 1900 2035 1948 dicimus

115 1999 260 2057 atque
288 1991 511 2041 1710mam
539 1991 828 2040 Waldensem.
900 1990 986 2039 Ille
1006 1991 1056 2038 in
1076 1990 1490 2039 commentatione
1508 1989 1767 2051 inscripta:
1805 1993 1816 2013 ‘
1832 1989 2033 2037 Articuli

35 2087 42 2110 -’
88 2095 90 2097 ’
113 2078 352 2146 'johannis
402 2080 591 2129 Wiclefi
643 2079 808 2143 Angli,
863 2080 1134 2143 impugnati
1192 2095 1224 2128 a
1279 2079 1514 2128 Wz‘llzelmo
1575 2077 1844 2142 Woajfordoss
1901 2079 2033 2142 apud

113 2167 412 2218 Edwardum
435 2169 634 2228 Brown,
662 2173 674 2195 ‘
689 2169 967 2218 Fasciculus
998 2185 1159 2217 rerum
1183 2169 1565 2232 expetendarum
1589 2176 1638 2216 et
1661 2167 2032 2231 fugiendarum,'

33 2270 47 2297 ἐ
114 2256 275 2308 Lond.
307 2259 452 2322 1690,
477 2258 508 2308 f.
533 2259 680 2308 Tom.
713 2274 754 2306 1.
779 2274 825 2322 p.
858 2269 969 2320 217,
996 2262 1008 2283 ‘
1028 2255 1377 2322 Supplementi'
1403 2257 1704 2306 mentionem
1728 2257 1879 2321 injicit
1903 2257 2032 2320 capi-

110 2347 175 2398 tis
196 2347 350 2413 quinti
366 2347 530 2397 locum
549 2347 759 2411 aliquem
784 2347 1006 2396 afferens
1058 2347 1158 2396 Hic
1181 2348 1232 2396 in
1251 2362 1398 2411 opere
1424 2346 1682 2409 inscripto:
1720 2349 1731 2371 ‘
1747 2346 2031 2394 Doctrinale

112 2437 449 2501 antiquitatum
472 2436 585 2486 fidei
607 2436 838 2486 ecclesiae
863 2433 1155 2495 catholicae,’
1177 2436 1332 2500 capite
1355 2451 1416 2495 24
1435 2435 1542 2484 libri
1559 2435 1716 2499 primi,
1743 2435 2031 2483 sententiam

91 2524 326 2589 :aliquam
354 2526 524 2589 capitis
549 2527 579 2572 8
608 2526 732 2588 (ipse
756 2527 979 2575 nominat
1003 2541 1044 2574 c.
1062 2522 1113 2590 9)
1141 2541 1202 2574 ex
1223 2529 1234 2550 ‘
1251 2525 1591 2588 supplemento
1619 2524 1822 2587 trialogi'
1847 2525 2030 2582 recitat,

111 2628 207 2664 nec
231 2629 334 2663 non
358 2614 462 2663 aliis
485 2614 536 2662 in
557 2614 677 2663 locis
700 2622 956 2663 tractatum
979 2615 1125 2663 istum
1147 2615 1348 2662 nomine
1372 2614 1469 2662 hoc
1494 2613 1718 2677 appellat.

113 2713 119 2741 2'
183 2702 292 2752 Nec
317 2702 539 2766 discipuli
563 2710 647 2752 aut
678 2703 935 2751 adversarii
968 2703 1058 2751 soli
1091 2703 1157 2751 ita
1181 2702 1392 2750 sensisse
1425 2701 1662 2759 videntur,
1688 2699 1775 2750 sed
1799 2700 2031 2764 magister

85 2800 165 2858 set
192 2800 362 2841 auctor
393 2792 498 2856 ipse
531 2791 997 2841 commentationem
1029 2791 1158 2839 hanc
1193 2806 1307 2839 cum
1331 2790 1566 2854 Trialogo
1600 2797 1729 2839 arcte
1761 2790 2028 2853 conjunxit.

113 2880 342 2946 Namque
382 2890 497 2946 post
531 2882 701 2945 capitis
742 2881 885 2945 primi
925 2881 1113 2929 initium
1154 2880 1292 2929 locus
1328 2880 1499 2943 aliquis
1534 2879 1751 2942 Trialogi
1787 2879 1853 2928 ita
1894 2894 2030 2927 com-

114 2981 425 3032 memoratur,
465 2980 519 3022 ut
557 2972 637 3021 hic
678 2980 907 3021 tractatus
948 2985 1060 3034 pars
1103 2970 1345 3035 quaedam
1387 2969 1606 3032 Trialogi
1648 2984 1756 3018 esse
1798 2969 2029 3017 videatur.

109 3059 244 3113 >Cum
268 3063 400 3111 enim
433 3062 638 3125 scriptor
669 3061 802 3124 leges
835 3060 1073 3124 quasdam
1099 3064 1110 3086 ‘
1126 3060 1347 3109 recitatas
1381 3058 1573 3108 decimo
1607 3058 1778 3121 quinto
1811 3065 1858 3105 et
1891 3057 2030 3105 sede-

34 3167 68 3194 ’τε
115 3151 245 3201 cimo
269 3152 489 3217 capitulis
513 3152 669 3215 quarti
693 3151 812 3203 libri'
838 3151 1060 3215 appellet,
1084 3150 1216 3199 haud
1241 3150 1374 3198 aliter
1397 3149 1606 3212 loquitur
1630 3162 1687 3196 ac
1713 3147 1752 3197 si
1785 3147 1835 3195 in
1859 3147 2031 3210 quinto

113 3240 336 3304 ejusdem
360 3241 523 3304 operis
546 3240 669 3289 libro
694 3240 954 3290 scribendo
980 3246 1119 3289 esset.
1191 3238 1396 3287 Prorsus
1421 3237 1600 3286 eodem
1634 3235 1787 3285 modo
1811 3234 2031 3300 Joannes

92 3328 335 3395 ‘’Wiclifus
359 3330 411 3378 in
433 3329 739 3379 voluminosa
769 3330 862 3389 illa,
888 3329 976 3378 sed
1007 3329 1138 3376 hunc
1172 3342 1327 3390 usque
1352 3326 1415 3375 ad
1449 3326 1579 3374 diem
1603 3339 1802 3388 prorsus
1834 3324 2031 3383 inedita,

114 3414 362 3467 ‘'Summa'
386 3417 524 3468 locos
547 3418 788 3487 quosdam
812 3419 1029 3482 priorum
1051 3417 1244 3481 q‘usdem
1268 3415 1430 3478 operis
1453 3414 1701 3473 librorum,
1725 3414 1858 3462 verbi
1883 3427 2033 3461 causa

95 3498 277 3570 [operis
312 3505 390 3564 De
425 3506 659 3566 Domz'm'O‚
698 3507 749 3555 in
787 3507 1024 3556 lectorum
1062 3504 1351 3553 memoriam
1388 3518 1614 3552 revocare
1653 3502 1789 3551 solet.
1859 3501 2033 3565 Itaque

0 3593 42 3662 ᾗ]
91 3591 240 3646 ‘haec
275 3594 456 3646 citandi
490 3595 649 3646 forma
684 3596 887 3645 innuere
918 3594 1118 3653 videtur,
1151 3594 1215 3642 ab
1250 3601 1447 3642 auctore
1483 3592 1591 3656 ipso
1629 3590 2035 3656 Supplementum

8 1574 13 1582 J

26 1611 31 1613 ⁸
44 1617 51 1625 θ

4 1986 8 2000 ῑ
31 1987 50 2014 ‘¹2¹'

42 2015 51 2024 ⁴

6 2104 18 2112 -.
43 2118 47 2122 .

17 2199 41 2207 »γ

34 2317 39 2326 ε

36 2507 39 2514 ⁷

30 2543 36 2553 ι

24 2587 43 2606 ς

38 2614 44 2623 t

2 2795 20 2815 ,ή-
37 2791 39 2794 ⁴

6 2854 33 2876 ξι.

4 2886 38 2901 .”

11 2929 30 2954 ’ζ

37 2980 39 2982 “

0 3005 38 3027 „ff

13 3087 31 3122 ἐξ

22 3115 37 3143 {⁷⁶

11 3144 41 3167 φ,

29 3218 63 3237 2*—

23 3445 30 3456 C

19 3458 28 3472 ι

0 3654 29 3833 ‘22er

56 3814 68 3819 Ι
