2436 4094
273 415 283 423 ’
336 459 436 508 104
1007 441 1435 503 JoANNJS
1504 442 1853 492 WJCLJF
2175 461 2316 490 mn.

540 584 543 619 ι
570 575 693 633 fidei,
714 575 824 623 ideo
847 575 925 622 illa
949 583 1033 632 est,
1054 574 1126 622 ut¹
1154 577 1525 637 pernecessaria,
1551 576 1735 624 homini
1761 566 2111 640 amplectenda.
2183 574 2314 624 Sicut

568 658 697 704 enim
721 665 794 704 est
826 657 1151 704 necessarium
1184 656 1310 706 fideli
1342 657 1548 716 credere,
1575 658 1709 720 quod
1732 658 1868 706 Deus
1901 666 1987 716 est,
2013 666 2061 706 et
2085 657 2219 720 quod
2242 664 2315 704 est

567 745 898 784 remunerator
938 739 1195 796 bonorum,
1238 740 1307 787 sic
1349 747 1420 786 est
1463 741 1787 787 necessarium
1829 740 1893 786 illi
1935 739 2144 797 credere,
2181 737 2315 800 quod

567 819 757 880 spiritus
782 820 996 866 manebit
1019 828 1254 882 perpetuo
1287 829 1398 882 post
1430 820 1555 869 hanc
1587 822 1747 869 vitam.
1818 820 1925 870 Nec
1959 829 2070 870 sunt
2102 820 2314 883 argutiae

567 900 917 947 haereticorum
954 901 1131 962 dignae
1174 903 1409 949 memoria
1424 919 1436 961 ;
1492 911 1698 964 arguunt
1734 905 1878 960 enim,
1917 902 2050 965 quod
2082 903 2122 950 si
2155 902 2315 963 aliqua

565 980 721 1028 forma
762 982 821 1028 sit
863 982 1195 1044 corruptibilis,
1234 990 1281 1030 et
1319 983 1492 1030 educta
1529 984 1588 1031 de
1625 985 1842 1045 potentia
1882 985 2125 1042 materiae,
2161 983 2314 1030 multo

563 1064 718 1125 magis
759 1065 958 1111 materia
999 1064 1276 1126 dispositior
1316 1073 1363 1112 et
1405 1065 1596 1127 dignior
1636 1066 1831 1113 habebit
1875 1066 2085 1112 formam
2125 1064 2186 1112 de
2227 1079 2318 1112 sua

562 1146 777 1207 potentia
801 1146 869 1193 sic
892 1146 1118 1193 eductam
1136 1163 1147 1205 ;
1185 1147 1383 1194 materia
1407 1147 1616 1194 hominis
1641 1147 1834 1195 habebit
1858 1146 2067 1194 formam
2091 1147 2315 1195 substan-

562 1228 722 1275 tialem
742 1236 788 1276 et
806 1243 893 1290 per
912 1243 1219 1290 consequens
1240 1229 1600 1291 corruptibilem
1619 1230 1687 1277 sic
1706 1230 1960 1288 eductam;
1999 1228 2316 1277 concedenda

561 1309 659 1356 est²
683 1309 947 1366 conclusio,
974 1310 1087 1371 quia
1119 1311 1295 1368 anima,
1321 1325 1445 1372 quae
1478 1310 1575 1357 est3
1601 1311 1831 1358 animatio
1863 1319 2060 1372 propter
2082 1309 2314 1372 gratiam⁴

561 1392 780 1452 perpetui
806 1391 1013 1452 spiritus,
1036 1391 1103 1438 sic
1129 1391 1347 1438 educitur
1371 1399 1417 1438 et
1442 1393 1763 1453 corrumpitur
1786 1393 1836 1439 in
1861 1393 2076 1455 potentia
2095 1390 2315 1454 ejusdem

561 1473 788 1520 materiae
823 1473 1149 1534 subjectantis.
1222 1471 1330 1519 Nec
1362 1472 1518 1530 video,
1547 1473 1784 1521 subducta
1815 1473 1905 1521 hac
1939 1474 2046 1532 fide,
2073 1473 2136 1522 ad
2167 1487 2314 1535 quem

561 1553 733 1599 finem⁵
751 1555 859 1615 quis
884 1555 1125 1601 meritorie
1150 1554 1425 1611 laboraret⁶‚
1448 1554 1534 1601 sed
1553 1562 1802 1617 tamquam
1825 1555 2058 1618 insipiens
2082 1555 2314 1603 frueretur

559 1634 701 1681 bonis
738 1636 1056 1692 sensibilibus,
1095 1635 1211 1682 dum
1247 1635 1324 1682 hic
1363 1636 1486 1683 vivit.
1561 1634 1694 1682 Sicut
1734 1651 1853 1698 ergo
1894 1644 2065 1684 natura
2093 1636 2314 1684 ordinate

559 1717 776 1777 procedit
818 1717 1128 1765 ascendendo
1170 1718 1220 1764 in
1268 1716 1449 1774 formis,
1493 1718 1562 1765 sic
1611 1726 1683 1765 est
1731 1717 1845 1765 dare
1886 1718 2145 1766 terminum
2189 1717 2317 1766 illius·

560 1799 871 1855 ascensionis,
916 1799 999 1860 qui
1035 1800 1268 1847 terminus
1305 1807 1375 1846 est
1413 1799 1575 1846 anima
1611 1800 1911 1847 intellectiva.
1981 1798 2104 1847 Ideo
2147 1798 2313 1847 dicunt

559 1879 782 1926 abstracti
823 1879 1114 1942 philosophi,
1161 1880 1295 1942 quod
1335 1882 1441 1942 ipsa
1481 1888 1667 1927 creatur
1707 1881 1758 1927 in
1800 1879 2014 1928 confinio
2056 1878 2311 1928 orizontis⁷

559 1961 875 2019 aeternitatis;
931 1966 1117 2008 creatur
1157 1962 1302 2019 enim,
1347 1976 1459 2008 cum
1502 1961 1561 2008 sit
1596 1961 1763 2008 infima
1803 1961 2115 2023 intelligentia
2162 1976 2311 2024 quam

558 2041 692 2088 Deus
717 2042 952 2103 producit,
978 2057 1070 2090 nec
1094 2043 1236 2090 video
1270 2043 1332 2091 ad
1365 2042 1482 2104 quid
1514 2051 1719 2103 oportet,
1746 2043 1880 2104 quod
1904 2043 1954 2090 in
1979 2042 2150 2090 mundi
2175 2044 2310 2106 prin-

558 2124 683 2184 cipio
720 2124 769 2171 in
807 2139 895 2171 suo
931 2124 1176 2171 individuo
1214 2124 1520 2186 producatur,
1564 2125 1650 2171 sed
1686 2124 1807 2172 sicut
1851 2125 2088 2187 paulative
2129 2125 2312 2187 produ-

557 2212 730 2251 cuntur
776 2206 1017 2263 materiae,
1062 2206 1130 2253 sic
1178 2207 1299 2254 ratio
1346 2206 1506 2267 exigit,
1549 2214 1601 2254 ut
1647 2206 1754 2254 illae
1802 2206 2146 2268 intelligentiae
2193 2215 2311 2255 tunc

556 2287 786 2348 temporis
812 2287 906 2334 sint
939 2295 1125 2334 creatae
1141 2303 1153 2346 3
1192 2296 1238 2335 et
1271 2289 1336 2335 ita
1368 2287 1536 2336 etiam⁸
1562 2297 1806 2335 creaturae
1839 2288 2110 2350 peccabiles
2146 2287 2310 2336 Deum

555 2369 846 2416 necessitant
871 2369 933 2416 ad
958 2369 1238 2417 creandum.
1312 2369 1408 2416 Sed
1433 2376 1534 2416 tota
1565 2369 1644 2418 illa
1675 2370 1982 2418 necessitatio
2017 2370 2312 2432 originaliter

554 2458 626 2496 est
650 2465 678 2497 a
702 2449 828 2507 Deo,
857 2459 904 2498 et
928 2451 1019 2498 ista
1044 2451 1222 2498 creatio
1242 2451 1409 2499 infima
1438 2451 1631 2512 requirit
1665 2450 2035 2512 dispositionem
2065 2452 2316 2518 materiae,-

558 2546 659 2578 non
693 2533 917 2580 obstante
951 2533 1085 2595 quod
1119 2533 1177 2580 sit
1209 2533 1386 2591 libera;
1437 2547 1528 2579 nec
1562 2541 1632 2581 est
1665 2533 1734 2581 vis
1768 2548 1857 2594 pro
1891 2548 1991 2595 quo
2016 2534 2211 2581 instanti
2236 2533 2314 2581 vel

555 2627 651 2673 qua
686 2621 840 2660 aetate
873 2614 1009 2675 pueri
1042 2614 1117 2661 ille
1152 2614 1345 2676 spiritus
1378 2613 1591 2661 homini⁹
1628 2613 1890 2677 copuletur.
1961 2605 2148 2662 Dicitur
2177 2613 2309 2661 enim

555 2695 892 2752 communiter,
937 2695 1071 2756 quod
1109 2695 1287 2742 animal
1320 2697 1480 2756 primo
1521 2695 1631 2742 vivit
1670 2704 1722 2742 ut
1763 2696 1949 2743 embrio
1960 2695 1997 2722 ¹⁰
2037 2694 2308 2744 secundum

554 2776 768 2822 animam
801 2777 1133 2838 vegetativam,
1158 2778 1349 2823 secundo
1384 2778 1494 2825 vivit
1526 2778 1622 2823 vita
1654 2777 1867 2824 sensibili
1902 2777 2171 2825 secundum
2205 2777 2311 2825 ani-'

552 2873 684 2904 mam
722 2859 1011 2915 sensitivam,
1037 2866 1085 2905 et
1123 2859 1254 2904 lertio
1288 2858 1398 2906 vivit
1434 2859 1528 2904 vita
1564 2857 1797 2914 rationali,
1825 2859 2093 2906 secundum
2128 2857 2306 2920 quod3¹

553 2939 643 2985 sibi
659 2940 874 3001 jungitur
890 2939 1147 2987 intellectio
1157 2939 1204 2986 ¹².
1273 2939 1336 2986 Et
1351 2940 1567 3001 quamvis
1584 2941 1633 2986 in
1650 2940 1752 2988 istis
1768 2940 2074 3001 processibus
2091 2940 2306 2988 diversae

555 3020 847 3066 substantiae
872 3019 1218 3081 producuntur,
1246 3028 1306 3076 et,
1331 3027 1384 3068 ut
1408 3021 1697 3081 quibusdam
1731 3021 1901 3083 placet,
1928 3020 2192 3069 substantia
2215 3020 2309 3067 im-‘

552 3100 852 3161 perfectior¹³
889 3102 1210 3163 corrumpitur
1244 3101 1295 3147 in
1332 3101 1540 3150 adventu
1577 3102 1871 3150 substantiae
1907 3102 2014 3163 plus
2050 3101 2304 3163 perfectae,

553 3188 716 3230 tamen
741 3182 892 3231 multa
916 3182 1044 3229 dicta
1067 3182 1117 3230 in
1141 3183 1231 3230 ista
1254 3182 1454 3230 materia
1478 3190 1588 3229 sunt
1612 3183 1875 3231 voluntarie
1902 3183 2156 3231 somniata.·

608 3309 621 3332 ¹
651 3310 715 3361 ut]
739 3324 821 3350 om.
839 3311 992 3352 A.B.C.
1013 3310 1074 3350 ed.
1096 3323 1156 3362 pr.
1323 3310 1338 3332 ²
1366 3310 1445 3362 est]
1468 3311 1575 3350 enim
1595 3317 1669 3357 est,
1683 3310 1837 3351 A.B.C.
2002 3310 2017 3332 ⁸
2044 3310 2181 3350 anima
2201 3323 2304 3363 quae

555 3364 636 3415 est]
659 3377 739 3402 om.
762 3366 814 3403 A.
924 3363 940 3388 ⁴
967 3371 1134 3418 propter
1153 3365 1346 3417 gratiam]
1369 3378 1450 3404 orn.
1474 3365 1526 3403 D.
1548 3365 1610 3404 ed.
1632 3378 1692 3417 pr.
1804 3365 1819 3387 ⁵
1847 3363 1987 3416 finem]
2010 3363 2145 3410 fidem,
2161 3365 2224 3404 ed.
2241 3378 2302 3418 pr.

554 3417 569 3438 ⁶
598 3417 822 3470 laboraret]
845 3418 1017 3464 laboret,
1039 3418 1141 3457 ΑΒ.
1266 3418 1281 3441 ⁷
1310 3419 1522 3470 orizontis]
1545 3432 1686 3458 omnes
1706 3418 1866 3459 codices
1884 3418 2037 3458 habent
2058 3424 2067 3439 ‘
2082 3418 2303 3458 orizontis!

555 3471 568 3492 Β
598 3471 740 3522 etiam]
763 3485 844 3511 om.
866 3473 973 3512 Α.Β.·
1099 3473 1114 3496 ⁹
1143 3473 1318 3525 homini]
1340 3487 1421 3513 om.
1443 3474 1545 3512 A.B.
1667 3474 1698 3496 ¹⁰
1725 3479 1770 3512 ut
1789 3472 1964 3524 embrio]
1986 3485 2062 3524 pro
2083 3478 2092 3493 ⁶
2107 3472 2303 3522 embryo,'

556 3524 597 3562 in
612 3526 833 3571 embrione,
855 3527 1009 3566 A.B.C.
1121 3527 1148 3549 ¹¹
1179 3527 1306 3580 quod]
1326 3540 1459 3579 quam,
1482 3528 1582 3566 A.B.
1690 3526 1721 3550 ¹²
1744 3526 1925 3579 jungitur
1943 3525 2186 3577 intellectio]
2208 3539 2304 3567 con-

551 3577 733 3629 jungitur
754 3579 994 3627 intellectus,
1012 3581 1074 3621 ed.
1097 3594 1157 3634 pr.
1270 3582 1299 3605 1³
1326 3581 1621 3634 imperfectior]
1644 3581 1872 3634 perfectior,
1894 3580 2046 3621 A.B.C.
2069 3580 2130 3620 ed.
2152 3583 2213 3632 pr.
