2496 4108
390 434 492 502 296
1077 435 1501 499 JOANNJS
1560 437 1913 488 WJCLJF
2212 456 2365 486 mm.
2436 507 2438 510 Ι
2492 421 2496 426 “

628 571 944 620 communiter
968 572 1017 618 in
1045 571 1202 633 justo¹
1226 579 1447 634 tempore
1473 587 1585 620 cum
1610 573 1843 621 solemni²
1868 574 2052 637 jejunio
2078 589 2192 623 cum
2214 575 2374 623 missis

627 662 673 700 et
697 652 800 700 aliis
823 653 1003 711 ritibus,
1029 653 1112 714 qui
1135 652 1263 700 istud
1287 653 1555 715 spirituale³
1583 655 1901 702 ministerium
1933 655 2165 704 ecclesiae
2198 655 2375 704 solem-

306 749 475 809 {³{f‘1'c‘3rm‘
626 735 762 781 niset.
835 731 980 781 Unde
1005 733 1176 781 dicitur
1209 735 1531 782 communiter
1562 735 1697 797 quod
1730 750 1833 783 non
1858 735 2002 783 datur-
2028 736 2151 784 ordo
2185 727 2374 794 clerice,

306 816 467 877 2233?
483 823 536 843 “³
625 816 716 863 nisi
741 815 939 878 quando
963 817 1224 878 episcopus
1249 815 1355 864 dat4
1374 816 1464 864 sibi
1485 815 1716 879 Spiritum
1737 816 1983 875 Sanctum,
2003 825 2051 865 et
2069 817 2298 880 imprimit
2321 817 2372 864 in

625 906 839 945 mentem
881 913 1018 945 suam
1053 898 1373 956 characterem,
1410 906 1458 946 et
1492 898 1569 946 ille
1604 907 1678 946 est
1713 906 1901 946 tantum
1935 898 2203 947 indelebilis
2238 897 2374 962 quod

623 979 732 1027 licet
757 979 955 1027 clericus
980 979 1291 1042 degradetur⁵
1314 980 1388 1028 vel
1419 979 1746 1043 quodcunque
1779 980 1869 1027 sibi
1899 980 2101 1037 eveniat,
2127 979 2374 1028 character

622 1060 1000 1122 inseparabiliter
1034 1061 1350 1119 reservatur⁶3
1402 1069 1450 1108 et
1483 1060 1615 1108 idem
1650 1069 1721 1109 est
1752 1060 1987 1124 judicium
2011 1061 2073 1109 de
2097 1060 2373 1110 charactere

621 1142 858 1203 impresso
884 1142 933 1188 in
968 1141 1270 1203 baptismate.
1344 1141 1441 1190 Sed
1465 1142 1526 1190 de
1551 1142 1814 1204 quidditate
1840 1140 2153 1190 characteris⁷
2175 1150 2250 1191 est
2275 1142 2373 1191 dis-

623 1223 781 1270 sensio
807 1222 938 1284 apud
961 1222 1155 1280 multOS,
1181 1238 1295 1271 cum
1325 1223 1523 1285 quidam
1555 1223 1722 1271 dicunt
1745 1223 1880 1286 quod
1911 1231 1983 1271 est
2007 1223 2210 1286 qualitas
2241 1231 2290 1272 et
2312 1223 2373 1272 de

622 1303 749 1351 facto
791 1303 958 1365 gratia,
994 1303 1104 1351 licet
1142 1304 1322 1351 steterit
1357 1319 1469 1352 cum
1511 1301 1739 1352 mortali⁸.
1814 1303 1912 1353 Sed
1953 1303 2192 1352 concedat
2232 1305 2375 1354 nobis

622 1384 757 1432 Deus
794 1385 937 1432 aliam
971 1386 1190 1447 gratiam,
1217 1401 1331 1433 cum
1365 1386 1458 1432 ista
1492 1386 1543 1432 in
1566 1386 1727 1433 multis
1768 1385 2046 1434 hominibus
2082 1385 2373 1435 damnandis

622 1475 669 1514 et
710 1466 973 1514 salvandis⁹
1009 1467 1248 1514 viantibus
1287 1467 1404 1514 nihil
1446 1467 1598 1514 valet!
1659 1467 1780 1515 Aliis
1816 1476 1978 1516 autem
2015 1466 2202 1516 videtur
2236 1467 2373 1530 quod

623 1549 870 1596 character
906 1549 965 1596 sit
1001 1550 1194 1610 signum
1219 1548 1508 1606 insensibile,
1535 1564 1633 1611 quo
1671 1548 1826 1596 fidelis
1862 1550 1925 1597 ab
1959 1549 2053 1597 alio
2089 1549 2372 1597 convivente

622 1630 904 1678 discernitur
923 1638 970 1677 et
988 1629 1050 1677 ad
1070 1630 1311 1692 spirituale
1322 1630 1358 1656 ²⁰
1377 1630 1590 1678 officium
1607 1631 1658 1678 in
1678 1631 1880 1679 ecclesia
1897 1631 2149 1690 limitatur;
2185 1638 2235 1678 et
2258 1630 2373 1678 satis

622 1720 693 1758 est
735 1711 796 1758 ad
837 1726 942 1758 esse
981 1711 1086 1758 talis
1123 1711 1410 1759 characteris
1452 1712 1726 1759 constantia
1766 1711 1970 1774 subjecti
2005 1719 2053 1759 et
2092 1711 2372 1773 praeteritio

622 1792 765 1840 officii
797 1794 1116 1854 praeaccepti,
1144 1808 1268 1854 quae
1305 1808 1416 1840 cum
1453 1794 1548 1840 sint
1583 1801 1816 1855 perpetua
1850 1801 1898 1840 et
1933 1792 2219 1851 indelebilia,
2256 1791 2371 1841 cha-

621 1882 774 1922 racter
809 1882 973 1921 manet
1005 1874 1319 1922 indelebiliter
1353 1874 1614 1936 impressus
1645 1875 1695 1921 in
1728 1875 1903 1922 anima.
1974 1873 2216 1936 Baptzkmi
2237 1874 2370 1922 enim

622 1955 893 2003 charactere
920 1954 1072 2002 fidelis
1092 1956 1154 2002 ab
1178 1955 1358 2002 infideli
1378 1955 1697 2018 distinguitur,
1723 1972 1780 2003 ac
1805 1956 1844 2003 si
1869 1955 1932 2002 ad
1952 1955 2128 2003 Christi
2152 1955 2372 2004 militiam

622 2037 679 2084 sit
703 2024 945 2098 signatus-5
996 2045 1042 2083 et
1075 2036 1347 2084 charactere
1380 2037 1559 2083 ordinis
1593 2037 1794 2085 clericus
1827 2045 2072 2099 separatur
2096 2052 2125 2084 a
2147 2036 2289 2095 laico,
2314 2051 2371 2084 ac

622 2118 660 2166 si
684 2134 745 2165 ex
781 2118 1082 2165 ordinatione
1109 2117 1284 2166 Christi
1321 2117 1383 2165 ad
1417 2117 1631 2166 officium
1667 2118 1906 2180 singulare
1942 2133 2087 2181 supra
2120 2117 2296 2166 laicum
2320 2119 2372 2165 in

621 2199 824 2247 ecclesia
849 2200 907 2247 sit
931 2199 1161 2261 signatus.
1231 2199 1293 2246 Et
1318 2199 1385 2247 sic
1411 2200 1730 2262 multiplicant
1749 2200 1948 2262 quidam
1971 2200 2022 2246 in
2048 2199 2298 2247 ordinibus
2323 2207 2372 2247 et

623 2283 937 2329 sacramentis
973 2280 1177 2328 multis¹¹
1203 2280 1518 2329 characteres.
1591 2280 1689 2329 Sed
1713 2282 1914 2328 istorum
1939 2281 2274 2328 fundationem
2297 2281 2372 2328 vel

307 2377 344 2404 In
358 2377 488 2416 ecch-2⁵12
621 2362 830 2411 fructum
854 2378 944 2410 nec
977 2363 1026 2409 in
1061 2362 1294 2424 scriptura
1319 2377 1455 2410 sacra
1479 2378 1570 2410 nec
1599 2363 1649 2409 in
1673 2363 1858 2410 ratione
1868 2361 1904 2388 ¹²
1930 2362 2202 2411 considero.
2273 2362 2372 2412 Sed

305 2419 499 2472 d¹¹0²3¹¹¹3¹¹¹
620 2458 772 2490 unum
808 2442 1035 2490 audacter
1071 2458 1248 2500 assero,
1283 2443 1417 2505 quod
1458 2443 1508 2490 in
1545 2443 1783 2506 primitiva
1825 2428 2027 2492 ecclesia
2066 2451 2118 2491 ut
2152 2451 2371 2507 tempore

306 2478 430 2505 ordines
447 2477 539 2506 cleri-'

306 2520 410 2539 corum
424 2512 554 2545 suerunt.

305 2545 478 2585 presbytffl
523 2580 530 2586 ⁴
621 2525 757 2572 Pauli
783 2525 1074 2573 suffecerunt
1099 2525 1196 2572 duo
1225 2524 1419 2572 ordines
1444 2525 1729 2573 clericorum
1753 2526 1933 2573 scilicet
1966 2525 2193 2574 sacerdos
2226 2535 2372 2588 atque·

305 2583 398 2613 atque
411 2579 543 2609 mamm.
620 2606 915 2654 diaconus¹³.
989 2605 1216 2653 Secundo
1226 2605 1263 2632 ¹⁴
1305 2606 1415 2654 dico
1457 2606 1591 2669 quod
1631 2607 1682 2654 in
1722 2614 1945 2669 tempore
1993 2605 2244 2670 apostoli¹⁶
2283 2606 2371 2655 fuit

617 2687 748 2736 idem
797 2688 1049 2749 presbyter
1090 2695 1232 2749 atque
1278 2687 1540 2750 episcopus
1556 2704 1569 2747 ;
1622 2695 1756 2750 patet
1796 2704 1817 2736 1
1859 2687 2076 2737 Timoth.
2112 2688 2173 2736 iii.
2214 2695 2263 2736 et
2304 2688 2372 2736 ad

620 2769 788 2816 Titum
807 2769 835 2817 i.
904 2768 966 2816 Et
990 2768 1119 2815 idem
1144 2775 1341 2816 testatur
1364 2769 1440 2816 ille
1465 2769 1737 2831 profundus
1761 2769 2016 2831 theologus
2039 2767 2368 2830 Hieronymus,

618 2860 670 2898 ut
705 2858 835 2913 patet
870 2866 974 2898 xcv.
1009 2851 1117 2898 dist.
1144 2865 1247 2913 cap.
1275 2854 1285 2874 ‘
1303 2849 1509 2908 Olim1⁶,’
1535 2859 1650 2898 tunc
1686 2851 1817 2897 enim
1852 2865 1954 2898 non
1988 2850 2077 2898 fuit
2113 2850 2372 2898 adinventa

620 2932 861 2980 distinctio
903 2947 1059 2995 papae
1102 2940 1150 2980 et
1188 2932 1513 2990 cardinalium,
1549 2931 1926 2994 patriarcharum
1967 2939 2014 2979 et
2049 2931 2370 2994 archiepisco·

673 3089 686 3112 ¹
712 3088 842 3141 justo]
864 3093 1019 3134 sancto,
1041 3088 1196 3128 A.B.C.
1216 3088 1278 3127 ed.
1298 3101 1360 3140 pr.
1488 3087 1504 3110 ²
1532 3086 1725 3139 solemni]
1747 3100 1829 3127 om.
1851 3087 1896 3126 B.
1918 3087 2117 3128 secundae
2134 3101 2293 3134 manus,
2313 3089 2365 3130 C.

617 3144 632 3166 ³
661 3143 888 3195 spirituale]
911 3142 1097 3195 speciale,
1120 3142 1300 3188 A.B.C.;
1331 3142 1578 3195 episcopale,
1598 3141 1662 3181 ed.
1682 3154 1743 3193 pr.
1964 3140 1980 3164 ⁴
2006 3142 2097 3194 dat]
2118 3142 2200 3187 det,
2222 3144 2285 3183 ed.
2305 3156 2368 3196 pr.

617 3198 632 3221 ⁵
660 3197 922 3250 degradetur]
944 3197 1247 3248 degradaretur,
1269 3197 1423 3237 A.C.B.
1443 3196 1599 3248 primae
1617 3208 1775 3241 manus,
1795 3195 1859 3235 ed.
1878 3208 1940 3248 pr.
2077 3196 2094 3219 ⁸
2121 3196 2366 3249 reservatur]

619 3257 769 3297 manet,
792 3252 946 3292 A.B.C.
967 3252 1030 3291 ed.
1051 3264 1112 3303 pr.
1229 3249 1245 3273 ⁷
1273 3250 1536 3301 characteris]
1558 3250 1801 3289 characteris
1819 3249 1942 3295 illius,
1962 3249 2025 3290 ed.
2045 3263 2109 3303 pr.
2217 3251 2233 3275 ⁸
2259 3263 2369 3291 mor-

620 3305 711 3357 tali]
732 3306 819 3345 scil.
835 3310 1031 3358 peccato;
1063 3305 1219 3351 motali,
1239 3305 1302 3344 ed.
1323 3318 1384 3358 pr.
1495 3304 1510 3327 ⁹
1538 3310 1579 3344 et
1599 3303 1822 3356 salvandis]
1844 3316 1926 3343 om.
1947 3304 2104 3358 A.B.C.
2228 3305 2260 3329 ¹⁰
2287 3304 2366 3358 spi-

619 3359 780 3411 rituale]
805 3359 985 3412 spetiale,
1006 3359 1070 3398 ed.
1090 3371 1151 3410 pr.
1263 3358 1292 3382 ¹¹
1320 3358 1479 3411 multis]
1501 3371 1583 3398 om.
1605 3357 1707 3397 A.B.
1821 3357 1848 3380 ¹²
1875 3370 1952 3397 nec
1969 3358 2013 3397 in
2032 3357 2211 3411 ratione]
2230 3371 2307 3399 nec
2324 3358 2368 3398 in

620 3414 815 3459 oratione,
838 3413 1072 3453 B.C.-—Ed.
1093 3426 1154 3464 pr.
1175 3425 1257 3452 om.
1294 3419 1303 3435 ‘
1317 3426 1392 3453 nec
1411 3413 1453 3452 in
1473 3413 1657 3452 ratione!
1857 3413 1871 3436 ¹
1914 3412 2126 3465 diaconus]
2144 3412 2366 3464 dyaconus,

619 3465 712 3506 libri
733 3468 851 3508 MSS.
1016 3467 1046 3491 ¹¹
1074 3466 1273 3519 secundo]
1296 3467 1491 3512 similiter,
1512 3467 1575 3506 ed.
1595 3479 1657 3518 pr.
1786 3466 1816 3490 1⁶
1843 3465 2042 3518 apostoli]
2064 3465 2192 3512 Pauli,
2211 3466 2367 3506 A.B.C.

620 3520 684 3559 ed.
704 3534 764 3571 pr.
1080 3521 1112 3546 ¹⁶
1141 3527 1150 3542 ‘
1166 3520 1312 3573 Olim']
1336 3521 1534 3574 Epistola,
1555 3521 1605 3568 85
1627 3520 1721 3560 dist.
1744 3521 1876 3566 C.D.;
1909 3520 2153 3572 Hieronymi
2172 3521 2296 3561 verba
2313 3520 2367 3559 ad

621 3573 702 3613 Tit.
719 3574 744 3613 i.
769 3582 789 3625 7
810 3575 971 3627 prolata
991 3575 1033 3615 in
1053 3575 1220 3616 Decreti
1233 3580 1349 3628 parte
1369 3575 1400 3614 I.
1417 3575 1511 3614 dist.
1533 3587 1619 3614 xcv.
1642 3587 1676 3614 c.
1699 3586 1735 3623 5.
1756 3578 2007 3627 repetuntur.
