2436 4094
331 453 432 506 106
995 456 1424 520 JOANNIS
1494 458 1854 509 WICLIF
2171 482 2312 512 man.

567 591 711 638 bilem
753 589 996 637 virtutem¹
1033 590 1387 653 phantasticam
1429 592 1503 640 vel
1541 593 1634 640 alio
1677 595 1891 652 nomine,
1926 594 2048 643 sicut
2088 594 2314 645 homines

566 670 907 719 contendendo
941 685 1086 733 saepe
1120 673 1450 735 aequivocant.
1526 674 1623 723 Sed
1656 675 1773 737 quid
1805 676 1978 725 nobis?
2051 676 2176 726 Satis
2207 678 2313 740 qui-

565 752 676 800 dem
711 759 784 799 est
820 752 975 810 nobis,
1002 753 1136 815 quod
1171 755 1230 801 sit
1264 769 1389 803 unus
1423 755 1528 804 talis
1564 756 1846 805 immortalis
1883 758 2088 820 spiritus,
2125 758 2312 807 habens

252 855 431 895 mtegxchus
563 834 782 881 virtutem
830 833 927 881 sive
975 836 1242 896 potentiam
1290 844 1466 884 cuncta
1511 837 1789 899 intelligere,
1838 853 1987 900 quam
2043 839 2312 901 potentiam

250 897 431 950 mtessectfxsa
446 896 506 922 que
562 922 702 962 vocat
725 914 994 962 Aristoteles
1018 917 1184 964 omnia
1216 916 1372 965 facere
1396 918 1470 965 vel
1502 919 1796 966 intellectum
1833 928 2073 982 agentem.
2145 919 2312 969 Habet

562 997 707 1044 etiam
740 998 959 1044 virtutem
993 997 1090 1045 sive
1125 1000 1407 1060 potentiam,
1443 1001 1629 1062 species
1638 997 1670 1058 ²,
1705 1002 1997 1050 intentiones
2029 1001 2103 1050 vel
2137 1014 2310 1066 appre-

561 1076 821 1125 hensiones
863 1085 1148 1126 cunctorum
1190 1081 1418 1142 recipere,
1459 1089 1560 1129 tam
1602 1083 1664 1130 ab
1702 1090 1813 1130 actu
1854 1084 2051 1145 proprio
2092 1094 2241 1146 quam
2282 1099 2312 1132 a

561 1158 793 1221 superiori
829 1159 1090 1208 influentia.
1175 1160 1238 1208 Et
1273 1162 1352 1209 illa
1386 1170 1584 1210 vocatur
1625 1164 1891 1213 intellectus
1932 1164 2201 1228 possibilis³
2236 1165 2311 1214 vel

560 1240 725 1287 omnia
747 1241 860 1303 pati.
931 1241 994 1289 Et
1025 1243 1182 1304 prima
1214 1242 1384 1290 dicitur
1416 1245 1633 1307 potentia
1666 1246 1832 1304 activa,
1859 1246 2076 1295 secunda
2103 1246 2309 1310 passiva.

443 1327 449 1350 ²
560 1321 637 1370 De
661 1323 888 1370 nomine4
912 1338 1025 1371 vero
1052 1324 1323 1386 specierum
1356 1325 1431 1372 vel
1463 1326 1786 1375 intentionum
1820 1335 1892 1376 est
1915 1328 2046 1391 apud
2069 1327 2310 1391 quosdam

561 1404 823 1462 contentiO,
849 1413 900 1453 ut
926 1406 1138 1468 speciem
1161 1405 1346 1454 videtur
1369 1407 1611 1455 sz‘cenna
1636 1423 1809 1457 vocare
1835 1408 2044 1457 formam
2066 1410 2134 1458 rei
2159 1411 2309 1459 sensi-

561 1486 668 1535 bilis
692 1487 741 1534 in
774 1488 992 1549 potentia
1023 1488 1264 1546 sensitiva,
1291 1489 1611 1536 intentionem
1635 1505 1747 1538 vero
1773 1489 1981 1538 formam
2013 1491 2081 1539 rei
2104 1491 2310 1540 insensi-

560 1568 666 1617 bilis
698 1569 748 1617 in
780 1569 952 1617 eadem
981 1570 1212 1632 potentia,
1237 1577 1290 1618 ut
1322 1569 1531 1618 formam
1563 1572 1799 1619 amicitiae
1823 1572 1897 1619 vel
1921 1572 2196 1622 inimicitiae
2228 1581 2310 1623 aut

561 1649 667 1697 talis
699 1649 992 1698 habitudinis
1015 1651 1294 1713 respective.
1365 1650 1678 1714 Quandoque
1711 1660 1874 1700 autem
1903 1654 2091 1717 species
2113 1661 2311 1704 vocatur

562 1731 823 1779 similitudo
847 1730 1201 1790 habitudinalis,
1227 1733 1401 1796 quam⁶
1424 1733 1694 1782 intellectus
1714 1734 1872 1792 habet,
1893 1735 1990 1782 sive
2014 1735 2309 1795 universalis,
2330 1787 2332 1790 ,

562 1813 658 1860 sive
684 1813 994 1874 particularis
1064 1814 1129 1861 Et
1152 1815 1354 1862 intentio
1388 1822 1584 1862 vocatur
1613 1830 1742 1863 nunc
1767 1817 1969 1878 species,
1994 1832 2125 1866 nunc
2148 1826 2299 1876 actuS,

561 1891 882 1952 intendendi⁶,
909 1896 1021 1942 satis
1046 1896 1324 1957 aequivoce,
1352 1911 1464 1943 cum
1500 1911 1672 1946 omnes
1707 1905 1843 1946 actus
1876 1898 2065 1947 animae
2099 1907 2211 1948 sunt
2243 1900 2305 1948 de

561 1989 738 2036 genere
764 1976 993 2035 actionis;
1032 1984 1080 2023 et
1101 1965 1168 2024 ita
1190 1992 1267 2024 res
1291 1977 1558 2025 intellectae
1583 1978 1761 2026 habere
1788 1979 2009 2027 dicuntur
2033 1977 2152 2029 esse'
2165 1982 2303 2045 spiri-

562 2057 686 2104 tuale
710 2057 761 2104 in
785 2058 960 2111 anima,
986 2066 1033 2105 et
1058 2058 1126 2105 sic
1153 2058 1420 2107 intellectus
1445 2057 1713 2121 possibilis⁷
1739 2069 2046 2124 comparatur
2079 2065 2307 2113 materiae

560 2139 758 2201 primae,
793 2138 1060 2187 intellectus
1094 2147 1257 2187 autem
1293 2155 1444 2202 agens
1480 2140 1650 2189 dicitur
1684 2142 1842 2204 prima
1874 2142 2059 2203 forma;
2111 2143 2173 2193 de
2210 2161 2308 2208 qua

561 2219 757 2282 quidem
781 2220 845 2268 ad
879 2227 1066 2269 tantum
1091 2222 1424 2283 aequivocam,
1445 2223 1580 2285 quod
1604 2232 1783 2271 vocant
1805 2224 1964 2273 solum
1982 2225 2145 2274 Deum
2168 2227 2305 2276 intel-

559 2302 737 2350 lectum
762 2310 1001 2364 agentem,
1028 2304 1141 2364 quia
1166 2310 1350 2351 certum
1369 2312 1455 2362 est,
1476 2305 1612 2367 quod
1630 2304 1781 2365 Deus,
1802 2321 1914 2354 cum
1927 2307 1992 2355 *sit
2016 2307 2305 2368 intellectus,

558 2392 631 2434 est
663 2399 814 2446 agens
838 2384 1005 2432 omnia
1029 2392 1077 2432 et
1101 2399 1304 2434 movens
1329 2386 1631 2448 spiritualiter
1655 2387 1930 2436 interiorem
1962 2388 2215 2438 hominem
2246 2405 2304 2440 ac

558 2467 717 2528 ipsum
733 2465 944 2514 edocens
964 2466 1198 2528 quidquid
1217 2469 1498 2529 cognoverit
1508 2485 1520 2529 ;
1555 2477 1602 2516 et
1621 2469 1688 2517 sic
1707 2469 1879 2518 frustra
1895 2470 2093 2533 palliant
2106 2472 2305 2521 verbum

557 2548 768 2607 Averoz's,
802 2548 935 2611 quod
971 2548 1143 2596 eadem
1179 2557 1252 2598 est
1287 2550 1451 2598 anima
1487 2551 1709 2598 omnium
1744 2551 2015 2611 hominum,
2040 2553 2161 2621 *quia
2195 2568 2300 2602 cer-

557 2638 659 2678 tum
691 2630 875 2678 videtur
898 2630 1058 2692 ipsum
1091 2630 1238 2679 fuisse
1269 2631 1607 2695 philosophice
1640 2633 1907 2695 opinatum,
1933 2633 2068 2696 quod
2102 2634 2303 2697 quilibet

556 2713 707 2760 homo
740 2712 884 2760 habet
916 2728 1055 2761 suam
1089 2714 1302 2761 animam
1334 2715 1710 2777 corruptibilem,
1738 2723 1790 2763 ut
1822 2715 2005 2764 habent
2028 2716 2225 2774 bestiae,
2258 2724 2307 2765 et

556 2810 700 2858 super
722 2794 842 2843 haec
866 2803 938 2843 est
961 2810 1069 2856 una,
1090 2796 1257 2843 infima
1285 2796 1704 2858 intelligentiarum
1736 2797 1823 2844 toti
1848 2796 2080 2859 sphaerae
2105 2790 2304 2860 corrup·

555 2877 756 2925 tibilium
798 2877 1035 2940 copulata,
1077 2885 1124 2925 et
1165 2878 1243 2925 illa
1289 2880 1597 2942 conjungitur
1644 2879 1912 2943 specialiter
1957 2879 2145 2927 homini
2191 2879 2302 2942 plus

555 2958 824 3020 cognitivo⁸
849 2974 996 3022 quam
1028 2959 1222 3017 bestiae,
1249 2974 1352 3007 non
1383 2968 1548 3008 tamen
1581 2960 1832 3023 copulatur
1856 2961 1946 3008 sibi
1977 2968 2030 3008 ut
2062 2975 2190 3023 pars,
2215 2961 2302 3009 sed

554 3048 606 3087 ut
630 3040 942 3103 intelligentia
964 3040 1239 3089 illuminans
1264 3056 1321 3089 ac
1353 3056 1558 3089 movens
1594 3042 1907 3104 singulariter,
1932 3041 2131 3104 quando
2156 3042 2302 3090 virtus

554 3120 765 3170 hominis
789 3137 818 3168 a
841 3121 1170 3169 sensibilibus⁹
1188 3129 1262 3170 est
1285 3122 1538 3170 abstracta.
1607 3122 1653 3169 A
1672 3122 1766 3169 fide
1791 3130 1954 3170 autem
1978 3122 2105 3171 istud
2129 3123 2300 3182 deviat,

555 3217 666 3251 cum
701 3203 860 3250 omnis
895 3202 1047 3250 homo
1085 3203 1146 3250 sit
1181 3203 1448 3251 secundum
1486 3203 1869 3251 intellectivum¹⁰
1904 3203 2038 3251 illum
2072 3211 2300 3266 agentem

608 3383 621 3408 ¹
652 3385 862 3438 virtutem]
884 3385 1110 3432 veritatem,
1131 3386 1193 3426 ed.
1216 3398 1276 3438 pr.
1404 3384 1421 3409 ²
1449 3385 1621 3438 species]
1643 3398 1795 3433 sensus,
1817 3385 1864 3427 C.
2027 3385 2042 3409 ³
2070 3386 2299 3440 possibilis]

555 3439 770 3490 passibilis,
792 3440 944 3481 A.B.C.
1128 3439 1143 3463 ⁴
1168 3440 1351 3490 nomine]
1369 3453 1552 3485 numero,
1574 3441 1621 3481 C.
1643 3441 1705 3480 ed.
1726 3454 1786 3494 pr.
1995 3439 2010 3463 ³
2037 3441 2179 3494 quam]
2200 3454 2299 3494 quo-

525 3496 529 3557 }
555 3493 692 3538 modo,
715 3493 816 3532 A.B.
999 3494 1015 3517 ⁶
1043 3494 1300 3547 intendendi]
1321 3494 1586 3547 intelligendi,
1608 3495 1704 3535 B.C.
1724 3494 1786 3535 ed.
1807 3507 1866 3547 pr.
2026 3494 2042 3518 ⁷
2069 3494 2298 3548 possibilis]

526 3558 529 3572 ¹
556 3546 770 3598 passibilis,
791 3547 945 3588 A.B.C.
1110 3549 1126 3572 ⁸
1154 3548 1381 3601 cognitivo]
1403 3549 1620 3601 cognitive,
1640 3549 1792 3589 A.B.C.
1811 3548 1874 3588 ed.
1895 3561 1955 3600 pr.
2131 3548 2147 3573 ⁰
2175 3549 2299 3590 sensi-

526 3574 531 3665 ι
556 3598 723 3653 bilibus]
746 3601 940 3650 sensibus,
961 3601 1023 3642 ed.
1039 3614 1100 3655 pr.
1263 3602 1294 3627 ¹⁰
1321 3602 1632 3655 intellectivum]
1652 3602 1914 3648 intellectum,
1936 3602 1996 3643 ed.
2017 3614 2078 3656 pr.
