2436 4094
60 370 63 371 '
149 431 281 461 cama
748 412 1320 464 TRIALOGUS.
2054 426 2125 483 55

149 545 377 595 deitatem
417 554 467 594 et
503 555 692 595 ceteros
727 547 956 597 articulos
995 548 1121 607 fidei,
1161 555 1362 612 propter
1396 548 1493 597 hoc
1530 549 1644 611 quia
1681 563 1786 597 non
1822 549 1908 597 ad-

60 624 63 626 ’
148 627 350 676 haerent
373 627 579 676 fideliter
602 629 715 677 fidei
742 631 1102 693 scripturarum.
1173 631 1271 678 Alii
1298 638 1461 679 autem
1485 637 1675 679 tantum
1705 630 1908 679 difficul-

66 743 69 745 -
147 716 253 758 tant
293 710 545 759 scientiam
586 710 928 774 theologicam,
970 719 1235 761 statuentes
1278 713 1369 760 sibi
1409 713 1608 776 ignotos
1658 713 1907 772 terminos,

52 787 73 826 ἑ
148 790 284 855 quod
318 792 370 840 in
404 790 953 856 haereses‘multiplices
989 793 1278 853 dilabuntur,
1313 794 1400 843 sed
1437 799 1448 820 ‘
1464 795 1680 843 medium
1711 802 1908 844 tenuere

147 873 306 923 beati.'
377 873 595 933 Quidam
630 882 793 923 autem
830 874 891 923 de
926 876 1107 938 prima¹
1141 884 1287 934 secta,
1322 885 1564 939 ponentes
1594 877 1761 926 lumen
1795 876 1910 926 fidei

146 955 445 1018 requisitum,
470 963 660 1018 ponunt
683 956 801 1004 illud
832 957 998 1005 lumen
1021 972 1176 1005 unum
1199 958 1403 1020 globum
1427 959 1607 1021 gratiae
1639 975 1727 1022 per
1742 974 1794 1008 se
1818 974 1908 1023 po-

146 1036 384 1096 nibilem²,
408 1038 691 1101 requisitum
717 1039 781 1086 ad
805 1038 900 1087 hoc
925 1039 1061 1101 quod
1088 1039 1258 1103 aliquis
1291 1041 1352 1088 sit
1382 1041 1552 1099 fidelis,
1578 1049 1627 1089 et
1649 1050 1908 1104 quantum-

56 1134 60 1141 ’
146 1133 340 1182 cunque
372 1119 572 1182 ignarus
603 1119 758 1178 fuerit,
784 1121 824 1168 si
857 1120 918 1168 de
950 1120 1032 1169 illo
1065 1121 1246 1169 lumine
1280 1123 1548 1186 quidquam
1571 1123 1806 1183 habuerit,
1833 1131 1909 1172 est

58 1222 61 1230 «
146 1201 317 1273 fidelis,
341 1209 391 1249 et
414 1201 484 1249 sic
507 1217 568 1249 ex
593 1202 811 1250 terminis
838 1202 964 1250 bene
989 1204 1121 1265 prius
1146 1203 1401 1253 intellectis
1425 1213 1572 1268 patet,
1599 1207 1707 1269 quis
1730 1206 1909 1255 habeat

143 1283 197 1332 in
220 1297 271 1332 se
297 1282 462 1331 lumen
485 1283 598 1331 fidei
607 1283 637 1331 ³.
710 1282 927 1342 Quidam
954 1292 1117 1333 autem
1142 1286 1204 1333 ab
1225 1286 1317 1334 hac
1342 1286 1436 1334 fide
1463 1287 1700 1336 catholica
1724 1288 1909 1351 delapsi

136 1365 286 1414 'sunt‘
308 1365 360 1413 in
384 1379 572 1413 errores
595 1365 899 1428 multiplices,
969 1365 1170 1415 Certum
1204 1367 1402 1430 quidem
1435 1376 1522 1427 est,
1548 1369 1683 1432 quod
1715 1378 1921 1433 oportet

49 1443 55 1452 '
142 1460 346 1495 omnem
377 1446 630 1495 hominem
661 1446 841 1495 habere
871 1447 1036 1495 lumen
1068 1449 1282 1507 notitiae,
1316 1450 1454 1512 quod
1489 1450 1716 1514 quidem⁵
1742 1452 1908 1500 lumen

46 1520 59 1565 ’ἲ
115 1523 118 1525 ’
143 1540 246 1578 non
269 1537 344 1577 est
367 1529 484 1577 nisi⁶
507 1529 765 1577 illuminari
789 1545 818 1576 a
842 1529 953 1577 Deo
978 1530 1040 1578 ad
1063 1531 1312 1578 veritatem
1342 1532 1580 1595 aliquam⁷
1603 1547 1908 1597 cognoscen-

143 1609 275 1670 dam,
298 1618 352 1659 ut
374 1618 507 1673 patet
537 1611 663 1670 alibi,
689 1626 745 1659 ac
777 1610 857 1659 hic
890 1611 1194 1674 supponitur.
1265 1612 1575 1676 Impossibile
1607 1622 1680 1663 est
1712 1615 1907 1663 fidelem

78 1740 81 1744 ,
141 1693 218 1741 vel
240 1692 536 1741 haereticum
560 1694 828 1756 quidquam
859 1709 1172 1756 cognoscere,
1198 1694 1291 1743 nisi
1315 1710 1403 1758 per
1434 1695 1583 1744 fidem
1615 1696 1907 1745 fundamen-

141 1775 296 1824 taliter
319 1775 435 1823 illud
467 1783 764 1838 cognoscat;
803 1776 917 1838 quia
950 1775 1072 1823 sicut
1103 1790 1252 1824 nemo
1286 1779 1543 1840 cognoscit
1572 1777 1748 1838 literaS‚
1774 1779 1909 1842 quod

62 1895 75 1902 ,
139 1872 241 1906 una
275 1865 350 1906 est
379 1857 440 1916 A,
474 1857 658 1920 reliqua
689 1857 744 1915 B,
783 1865 830 1904 et
866 1857 936 1905 sic
969 1856 1030 1905 de
1064 1857 1249 1916 ceteris,
1286 1858 1380 1906 nisi
1412 1859 1602 1907 credat:
1655 1860 1724 1908 sic
1759 1876 1907 1909 nemo

141 1953 289 1988 sensu
313 1940 567 2003 cognoscit
590 1939 920 2002 quodcunque
953 1939 1192 1997 sensibile,
1228 1940 1321 1988 nisi
1356 1941 1514 2003 prima
1548 1942 1722 1991 veritas
1763 1943 1906 1991 illud⁸

140 2021 268 2071 dicat
312 2029 362 2070 et
407 2021 596 2080 doceat,
639 2021 774 2084 quod
822 2021 941 2070 illud
982 2021 1210 2069 sensibile
1254 2022 1313 2071 sit
1354 2023 1470 2071 illud
1510 2024 1587 2072 vel
1610 2024 1905 2088 hujusmodi.

139 2105 273 2154 Nam
295 2105 347 2153 in
372 2112 483 2153 ente
508 2105 720 2168 analogo
743 2103 878 2167 quod
901 2104 1060 2167 prima
1083 2104 1404 2167 impressione
1436 2106 1742 2169 imprimitur,
1767 2107 1905 2156 Deus

141 2182 471 2252 cognoscitur,
504 2187 591 2237 sed
627 2187 847 2246 confuse,
884 2194 934 2235 et
966 2186 1068 2234 ille⁹
1102 2185 1246 2236 docet
1282 2202 1627 2251 quamcunque
1658 2190 1907 2239 veritatem

139 2270 420 2330 secundam,
444 2285 595 2318 unam
618 2278 783 2318 tamen
813 2269 1108 2318 veritatem¹⁰
1142 2284 1230 2332 per
1255 2271 1412 2330 aliam,
1450 2272 1723 2321 secundum
1746 2272 1907 2335 legem

139 2364 290 2418 quam
313 2353 478 2402 statuit
501 2353 552 2401 in
575 2352 747 2400 ordine
773 2351 992 2400 discendi
1002 2353 1037 2379 ¹¹
1061 2353 1354 2417 procedere3
1408 2360 1458 2400 et
1491 2354 1560 2402 sic
1585 2353 1752 2402 lumen
1777 2354 1905 2413 fidei,

73 2445 77 2457 ¹
138 2435 284 2500 quo„
317 2435 426 2500 quis
462 2434 804 2483 denominatur
838 2434 1008 2494 fidelis,
1044 2450 1148 2485 non
1183 2443 1259 2484 est
1297 2435 1391 2483 nisi
1422 2435 1585 2498 ipsum
1621 2451 1652 2484 a
1686 2436 1798 2484 Deo
1835 2437 1905 2484 sic

137 2518 326 2582 respici,
349 2525 405 2566 ut
427 2525 698 2580 cognoscat
722 2516 958 2565 catholice
967 2516 1004 2543 ¹⁸
1027 2517 1176 2566 fidem
1209 2532 1363 2567 suam.
1433 2517 1499 2565 Et
1531 2518 1582 2565 in
1615 2518 1697 2566 illo
1721 2517 1904 2567 lumine

138 2608 252 2650 sunt
292 2599 473 2663 gradus
512 2598 707 2646 multiu.

205 2681 288 2731 Ad
326 2689 517 2730 tantum
558 2687 720 2729 autem
761 2679 1057 2728 infatuantur
1098 2679 1283 2743 aliqui¹⁶
1322 2688 1536 2728 errantes
1578 2680 1630 2728 in
1672 2682 1764 2729 ista
1799 2697 1903 2730 ma-

135 2764 270 2823 teria,
306 2762 441 2827 quod
475 2771 666 2825 ponunt
700 2762 865 2810 lumen
901 2762 1014 2810 fidei
1054 2763 1339 2810 contrarium
1372 2761 1541 2810 lumini
1577 2763 1797 2822 naturali,
1832 2764 1903 2812 sic

8 2842 15 2854 ”
39 2891 49 2897 ,
135 2841 273 2906 quod
318 2855 561 2905 apparens
602 2839 900 2903 impossibile
946 2840 996 2887 in
1043 2839 1224 2887 lumine
1271 2839 1477 2888 naturali
1523 2840 1584 2888 sit
1625 2842 1912 2890 necessario*

137 2925 437 2976 credendum
477 2925 530 2972 in
570 2923 751 2972 lumine
794 2922 907 2970 fidei
948 2931 995 2970 et
1037 2937 1064 2970 e
1106 2929 1288 2970 contra.
1374 2921 1566 2970 Veritas
1609 2931 1773 2971 autem
1814 2932 1901 2983 est,

19 3040 47 3078 'A
137 3008 272 3073 quod
294 3007 401 3057 talis
425 3008 604 3057 cecitas
629 3021 732 3055 non
755 3014 829 3054 est
852 3006 1018 3054 lumen
1038 2990 1257 3053 ‘naturale
1284 3005 1371 3053 sed
1392 3006 1619 3065 tenebra3
1658 3006 1773 3069 quia
1797 3022 1900 3057 non

4 3102 7 3127 -’
67 3133 71 3135 i
137 3090 295 3140 sunt¹⁶
315 3090 430 3139 talia
463 3089 562 3139 duo
597 3089 781 3137 lumina
811 3088 1147 3152 repugnantia,
1172 3087 1259 3136 sed
1291 3095 1403 3150 post
1438 3088 1900 3150 praevaricationem

191 3247 207 3273 ¹
234 3247 370 3302 prima
411 3248 602 3295 secunda,
623 3248 678 3288 D.
789 3246 805 3270 ²
832 3246 1081 3300 ponibilem]
1103 3245 1357 3298 possibilem,
1378 3244 1426 3284 B.
1447 3244 1510 3286 ed.
1532 3258 1593 3297 pr.
1727 3246 1742 3269 ³
1769 3251 1898 3299 patet,

10 3306 17 3362 ,Ι
136 3302 377 3398 {luisti-fidei
421 3303 579 3398 οοιιέᾶὲ).
653 3356 680 3396 d
754 3300 770 3325 ⁴
797 3301 912 3354 sunt]
925 3300 1179 3380 “suntdelirh
1199 3300 1299 3395 ΞΕ.
1314 3299 1477 3393 lprimae
1492 3299 1730 3394 ξιιζλιῖηἰὶὲ.
1751 3300 1814 3395 (3..
1834 3313 1896 3354 pr.

24 3422 26 3424 ’
87 3383 102 3404 Ι
137 3357 365 3466 οᾶῖηῑζῐῗω]
386 3370 465 3436 qu⁸
491 3369 779 3464 dicgi’fprirlnlo
799 3410 922 3456 dicat,
945 3355 1066 3449 lgm]
1089 3367 1262 3460 necillej
1278 3367 1362 3454 ifl'la,
1384 3407 1434 3449 C.
1594 3367 1632 3432 (¹³⁰
1659 3354 1896 3462 vegtatrggj

137 3479 220 3507 om.
240 3466 304 3508 ed.
354 3479 386 3506 r.
574 3466 604 3490 ¹¹
633 3465 837 3518 discendi]
859 3463 1135 3510 diseendendi‚
1157 3463 1312 3503 A.B.C.
1432 3516 1440 3525 ·
1464 3516 1472 3525 .
1496 3461 1545 3515 ¹²!
1554 3462 1657 3516 quo]
1679 3476 1704 3504 a
1723 3477 1819 3517 quo,
1840 3464 1895 3504 D.

137 3519 171 3545 ¹⁸
195 3521 320 3562 catho
338 3520 418 3574 ‘ce]
440 3520 686 3573 theologice,
708 3520 763 3560 D.
940 3518 970 3543 ¹⁴
996 3518 1149 3572 gradus
1168 3516 1307 3570 multi]
1328 3515 1476 3557 infiniti
1494 3517 1658 3569 g'radus,
1680 3518 1728 3560 C.
1749 3518 1812 3560 ed.
1833 3531 1895 3573 pr.

138 3574 169 3599 ¹⁸
195 3574 341 3629 aliqui]
362 3588 445 3616 om.
467 3575 548 3622 D.;
581 3575 663 3622 alii,
686 3575 784 3616 B.C.
807 3574 869 3616 ed.
890 3587 950 3626 pr.
1118 3571 1149 3596 ¹⁶
1178 3571 1292 3624 sunt]
1316 3584 1397 3612 om.
1418 3571 1481 3612 ed.
1501 3585 1564 3625 pr.

238 3676 261 3691 A
