2436 4094
333 447 434 498 180
1020 447 1446 511 JOANNIS
1507 448 1856 498 WIC'LIF
2158 464 2320 494 marn.

571 581 842 643 diligentius
878 588 924 628 et
960 580 1175 628 subtilius
1211 596 1358 643 quam
1390 581 1604 629 fecerunt
1637 581 1841 643 apostoli
1858 597 1870 640 ;
1922 580 2008 629 sed
2039 580 2220 628 factum
2257 578 2319 626 is-

569 671 727 709 torum
751 662 1111 725 hypocritarum
1138 662 1280 710 docet
1303 662 1557 711 manifeste
1583 677 1724 710 suum
1756 662 2081 710 mendacium.
2152 660 2318 719 Quae-

568 759 758 806 cunque
783 758 900 806 ergo
924 744 1070 791 virtus
1096 759 1220 806 quae
1245 751 1481 806 temperat
1503 743 1754 792 hominem
1779 743 1842 791 ad
1865 742 2186 806 mitigandum
2207 755 2320 804 pas-

568 825 729 872 siones
764 823 1054 883 iracundiae,
1081 833 1241 888 potest
1274 826 1366 873 dici
1400 825 1488 873 sibi
1521 826 1762 888 opposita,
1789 826 1884 873 sive
1917 824 2057 873 fuerit
2090 822 2322 887 patientia

253 926 446 966 patiemim
569 907 666 954 sive
691 907 867 954 mititas
891 906 965 954 vel
1001 906 1093 954 alia
1124 907 1270 955 virtus
1304 907 1616 956 nominanda.
1687 906 1833 954 Unde
1866 906 2100 969 patientia
2121 911 2322 953 vocatur

252 968 439 1029 {fizguumtii
567 989 712 1036 virtus
739 1004 850 1036 cum
875 989 1210 1050 tranquillitate
1236 989 1427 1036 animae
1452 989 1648 1050 injurias
1668 988 1905 1036 tolerandi
1919 1005 1932 1047 3
1970 995 2018 1036 et
2040 987 2219 1035 mititas
2235 999 2321 1033 vo-

568 1078 701 1117 catur
723 1070 868 1117 virtus
894 1085 922 1116 a
946 1069 1268 1117 vindicatione
1288 1070 1448 1117 illicita
1471 1070 1693 1132 propriae
1719 1070 1918 1131 injuriae
1945 1067 2216 1117 abstinendi
2224 1082 2236 1126 ;
2273 1074 2322 1114 et

568 1161 771 1215 utraque
798 1154 1060 1216 opponitur
1078 1154 1369 1201 iracundiae.
1441 1153 1505 1199 Et
1529 1161 1689 1215 potest
1714 1153 1882 1200 divisio
1906 1152 2079 1199 harum
2099 1151 2321 1198 virtutum

569 1236 676 1297 capi
700 1250 851 1298 penes
876 1250 1073 1282 causam
1102 1243 1148 1282 et
1172 1231 1385 1298 poenam
1418 1235 1617 1297 injuriae
1649 1233 1875 1296 patiendi,
1900 1241 1952 1280 ut
1985 1233 2119 1280 aliter
2148 1245 2322 1294 passus

569 1325 642 1364 est
673 1317 836 1364 martir
860 1316 1137 1364 immediate
1163 1332 1251 1378 pro
1279 1315 1486 1374 Christ0‚
1512 1323 1559 1363 et
1592 1315 1724 1363 aliter
1756 1314 2003 1377 injuriatus
2027 1329 2056 1362 a
2078 1313 2324 1376 proxime,

569 1413 742 1445 omnes
782 1405 946 1445 tamen
988 1398 1070 1460 qui
1107 1398 1352 1461 patiuntur
1386 1398 1596 1445 virtuose
1638 1399 1699 1446 ab
1741 1396 1918 1459 aliquo,
1954 1396 2198 1458 patiuntur
2231 1409 2322 1457 pro

569 1494 733 1527 amore
777 1478 955 1527 Christi
996 1486 1044 1526 et
1085 1479 1366 1527 defensione
1410 1479 1599 1541 passiva
1636 1494 1751 1526 suae
1786 1478 2008 1541 justitiae.
2085 1476 2324 1525 Latrones

568 1569 728 1609 autem
765 1560 1034 1608 secundum
1058 1560 1375 1622 Auguslz'num
1401 1568 1448 1608 et
1483 1560 1560 1608 alii
1594 1560 1800 1608 malefici
1835 1559 1998 1607 durius
2020 1557 2324 1622 puniuntur¹,

568 1643 742 1704 quibus
766 1641 956 1691 tamen2
975 1657 1120 1690 causa
1139 1658 1241 1690 non
1259 1642 1417 1700 valuit,
1437 1642 1548 1690 ideo
1568 1656 1668 1689 non
1687 1657 1748 1689 ex
1765 1641 1861 1689 hoc
1881 1639 2193 1689 solummodo
2213 1646 2324 1687 sunt

569 1723 810 1785 laudandi,
836 1724 924 1772 sed
958 1724 1208 1771 assistente
1244 1724 1531 1771 contritione
1566 1724 1725 1786 operis
1757 1722 2018 1786 perpetrati
2049 1730 2096 1769 et
2121 1721 2322 1769 durante

569 1821 722 1868 usque
759 1806 822 1853 ad
855 1806 1002 1853 finem
1041 1805 1177 1863 vitae,
1211 1806 1396 1853 videtur
1430 1805 1548 1852 mihi
1582 1805 1714 1867 quod
1746 1804 2041 1853 laudabiliter
2071 1802 2326 1851 finierunt³

571 1889 717 1935 vitam
738 1903 890 1935 suam.
940 1887 1036 1934 Sed
1053 1902 1160 1934 raro
1175 1887 1455 1934 hominibus
1474 1887 1523 1933 in
1544 1886 1723 1935 scelere
1739 1887 1971 1934 induratis
1988 1885 2067 1934 hic
2086 1885 2194 1933 finis
2213 1900 2323 1933 eve-

253 1982 484 2050 33¹²{S‘³{¹1{³1¹¹e⁵
575 1970 657 2017 nit.
728 1969 791 2016 Et
814 1977 1030 2016 moveret
1053 1960 1257 2015 multum
1283 1969 1344 2016 ad
1370 1968 1738 2015 detestationem
1762 1969 1949 2030 peccati
1972 1966 2249 2015 iracundiae
2274 1973 2323 2014 et

223 2075 226 2112 l
252 2052 411 2079 suadeant·
572 2052 987 2099 conservationem
1011 2050 1281 2112 patientiae,
1308 2049 1440 2112 quod
1461 2050 1642 2097 videtur
1667 2050 1839 2097 iratum
1864 2050 1915 2096 in
1933 2048 2027 2096 Dei
2053 2047 2323 2096 dominium

222 2114 229 2240 ἱ
567 2132 919 2194 blasphemare.
977 2131 1088 2179 Deo
1108 2131 1306 2193 quidem
1325 2139 1397 2178 est
1416 2131 1666 2193 proprium
1692 2131 1750 2178 de
1770 2130 1952 2193 injuriis
1976 2130 2249 2179 commissis
2273 2130 2323 2178 in

570 2210 707 2262 eum4
732 2213 987 2269 vindicare,
1015 2212 1125 2260 ideo
1152 2213 1428 2275 quicunque
1452 2213 1620 2259 vitiose
1647 2213 1916 2275 prorumpit
1939 2212 1989 2259 in
2022 2211 2157 2269 iram,
2183 2226 2322 2274 prae-

571 2295 714 2343 sumit
749 2294 1010 2342 vindictam
1045 2309 1168 2356 quae
1204 2294 1315 2341 Deo
1357 2301 1430 2341 est
1469 2293 1679 2355 propria,
1706 2301 1752 2341 et
1786 2308 1873 2356 per
1908 2307 2216 2356 consequens
2253 2294 2322 2341 sic

569 2377 888 2439 blasphemat.
961 2375 1081 2430 Ideo
1118 2376 1183 2422 ait
1218 2375 1338 2423 fides
1375 2375 1663 2437 scripturae:
1718 2375 1863 2422 ‘mihi
1899 2375 2109 2423 vindicta
2143 2383 2190 2423 et
2225 2389 2321 2437 ego

571 2454 885 2506 retribuam⁵.'
956 2456 1100 2504 Fides
1137 2457 1282 2503 etiam
1318 2455 1377 2503 de
1413 2455 1507 2503 Dei
1542 2455 1895 2519 omnipotentia
1928 2457 2169 2504 moveret⁶
2205 2471 2321 2505 suos

571 2540 693 2588 filios
730 2539 792 2586 ad
827 2538 921 2586 hoc
957 2538 1102 2596 idem,
1128 2553 1240 2585 cum
1276 2553 1335 2584 ex
1372 2537 1467 2585 fide
1504 2538 1743 2585 credimus
1780 2538 1913 2600 quod
1949 2551 2013 2586 ex
2032 2538 2127 2587 Dei
2162 2539 2321 2587 omni-

571 2621 787 2684 potentia
823 2619 1087 2681 subterfugi
1112 2634 1214 2666 non
1250 2626 1410 2682 potest
1438 2634 1757 2681 quaecunque
1792 2619 1977 2682 injuria,
2005 2620 2123 2682 quin
2157 2635 2187 2668 a
2209 2618 2321 2668 Deo

571 2703 634 2750 ad
658 2702 875 2763 regulam
899 2701 1177 2748 vindicetur.
1249 2700 1395 2748 Fides
1429 2701 1574 2748 etiam
1604 2700 1747 2748 docet
1769 2699 1863 2748 Dei
1897 2701 2034 2758 filios,
2060 2701 2198 2763 quod
2231 2701 2319 2749 hu-

572 2785 744 2832 militer
768 2783 1058 2831 reservando
1082 2783 1192 2834 Deo
1217 2782 1490 2840 vindictam,
1516 2790 1676 2844 potest
1700 2783 1882 2831 inimici
1914 2777 2169 2832 crudelitas
2197 2785 2323 2832 miti-

571 2867 688 2930 gari.
758 2866 820 2915 Et
845 2866 1290 2929 quomodocunque
1323 2866 1383 2913 sit
1409 2865 1468 2913 de
1494 2865 1603 2922 hoc,
1630 2866 1744 2912 certi
1778 2880 1945 2913 sumus
1969 2881 2030 2913 ex
2054 2865 2163 2923 fide,
2188 2867 2323 2929 quod

573 2949 762 3011 patiens
782 2963 883 2995 non
902 2955 1061 3009 potest
1080 2963 1108 2994 a
1124 2947 1341 3009 praemio
1361 2947 1495 3008 largo
1517 2946 1748 2994 deficere:
1782 2946 1895 2993 ideo
1914 2954 2014 2993 tam
2033 2947 2154 2994 ratio
2173 2961 2322 3009 quam

574 3030 693 3078 fides
719 3029 952 3091 evangelii
985 3028 1316 3076 condemnant
1339 3027 1492 3075 taliter
1516 3027 1788 3075 iracundos.
1866 3027 1929 3075 Et
1961 3027 2076 3076 hinc
2102 3027 2322 3077 Christus

576 3112 719 3159 docet
744 3126 859 3158 suos
887 3110 1134 3172 apostolos
1159 3109 1277 3162 Luc.
1303 3109 1399 3157 xxi.
1427 3109 1502 3156 ‘in
1526 3109 1755 3170 patientia
1785 3108 1979 3170 (inquit)
2014 3109 2323 3171 possidebitis

576 3194 762 3241 animas
786 3192 1019 3240 vestras⁷.'
1081 3191 1244 3238 Nemo
1269 3191 1399 3238 enim
1425 3190 1559 3237 sedet
1585 3189 1797 3237 securius
1811 3190 1872 3236 in
1896 3190 1991 3237 vita
2013 3191 2168 3248 beata,
2189 3191 2322 3253 quod

577 3282 716 3322 sonat
757 3274 957 3321 verbum
998 3272 1293 3335 possidendi,
1342 3287 1488 3335 quam
1529 3271 1594 3318 illi
1635 3271 1717 3334 qui
1754 3286 1843 3334 pro
1881 3271 2073 3320 Christo
2111 3281 2322 3322 mortem

632 3430 645 3453 ¹
674 3428 915 3481 puniuntur]
937 3427 1158 3480 patiuntur,
1175 3427 1237 3473 C.,
1260 3427 1306 3466 B.
1327 3426 1482 3479 primae
1502 3439 1658 3472 manus,
1680 3426 1743 3465 ed.
1763 3438 1824 3478 pr.
2005 3425 2022 3448 ²
2049 3426 2206 3478 tamen]
2228 3439 2322 3467 cum

576 3483 638 3522 ed.
659 3497 720 3534 pr.
847 3483 862 3505 ³
891 3481 1098 3532 finierunt]
1120 3481 1276 3528 finiunt,
1298 3481 1344 3520 B.
1364 3481 1519 3533 primae
1537 3493 1693 3525 manus,
1714 3480 1776 3519 ed.
1796 3493 1857 3532 pr.
1995 3478 2011 3502 4
2037 3479 2151 3532 eum]
2173 3481 2321 3528 taliter,

578 3537 651 3575 ins.
673 3538 734 3576 ed.
756 3550 816 3589 pr.
916 3536 941 3571 ,⁵
969 3536 1019 3576 ef.
1041 3536 1266 3575 Deuteron.
1286 3536 1405 3574 xxxii.
1429 3546 1503 3585 35;
1533 3535 1765 3580 vindictam,
1782 3534 1934 3574 A.B.C.
2073 3533 2090 3557 ⁶
2116 3535 2319 3588 moveret]

579 3597 774 3637 moneret,
796 3591 859 3630 ed.
880 3604 940 3644 pr.
1104 3590 1126 3613 ⁷'
1147 3589 1409 3642 possidebitis
1429 3589 1586 3629 animas
1605 3588 1778 3641 vestras]
1801 3593 1946 3635 vestra,
1967 3601 2050 3629 om.
2071 3588 2227 3630 A.B.C.
