2436 4094
310 454 379 504 60

982 443 1401 510 JOANNIS
1448 437 1794 494 WICLIF
2150 461 2274 491 max.

526 593 689 631 tamen
708 581 898 629 cuilibet
917 594 1168 642 personae,
1189 594 1312 640 quae
1333 587 1412 626 est
1430 579 1596 636 deitas,
1618 579 1738 626 sicut
1756 592 1968 641 persona
1989 585 2062 626 e'st
2086 578 2276 626 incom-

528 664 832 711 municabilis
858 663 920 710 ad
943 662 1073 708 hunc
1099 676 1306 719 sensum,
1332 661 1468 722 quod
1493 661 1550 708 sit
1573 660 1835 707 multorum
1860 659 2184 722 singularium,
2203 657 2279 706 et²

526 752 689 792 tamen
714 742 1129 800 communicabile,
1154 743 1268 804 quia
1291 751 1461 789 natura
1485 741 1656 789 divina.
1727 741 1789 789 Et
1813 741 1990 788 eodem
2011 741 2164 789 modo
2187 754 2275 788 na-

521 834 626 873 tura
650 833 720 872 est
749 823 1220 881 incommunicabile,
1247 824 1359 886 quia
1391 823 1613 885 persona,
1646 831 1810 871 tamen
1841 830 1912 871 est
1937 822 2273 870 communica-

523 906 666 964 bilis2,
716 907 828 968 quia
874 906 1018 952 trium
1058 920 1375 967 personarum
1417 914 1487 953 est
1530 905 1780 967 quaelibet.
1869 903 1976 952 Nec
2025 912 2096 952 est
2135 903 2275 952 facile

523 988 717 1049 fingere,
746 1003 892 1049 quare
926 1002 1028 1034 non
1058 987 1298 1048 quaelibet
1329 987 1472 1034 trium
1496 1002 1655 1034 rerum
1688 987 1832 1034 creati
1858 987 2047 1049 spiritus
2078 987 2136 1034 sit
2167 1001 2276 1049 per-

522 1085 656 1126 sona,
677 1084 789 1116 cum
816 1070 873 1116 sit
896 1069 1140 1116 rationalis
1164 1077 1362 1115 naturae
1381 1069 1850 1117 incommunicabilis
1874 1068 2127 1116 existentia
2140 1083 2153 1127 ;
2191 1065 2275 1115 de-

522 1151 618 1198 ficit
649 1159 814 1198 tamen
844 1150 961 1197 mihi
995 1151 1250 1198 auctoritas
1283 1150 1350 1198 sic
1374 1149 1617 1212 loquendi.
1686 1149 1878 1197 Boetius
1907 1158 2068 1199 autem
2091 1149 2277 1198 videtur

522 1233 692 1290 dicere,
718 1231 850 1294 quod
882 1247 1092 1294 persona
1125 1233 1182 1280 sit
1214 1232 1457 1279 rationalis
1488 1240 1686 1279 naturae
1719 1231 1964 1279 individua
1995 1231 2274 1289 substantia,
2311 1268 2316 1270 ψ

520 1323 567 1361 et
591 1313 712 1361 forte
736 1314 954 1376 intelligit
976 1330 1062 1376 per
1087 1314 1400 1361 substantiam
1433 1314 1802 1372 subsistentiam,
1827 1328 1952 1376 quae
1977 1321 2050 1361 est
2080 1311 2278 1360 inferius

521 1411 669 1458 quam
697 1397 973 1456 substantia,
1000 1404 1046 1443 et
1079 1405 1194 1444 tunc
1222 1411 1432 1458 persona
1465 1396 1635 1443 dicitur
1658 1395 1998 1458 ethimologice
2028 1395 2168 1458 quasi
2189 1402 2278 1456 per

519 1494 565 1525 se
606 1494 714 1526 una.
787 1478 959 1526 Homo
995 1478 1138 1540 igitur
1173 1477 1283 1525 licet
1325 1478 1385 1525 sit
1425 1485 1526 1525 tam
1568 1491 1744 1540 corpus
1785 1492 1934 1539 quam
1974 1465 2150 1536 anima,
2185 1477 2276 1525 ista

520 1566 684 1607 tamen
718 1569 827 1607 sunt
852 1560 1066 1607 diversae
1099 1568 1298 1607 naturae
1313 1575 1325 1618 ;
1363 1559 1474 1607 ideo
1508 1559 1807 1606 individuum
1838 1558 2047 1607 hominis
2077 1573 2182 1606 non
2207 1558 2275 1606 sic

522 1643 908 1689 communicatur
943 1641 1101 1688 eidem
1134 1650 1346 1699 naturae,
1375 1657 1466 1689 nec
1493 1641 1743 1703 specifice3
1765 1656 1856 1688 nec
1888 1641 2144 1689 individue.
2213 1640 2279 1688 Et

521 1722 583 1770 ad
616 1724 896 1783 communia
922 1731 1208 1785 argumenta
1241 1723 1414 1784 quibus
1446 1731 1820 1785 argumentatur,
1846 1722 1981 1785 quod
2014 1729 2139 1771 esset
2160 1736 2276 1785 pro·

521 1820 684 1852 cessus
707 1802 944 1852 infinitus⁴²
961 1805 1011 1851 in
1036 1805 1335 1862 trinitatibus,
1357 1820 1470 1852 cum
1493 1820 1704 1866 persona
1726 1805 1882 1866 prima
1905 1805 2082 1852 habeat
2104 1812 2276 1867 poten·

520 1886 636 1933 tiam
660 1887 880 1933 notitiam
904 1895 952 1934 et
977 1886 1395 1948 complacentiam,
1423 1901 1547 1947 quae
1571 1886 1676 1948 pari
1700 1886 1940 1934 evidentia
1971 1886 2274 1949 distinguun-

521 1974 609 2025 tur,
647 1983 744 2029 qua
777 1975 872 2014 tres
902 1982 1138 2029 personae
1172 1969 1375 2025 divinae,
1413 1975 1459 2014 et
1491 1967 1613 2015 foret
1648 1982 1904 2030 processus
1931 1967 1982 2015 in
2014 1967 2271 2015 infinitum.

524 2048 708 2096 Solutio
743 2056 829 2106 est,
856 2048 989 2111 quod
1021 2050 1178 2111 prima
1209 2064 1422 2111 persona
1453 2049 1613 2096 divina
1637 2065 1698 2096 ex
1732 2065 1783 2098 se
1817 2057 1890 2097 est
1921 2050 2166 2111 potentia;
2203 2058 2276 2098 est

521 2137 682 2177 autem
700 2130 997 2188 intellectiva,
1024 2131 1136 2192 quia
1161 2131 1437 2178 communis
1461 2138 1646 2188 natura,
1673 2145 1786 2177 cum
1811 2131 2099 2178 intellectiva
2117 2145 2275 2192 quan-

523 2211 683 2273 doque
709 2211 940 2273 accipitur
963 2212 1279 2273 personaliter
1304 2220 1351 2260 et
1376 2212 1669 2274 quandoque
1695 2212 1995 2271 naturaliter3
2039 2220 2087 2259 et
2111 2213 2179 2260 sic
2204 2220 2277 2260 est

522 2293 581 2339 de
607 2292 798 2340 duobus
823 2293 924 2340 aliis
947 2293 1242 2347 nominibus,
1268 2293 1445 2341 scilicet
1469 2294 1684 2356 potentia
1715 2302 1763 2341 et
1795 2294 2141 2342 benevolentia.
2211 2294 2275 2342 Et

520 2374 585 2421 ita
599 2382 669 2421 est
688 2373 928 2436 quaedam
945 2375 1229 2422 insensualis
1249 2376 1462 2438 nugatio,
1482 2376 1746 2437 procedere
1766 2391 1908 2437 super
1926 2376 2015 2424 tria
2031 2377 2082 2422 in
2101 2383 2274 2424 natura

522 2456 693 2513 divina,
720 2470 831 2503 cum
864 2456 1080 2518 potentia
1108 2456 1214 2504 talis
1249 2457 1493 2518 potentiae
1528 2456 1652 2504 foret
1688 2457 1817 2504 illam
1850 2457 2096 2505 naturam⁵
2127 2447 2273 2520 posse

521 2552 678 2599 posse,
714 2546 760 2585 et
795 2537 1110 2599 intelligentia
1141 2539 1273 2585 verbi
1296 2537 1390 2585 Dei
1426 2538 1564 2596 foret,
1589 2539 1720 2586 illam
1753 2547 1975 2586 naturam
2009 2539 2273 2602 intelligere

520 2619 795 2680 intelligere,
826 2627 873 2666 et
908 2619 1153 2667 voluntas6
1190 2619 1327 2677 foret,
1352 2617 1507 2668 illam⁷
1542 2621 1660 2667 velle
1697 2620 1842 2680 velle3
1880 2629 1927 2668 et
1961 2620 2103 2669 tunc⁸
2138 2628 2274 2683 pater

520 2700 737 2762 intelligit
770 2701 1017 2748 communi
1045 2701 1376 2764 intelligentia,
1403 2702 1526 2750 sicut
1558 2702 1683 2750 filius
1715 2710 1876 2765 potest
1907 2703 2159 2751 communi
2182 2717 2274 2766 po-

522 2783 685 2841 tentia,
710 2790 871 2844 potest
894 2790 1058 2830 tamen
1083 2783 1204 2831 sicut
1227 2791 1299 2831 est
1322 2799 1409 2845 per
1439 2784 1707 2846 potentiam
1732 2799 1856 2846 quae
1881 2792 1954 2832 est
1984 2793 2135 2847 pater,
2161 2799 2274 2832 cum

522 2880 582 2912 ex
618 2872 753 2926 patre
793 2864 940 2912 habet
981 2880 1099 2912 esse.
1178 2865 1241 2912 Et
1283 2865 1594 2913 conformiter
1627 2865 1802 2913 tollitur
1838 2865 1956 2913 alia⁹
1999 2865 2264 2924 difficultas,

520 2953 679 2993 utrum
704 2953 873 2993 natura
895 2946 1056 2994 divina
1079 2947 1232 3008 gignit
1255 2955 1337 2994 aut
1361 2947 1582 3008 gignitur.
1654 2946 1888 3005 Quamvis
1912 2955 2074 2995 autem
2090 2947 2270 2994 Petrus

521 3027 820 3074 Lumbardus
843 3028 1058 3076 videatur
1082 3029 1255 3086 dicere,
1275 3028 1410 3090 quod
1434 3043 1536 3076 non
1562 3029 1682 3076 sicut
1698 3028 1884 3090 species
1903 3028 2116 3077 humana
2133 3044 2226 3077 nec
2235 3029 2273 3056 ¹⁰

522 3116 722 3171 generat
752 3125 843 3157 nec
875 3117 1144 3172 generatur,
1171 3125 1283 3157 cum
1324 3110 1449 3157 actio
1475 3125 1577 3157 non
1610 3117 1857 3172 competat
1889 3109 2155 3158 formaliter
2179 3111 2270 3158 nisi

521 3206 771 3253 personae,
803 3199 961 3254 potest
995 3200 1157 3240 tamen
1190 3191 1282 3239 dici
1316 3191 1639 3254 probabiliter,
1677 3191 1810 3253 quod
1847 3192 1966 3239 sicut
2002 3207 2063 3239 ex
2099 3200 2271 3241 natura

578 3376 590 3398 ¹
620 3378 676 3426 et]
697 3382 769 3422 est,
790 3377 852 3416 ed.
873 3390 933 3429 pr.
955 3390 1048 3416 cum
1068 3377 1115 3417 C.
1137 3377 1292 3428 primae
1310 3389 1468 3422 manus,
1491 3376 1544 3415 D.
1674 3375 1690 3398 2
1718 3376 2088 3429 communicabilis]
2110 3376 2269 3418 incom-

524 3429 791 3476 municabilis,
811 3432 873 3470 ed.
894 3444 953 3483 pr.
1083 3431 1098 3454 ³
1127 3430 1331 3483 specifice]
1355 3430 1576 3483 specivoce,
1598 3430 1660 3469 ed.
1681 3444 1741 3482 pr.
1853 3429 1868 3452 4
1894 3429 2095 3483 infinitus]
2115 3431 2160 3470 in
2179 3432 2267 3471 infi-

524 3483 666 3528 nitum,
688 3484 740 3522 D.
870 3485 885 3507 ⁵
912 3485 1115 3538 naturam]
1134 3491 1321 3525 naturam
1340 3485 1512 3531 nullum,
1533 3485 1594 3524 ed.
1616 3497 1676 3536 pr.
1804 3484 1821 3507 ⁶
1849 3484 2056 3536 voluntas]
2077 3485 2267 3526 voluntas

525 3536 756 3582 voluntatis,
778 3539 838 3578 ed.
860 3553 920 3591 pr.
942 3540 993 3578 A.
1105 3540 1119 3562 ⁷
1147 3539 1279 3591 illam]
1303 3539 1415 3585 illud,
1435 3540 1498 3579 ed.
1518 3552 1577 3591 pr.
1675 3539 1689 3562 ⁸
1719 3538 1835 3590 tunc]
1859 3539 1929 3584 sic,
1952 3538 2005 3577 D.
2118 3539 2134 3562 ⁹
2162 3540 2262 3593 alia]

527 3603 607 3629 om.
628 3591 689 3630 ed.
710 3605 769 3643 pr.
882 3594 911 3616 ¹⁰
940 3594 1033 3647 nec]
1055 3608 1150 3639 non,
1171 3594 1233 3633 ed.
1254 3607 1314 3646 pr.
1335 3607 1427 3634 cum
1448 3594 1554 3634 C.D.
