2436 4094
699 339 1456 390 PROLEGOMENA.
1984 352 2047 405 19

13 532 16 534 ,
60 501 89 522 ,-
118 470 420 530 Rmtofurti
449 478 498 521 et
523 471 734 536 Lipsiae,
760 474 995 537 impensis
1020 472 1092 530 10.
1119 472 1271 522 Gottl.
1310 471 1570 534 Vierlz'ngz'z'
1588 485 1721 519 anno
1753 482 1880 532 1753
1914 471 1966 518 in
1991 468 2045 529 4⁰

35 603 38 606 -
68 531 176 637 3ss
187 558 366 613 ‘iucem
406 561 606 624 prolata,
646 570 835 625 praeter
872 562 1134 625 prologum
1176 569 1224 609 et
1265 560 1479 609 indicem
1518 558 1728 622 paginas
1770 561 1866 620 318
1912 573 2049 606 com-

71 646 352 718 em,
390 657 535 713 atque
576 650 802 709 eundem,
838 666 986 714 quem
1024 651 1171 700 editio
1210 651 1451 714 princepS‚
1490 649 1679 698 titulum
1721 647 1929 706 exhibet,
1968 647 2044 696 his

2 804 5 805 ⁷
71 740 306 799 mam
326 738 502 789 additis
520 739 676 788 verbis
692 755 714 787 τ’
741 743 754 765 ‘
771 748 940 788 auctus
959 748 1032 788 est
1051 739 1260 802 denique
1279 740 1399 787 liber
1423 739 1650 802 catalogo
1670 737 2046 809 praecipuorum

72 826 187 882 ³oe
197 826 405 877 Wiclefo
429 834 598 875 nostro
616 827 920 889 scriptorum,
940 842 1087 891 quem
1101 828 1198 876 vita
1216 843 1277 875 ex
1301 827 1497 890 optimis
1516 826 1731 875 fontibus
1747 824 2045 874 Germanico

3 935 8 971 †
116 916 349 970 iffiomaoe
372 916 570 979 depicta
593 913 836 979 sequitur.'

172 1004 262 1055 *Ex
285 1005 381 1054 hoc
403 1004 524 1054 tituli
547 1004 878 1053 additamento
902 1004 1100 1053 editoris
1125 1019 1309 1052 nomen
1333 1005 1384 1052 in
1408 1004 1657 1052 volumine
1680 1002 1778 1050 hoc
1801 1017 2044 1064 nusquam

114 1108 401 1160 expressum
441 1094 604 1157 colligi
645 1102 818 1157 potest.
888 1093 1003 1142 Vita
1043 1095 1190 1151 enim,
1230 1093 1368 1156 cujus
1408 1093 1593 1141 mentio
1636 1092 1764 1140 facta
1804 1099 1891 1149 est,
1935 1092 2040 1138 sine

93 1182 266 1251 ‘jdubio
300 1183 423 1251 haec
457 1192 557 1232 est:
594 1182 662 1232 D.
683 1182 926 1247 johannes
961 1184 1074 1244 (sic)
1112 1183 1309 1246 Wz‘clcfiz'
1339 1182 1608 1246 wabrlzafle
1643 1181 1746 1228 und
1764 1179 2044 1243 gegrilndete

58 1284 83 1335 j]
119 1271 442 1325 Nachrzkhten
474 1287 562 1321 von
595 1274 762 1321 sez‘nem
784 1271 951 1331 Leben,
976 1272 1287 1320 Lehrsaetzen
1311 1273 1413 1319 und
1430 1270 1686 1334 Schrzften,
1712 1285 1802 1317 von
1828 1268 2042 1331 Ludwzgae

114 1359 318 1426 Philipp
349 1361 517 1420 Wirtlz,
547 1371 691 1423 1754,
719 1371 788 1420 40.
861 1360 1015 1424 Igitur
1045 1360 1124 1409 hic
1148 1361 1252 1423 ipse
1285 1359 1565 1408 Ludovicus
1589 1358 1840 1421 Philippus
1873 1357 2042 1414 Wz'rllz,

98 1451 203 1517 qui
225 1451 542 1500 concionator
565 1450 746 1499 aulicus
771 1458 915 1513 atque
940 1457 1195 1497 conrector
1214 1447 1518 1496 Culmbachii
1541 1447 1643 1505 fuit,
1662 1447 1805 1495 istam
1823 1445 2042 1508 Trialogi

2 1563 8 1570 ⁴
66 1554 70 1559 ·
98 1539 383 1591 ‘editionem
421 1539 661 1588 curavisse
695 1540 895 1588 videtur.
970 1538 1099 1587 Cum
1134 1553 1250 1586 vero
1289 1538 1349 1586 de
1386 1537 1591 1586 consilio
1627 1551 1686 1585 ac
1721 1536 1909 1583 ratione
1943 1534 2047 1582 edi-

48 1628 265 1682 5fonis
293 1628 615 1678 instituendae
649 1644 712 1677 ne
735 1644 889 1676 unum
924 1629 1123 1691 quidem
1155 1628 1355 1675 verbum
1390 1625 1641 1688 proditum
1678 1625 1752 1683 sit,
1788 1624 1907 1672 liber
1941 1623 2046 1685 ipse

109 1718 382 1775 ffltimonii
404 1719 554 1768 instar
571 1718 901 1781 inspiciendus
924 1725 1012 1766 est.

60 1811 72 1831 ³
116 1812 131 1858 ἶ
185 1805 432 1855 Volumen
466 1807 562 1855 hoc
596 1806 713 1854 nihil
748 1807 951 1854 omnino
987 1806 1170 1869 proprii
1206 1804 1365 1862 habet,
1404 1818 1517 1851 cum
1553 1801 1750 1850 nonnisi
1787 1801 1851 1849 ad
1893 1799 2043 1847 fidem

47 1890 66 1913 ⁵
116 1894 342 1948 editionis
376 1895 608 1959 principis
642 1911 929 1959 expressum
965 1896 1039 1944 sit.
1109 1893 1341 1956 Namque
1378 1899 1426 1940 et
1461 1892 1696 1955 prologus
1733 1898 1782 1938 et
1816 1888 1963 1937 index
1997 1895 2047 1935 et

77 1986 279 2038 ''textus
335 1985 442 2049 ipse
471 1993 550 2034 -et
574 1986 860 2034 ‘summaria
905 1985 1112 2048 margini
1158 1984 1708 2047 apposita—postremo
1758 1980 1928 2027 omnia
1982 1993 2044 2027 ex

7 2106 17 2114 κ
39 2071 48 2123 Ji
116 2073 351 2125 editione
370 2075 589 2139 principe
628 2090 748 2139 pure
796 2075 1053 2138 depromta
1100 2081 1227 2122 sunt.
1298 2073 1410 2121 Imo
1457 2071 1614 2121 editor
1662 2071 1811 2119 seculi
1853 2069 2044 2119 XVIIL

95 2163 322 2227 'vesfigia
361 2163 558 2213 editoris
598 2164 740 2227 primi
781 2178 896 2211 eum
935 2163 987 2210 in
1028 2162 1235 2210 modum
1278 2161 1466 2224 pressit,
1505 2167 1559 2207 ut
1600 2167 1647 2207 et
1688 2159 1739 2207 in
1784 2160 2047 2208 verborum

50 2248 53 2268 ⁵
95 2255 505 2319 ‘inter‘pumtione
540 2254 604 2302 ab
635 2253 863 2316 exemplo
899 2254 1037 2302 istius
1068 2253 1148 2300 vix
1182 2266 1402 2314 unquam
1439 2249 1700 2298 declinaret
1723 2257 1772 2297 et
1795 2249 1907 2298 vitia
1932 2265 2044 2297 cum

38 2358 47 2391 ἰ
117 2345 318 2395 editoris
350 2344 535 2393 incuria
569 2351 675 2392 tum
708 2344 929 2407 ipsorum
969 2343 1118 2391 etiam
1145 2340 1566 2405 typographorum
1602 2339 1897 2403 negligentia
1937 2347 2046 2387 orta

32 2465 34 2468 v
59 2493 62 2497 ⁴
118 2434 321 2486 fideliter
351 2442 403 2483 et
437 2441 659 2483 accurate
689 2440 938 2496 repeteret.
1013 2431 1227 2481 Sufficiat
1257 2445 1528 2494 paucorum
1561 2444 1794 2487 errorum,
1821 2429 1904 2492 qui
1927 2429 2044 2477 utri-

41 2581 45 2591 ³
90 2538 275 2588 ¹usque
321 2523 547 2573 editionis
587 2537 876 2571 communes
918 2530 1044 2580 sunt,
1092 2521 1396 2570 mentionem
1444 2519 1617 2568 facere.
1691 2518 1752 2566 In
1799 2518 1906 2566 libri
1952 2517 2048 2566 IV.

32 2616 65 2681 Γ·
119 2613 332 2677 capitulo
357 2627 387 2672 4
412 2618 583 2661 auctor
617 2612 678 2661 de
715 2627 752 2660 s.
779 2626 938 2660 coena
972 2626 1125 2673 agens
1160 2618 1207 2657 et
1232 2609 1503 2658 doctrinam
1529 2608 1590 2655 de
1619 2606 2045 2655 transsubstantia-

34 2709 39 2762 ἶ
119 2702 254 2752 tione
285 2700 641 2763 Christologiae
665 2714 760 2763 ope
783 2699 1079 2762 impugnans
1102 2698 1223 2746 haec
1247 2697 1458 2760 profert:
1496 2700 1509 2721 ‘
1525 2695 1857 2743 Panis—non
1880 2694 2045 2756 potius

41 2798 49 2802 ”
114 2792 303 2844 'desinit
339 2806 447 2841 esse
482 2792 637 2856 panis,
676 2805 826 2855 quam
863 2789 1139 2838 humanitas
1179 2803 1241 2836 ex
1276 2786 1385 2846 hoe,
1425 2785 1562 2850 quod
1604 2786 1657 2834 fit
1691 2784 1842 2844 Deus,
1869 2785 2046 2834 desinit

6 2912 16 2942 χ
37 2876 49 2933 ζ,
101 2866 231 2934 'esse
252 2880 438 2931 homo!
473 2944 476 2948 ἢ

95 2982 107 2986 ”
126 3013 146 3022 ,,
189 2972 303 3039 Jam
325 2974 378 3022 in
407 2972 621 3022 editione
644 2971 862 3035 principe
887 2969 1245 3032 intel-punctum
1269 2974 1370 3016 tam
1393 2980 1618 3029 perverse
1642 2967 1857 3028 positum
1881 2971 1967 3023 est,
1993 2972 2047 3013 ut

3 3064 38 3126 „³
83 3124 92 3131 ι
122 3062 389 3117 sententiae
418 3069 560 3110 tenor
589 3059 779 3109 medius
811 3059 1087 3116 dissecetur,
1121 3057 1356 3120 locusque
1389 3070 1536 3105 sensu
1569 3062 1754 3102 careat:
1798 3058 1810 3079 ‘
1826 3052 2044 3101 Panis-

44 3150 63 3202 ,ἐ
116 3158 229 3216 Υ,11011
267 3153 429 3218 potius
469 3151 643 3202 desinit
682 3166 792 3201 esse
833 3151 991 3214 paniS‚
1032 3164 1181 3212 quam
1222 3148 1508 3196 humanitas.
1580 3144 1658 3192 Ex
1704 3143 2047 3195 hoc—desinit

98 3238 232 3295 ense
254 3240 437 3292 homo.’

22 3327 55 3362 ’Ὗ
131 3350 150 3389 f
191 3332 255 3382 In
306 3332 522 3382 editione
567 3338 730 3380 autem
784 3328 1039 3392 posteriori
1084 3327 1205 3374 haec
1254 3324 1464 3374 absurda
1511 3322 1848 3386 interpunctiO,
1896 3337 2046 3387 quam

123 3422 388 3472 emendare
422 3419 648 3471 attentius
682 3419 862 3482 legenti
897 3417 1175 3467 facillimum
1210 3423 1326 3473 erat,
1364 3429 1484 3478 pure
1519 3414 1763 3478 repetitur.

42 3552 57 3571 2
103 3510 135 3526 '⁴
191 3510 389 3561 Deinde
402 3511 405 3515 ’
420 3509 552 3559 haud
586 3523 696 3558 raro
731 3507 980 3564 vocabula,
1014 3520 1139 3568 quae
1170 3503 1588 3567 typographorum
1623 3516 1784 3551 errore
1819 3510 2046 3566 corrupta

38 3589 67 3649 ζ
125 3600 238 3651 ese
261 3600 399 3651 facile
432 3599 520 3648 fuit
548 3598 804 3655 intellectu,
831 3594 1190 3646 accuratissime
1215 3593 1244 3643 i.
1261 3609 1303 3642 e.
1329 3591 1564 3641 mendose
1597 3590 1660 3640 ad
1693 3589 1840 3640 fidem
1872 3591 2046 3655 prioris

1037 3697 1066 3731 c
1094 3699 1118 3730 2
