2430 4108
336 413 435 481 198

1014 403 1435 469 JOANNIS
1503 405 1850 455 WICLIF
2157 426 2322 456 unm.

539 557 540 560 ¹
565 542 688 589 vitae
717 555 833 588 suae
857 539 1275 588 conservationem
1306 547 1354 586 et
1386 538 1638 587 effectum1
1670 540 1991 602 promerendi,
2014 539 2080 588 illi
2111 539 2317 588 mandu-

566 629 677 669 cant
699 629 752 668 ut
774 621 948 678 vivant,
974 634 1087 668 cum
1112 619 1172 668 de
1204 627 1339 668 tanto
1374 628 1483 667 sunt
1516 620 1694 667 cibaria
1727 620 2034 670 assumenda.
2105 620 2206 669 Sed
2227 620 2318 669 ἱ1112

565 704 647 766 qui
672 711 837 765 aptant
867 718 1005 751 suam
1037 702 1183 750 vitam
1217 702 1433 760 finaliter,
1457 710 1509 749 ut
1532 702 1818 764 voluptuose
1842 710 2096 751 vescantur
2127 703 2318 752 cibariis

566 784 848 842 inordinate,
874 785 1038 831 vivunt
1068 791 1121 831 ut
1154 783 1428 830 comedant.
1498 783 1562 831 Et
1594 791 1742 846 patet,
1771 785 1822 831 in
1854 799 1953 846 quo
1985 783 2316 832 moderamine

565 873 612 912 et
635 865 788 926 gratia
812 863 949 927 cujus
975 864 1084 912 finis
1110 863 1312 912 cibaria³
1337 864 1515 911 debent
1541 864 1678 912 sumi.
1752 864 1851 912 Sed
1873 867 2056 912 tertz'um
2082 865 2318 913 serviens⁴

566 947 629 994 ad
654 946 1026 994 detestationem
1049 945 1205 1008 gulae,
1226 953 1299 993 est
1316 946 1645 993 testimonium
1671 947 2026 1008 scripturarum.
2100 945 2319 995 Christus

565 1028 696 1075 enim
720 1028 803 1089 qui
835 1042 1117 1075 mensuram
1148 1027 1199 1074 in
1222 1027 1526 1076 vescibilibus
1559 1042 1660 1074 non
1692 1035 1860 1090 posset
1892 1028 2140 1086 excedere,
2166 1027 2320 1090 quad·

565 1109 754 1171 raginta
786 1108 891 1156 dies
924 1108 1168 1171 jeJunavit,
1194 1123 1297 1156 non
1332 1109 1635 1157 manducans
1668 1123 1828 1172 neque
1859 1110 2048 1167 bibens,
2071 1116 2127 1157 ut
2149 1108 2319 1157 dicitur

566 1189 738 1240 Matth.
766 1190 824 1238 iv.
850 1198 898 1239 et
922 1190 1078 1238 Marci
1101 1191 1145 1248 i.,
1171 1191 1236 1239 ad
1259 1190 1716 1252 exemplificandum
1739 1191 1935 1239 indubie
1960 1191 2057 1239 suis
2080 1190 2318 1248 fratribuS,

565 1272 699 1334 quod
740 1271 919 1319 debent
960 1287 1074 1319 cum
1120 1271 1376 1334 prudentia
1419 1271 1650 1334 jejunare.
1728 1271 1857 1320 Cum
1903 1271 2089 1320 autem⁶
2134 1271 2319 1335 primus

564 1353 716 1400 homo
740 1352 957 1415 peccavit
979 1354 1031 1400 in
1054 1353 1181 1415 gula,
1208 1367 1409 1401 necesse
1433 1360 1507 1400 est
1530 1360 1584 1400 ut
1607 1367 1694 1401 sua
1726 1353 1984 1415 posteritas
2009 1352 2192 1416 ipsam⁶
2215 1367 2317 1410 me,-

562 1434 780 1482 minens⁷
798 1435 996 1497 jejunet,
1022 1434 1085 1483 ad
1118 1442 1295 1483 statum
1327 1434 1593 1482 naturalem
1624 1434 1932 1482 beatitudinis
1963 1433 2317 1492 reducendum,

565 1532 677 1564 cum
701 1532 804 1564 non
830 1517 890 1565 sit
921 1524 1176 1580 peccatum
1208 1516 1470 1575 modicum,
1495 1523 1595 1563 tam
1620 1516 1809 1564 salubre
1841 1516 2119 1579 exemplum
2143 1514 2319 1564 Christi

565 1613 793 1660 spernere
835 1605 882 1645 et
926 1613 977 1646 se
1015 1597 1176 1659 ipsum
1204 1597 1264 1643 in
1310 1603 1383 1644 tot
1429 1597 1828 1645 inconvenientiis
1868 1596 2096 1644 volutare.
2172 1594 2319 1644 Unde

565 1679 842 1742 exemplum
878 1680 1138 1741 scripturae
1175 1678 1332 1736 docet,
1359 1678 1494 1740 quod
1517 1678 1766 1726 moderate
1796 1678 2023 1742 Jejunans
2059 1686 2132 1726 est
2154 1677 2321 1741 dispo-

566 1761 683 1808 situs
725 1769 825 1808 tam
864 1760 926 1808 ad
963 1758 1295 1822 prophetiam⁸
1337 1774 1486 1821 quam
1535 1759 1622 1807 ad⁹
1666 1760 1917 1808 scientiam
1957 1759 2021 1807 ad
2061 1759 2320 1808 coelestem

566 1840 868 1888 influentiam
904 1840 1204 1902 capiendam,
1228 1848 1281 1887 ut
1315 1848 1448 1902 patet
1484 1839 1544 1887 de
1569 1839 1758 1902 Moyse,
1785 1838 1931 1887 Helia
1965 1847 2012 1887 et
2035 1839 2240 1888 Daniele
2275 1848 2322 1888 et
2373 1888 2380 1895 ,

567 1923 750 1979 ceteris,
793 1923 876 1984 qui
915 1937 1001 1983 per
1035 1922 1272 1984 jejunium
1315 1936 1366 1969 se
1403 1921 1537 1983 ipsos
1583 1929 1684 1968 tam
1724 1928 1887 1969 mente
1928 1935 2076 1983 quam
2116 1935 2321 1985 corpore

567 2003 847 2050 exaltarunt.
918 2002 1035 2050 Non
1077 2010 1240 2050 tamen
1281 2002 1423 2050 video
1464 2002 1582 2064 quin
1623 2001 1858 2064 contingit
1903 2002 2169 2061 hominem,
2210 2003 2321 2050 licet

567 2098 691 2141 rarO,
716 2099 803 2146 per
822 2083 1061 2146 jejunium
1085 2083 1226 2131 stulte
1252 2083 1488 2144 seipsum
1508 2097 1810 2131 consumere.
1879 2082 2000 2130 Ideo
2023 2097 2224 2132 necesse
2248 2091 2321 2132 est

571 2165 755 2213 viantes
796 2180 848 2212 se
886 2165 1020 2227 ipsos
1062 2180 1174 2212 cum
1210 2163 1466 2226 prudentia
1501 2163 1733 2225 regulare,
1772 2178 1876 2211 non
1916 2163 2075 2212 solum
2116 2178 2215 2226 quo
2257 2164 2322 2212 ad

571 2246 891 2307 quantitatem
925 2246 1087 2294 cibarii
1121 2246 1208 2294 sed
1238 2246 1383 2293 etiam
1415 2245 1707 2308 qualitatem.
1775 2244 1922 2293 Unde
1950 2246 2176 2295 metricus
2202 2260 2321 2293 con-

570 2325 784 2374 siderans
824 2326 966 2388 gulae
1009 2327 1210 2389 species,
1251 2327 1404 2388 ponit,
1447 2325 1580 2388 quod
1621 2328 1833 2389 quinque
1879 2325 2040 2374 modis
2086 2327 2321 2389 contingit

569 2406 796 2467 gulosum
820 2407 950 2454 abuti
976 2407 1190 2454 cibariis:
1227 2407 1386 2469 primo
1411 2406 1769 2469 praeveniendo
1792 2414 1985 2468 tempus
2011 2406 2242 2465 debitum,
2267 2416 2320 2455 ut

569 2488 615 2545 ii,
642 2488 724 2549 qui
748 2488 892 2535 nimis
917 2502 1026 2535 sero
1059 2496 1106 2535 et
1139 2488 1281 2535 nimis
1314 2492 1458 2535 mane
1492 2495 1743 2535 assumunt
1775 2487 1953 2536 cibaria
1967 2503 1980 2546 ;
2023 2487 2239 2536 secundo
2268 2487 2319 2536 in

569 2569 897 2630 assumptione
933 2569 1112 2627 cibarii,
1149 2569 1294 2616 etiam
1328 2568 1451 2616 hora
1484 2567 1703 2627 debitam,
1733 2568 1944 2617 indebite
1981 2568 2319 2632 properando;

567 2650 705 2696 tertio
745 2649 888 2696 nimis
929 2649 1059 2697 lauta
1099 2657 1147 2697 et
1184 2656 1473 2711 sumptuosa
1511 2649 1689 2698 cibaria
1729 2650 2065 2712 praeparando
2079 2666 2093 2710 ;
2147 2657 2318 2713 quarto

568 2728 711 2776 nimis
746 2730 992 2777 excessive
1030 2730 1346 2792 quantitatem
1389 2730 1551 2778 cibarii
1594 2730 1890 2778 assumendo
1905 2746 1918 2790 ;
1969 2730 2100 2780 unde
2137 2731 2319 2779 videtur

567 2809 699 2867 mihi,
735 2809 869 2872 quod
909 2810 1079 2858 melius
1117 2818 1165 2858 et
1200 2809 1310 2857 Deo
1349 2811 1593 2872 acceptius
1628 2818 1702 2858 est
1737 2825 1827 2873 pro
1865 2811 2102 2859 servando
2132 2811 2317 2874 jejunio

568 2892 882 2954 multiplicare
924 2892 1066 2950 vices,
1111 2907 1258 2954 quam
1299 2893 1642 2954 quantitatem;
1695 2892 1864 2954 quinto
1909 2892 1985 2940 ille
2032 2893 2115 2957 qui
2161 2891 2319 2941 studet

567 2974 779 3022 indebite
816 2974 985 3022 circa¹¹
1019 2974 1241 3022 ordinem
1277 2988 1328 3021 se
1366 2972 1617 3030 cibandi12,
1655 2972 1821 3020 incidit
1856 2972 1905 3020 in
1940 2973 2152 3035 speciem
2175 2973 2317 3036 gulae

570 3055 960 3103 damnabiliter13.

922 3140 933 3156 ‘
948 3134 1235 3186 Praepropere,
1254 3133 1378 3179 laute,
1397 3132 1532 3179 nimis,
1552 3132 1741 3172 ardenter
1759 3132 1965 3172 studiose?

623 3229 638 3252 1
666 3229 874 3282 effectum]
896 3228 1087 3275 officium,
1108 3227 1171 3268 ed.
1191 3241 1252 3280 pr.
1442 3227 1459 3251 ²
1486 3227 1566 3280 illi]
1586 3227 1668 3273 alii,
1689 3227 1745 3266 D.
1925 3227 1941 3250 ³
1969 3227 2138 3279 cibaria]
2161 3241 2242 3268 om.
2259 3228 2315 3268 D.

569 3281 584 3304 ⁴
613 3284 807 3335 serviens]
830 3283 994 3328 faciens,
1017 3283 1092 3328 D.;
1125 3295 1300 3327 sumens,
1321 3281 1384 3321 ed.
1404 3294 1466 3334 pr.
1603 3282 1619 3306 ⁵
1646 3280 1804 3333 autem]
1825 3281 1974 3326 Adam,
1994 3281 2148 3321 A.B.C.
2169 3282 2236 3322 ed.>
2252 3295 2314 3334 pr.

572 3336 587 3359 ⁶
614 3337 747 3389 ipsam
766 3336 1012 3388 meminens]
1033 3336 1104 3376 i.e.
1124 3336 1263 3388 gulam
1283 3348 1442 3375 cavens.
1708 3335 1723 3358 ⁷
1752 3335 1991 3388 meminens]
2010 3335 2230 3381 inveniens,
2252 3336 2312 3382 Β.,

572 3390 624 3429 A.
646 3391 802 3442 primae
822 3403 979 3430 manus.
1090 3390 1105 3412 ⁸
1132 3389 1410 3442 prophetiam]
1431 3389 1750 3442 philosophiam,
1772 3389 1826 3428 D.
1964 3389 1980 3411 ⁹
2007 3388 2079 3439 ad]
2101 3401 2183 3429 om.
2205 3389 2313 3429 D.C.

572 3445 771 3484 secundae
790 3457 946 3490 manus,
966 3444 1028 3483 ed.
1049 3457 1110 3496 pr.
1296 3443 1327 3466 ¹⁰
1355 3443 1513 3495 debita]
1534 3443 1726 3488 indebita,
1747 3443 1794 3482 B.
1813 3443 1970 3494 primae
1988 3455 2144 3488 manuS,
2164 3443 2228 3482 ed.
2249 3455 2312 3494 pr.

572 3498 598 3520 1¹
629 3498 755 3550 circa]
778 3512 819 3538 se
839 3499 958 3543 circa,
977 3498 1040 3538 ed.
1060 3511 1121 3549 pr.
1286 3496 1316 3520 ¹²
1344 3510 1387 3538 se
1406 3497 1589 3549 cibandi]
1610 3496 1762 3543 cibarii,
1777 3497 1839 3536 ed.
1860 3509 1921 3549 pr.
2091 3495 2121 3518 ¹⁸
2147 3496 2315 3536 damna·

573 3550 726 3602 biliter]
747 3551 1003 3597 damnabilis,
1019 3551 1081 3591 ed.
1102 3564 1163 3603 pr.
