2462 4114
1095 410 1515 474 JOANNIS
1586 411 1930 461 WICLIF
2236 430 2391 458 mam

647 547 759 594 satis
801 559 1031 607 magnam
1080 544 1476 592 destructionem¹
1523 560 1785 607 regnorum
1833 545 1956 593 foret
1996 544 2098 609 hoc
2143 543 2388 606 flagellum

644 627 876 674 inflictum
925 640 953 672 a
999 624 1124 682 Deo,
1173 625 1282 672 licet
1328 640 1430 672 non
1478 640 1622 687 super
1668 625 1796 673 istud
1843 625 2218 688 superaddatur²
2262 639 2391 672 nova

645 708 836 755 afflictio
879 722 965 768 per
1005 706 1197 754 fraudes
1238 707 1539 755 insensibiles
1587 706 1882 754 antichristi?
1959 705 2229 765 Quomodo
2269 719 2388 767 ergo

645 795 907 850 sequuntur
942 787 1187 835 Christum
1223 796 1271 835 et
1308 803 1422 835 suos
1458 788 1709 850 apostolos
1742 788 1795 834 in
1818 789 1912 835 vita
1947 794 1994 835 et
2029 786 2249 835 doctrina
2280 801 2391 849 par-

646 869 804 917 cendo
846 868 1091 926 ecclesiae,
1129 883 1241 916 cum
1278 867 1496 916 Christus
1537 869 1709 931 legitur
1750 868 1923 916 fecisse
1965 867 2252 917 miraculose
2273 921 2275 923 .
2294 867 2392 916 duo

646 951 877 1003 convivia,
911 964 1036 1011 quae
1072 964 1101 996 a
1135 949 1370 1011 probabili
1405 958 1716 998 excesserunt
1750 958 1908 998 totum
1942 949 2201 1012 prandium
2235 948 2395 1012 quod³

646 1031 750 1094 ipse
783 1045 895 1078 cum
923 1031 1025 1078 suis
1057 1030 1301 1092 discipulis
1333 1031 1593 1093 assumpsit
1618 1028 1673 1078 a4
1695 1039 1799 1079 toto
1828 1031 2029 1094 populo,
2054 1038 2243 1094 praeter
2273 1030 2395 1078 haec

647 1111 918 1173 fragmenta
959 1126 1084 1173 quae
1126 1121 1431 1174 sumpserant
1471 1120 1584 1174 post
1624 1113 1820 1174 plenam
1861 1113 1965 1175 ejus
2001 1112 2309 1170 cibationem,
2343 1117 2397 1159 ut

650 1193 848 1240 Marcus
873 1200 919 1239 et
942 1191 1193 1255 Johannes
1215 1193 1266 1239 in
1291 1193 1388 1240 suis
1412 1193 1671 1255 evangeliis
1697 1201 2042 1241 contestantur.
2103 1247 2106 1250 ,

720 1272 955 1321 Secundus
977 1273 1149 1320 abusus
1172 1273 1371 1321 fratrum
1396 1282 1480 1332 est,
1507 1274 1641 1336 quod
1665 1275 1715 1322 in
1740 1275 1999 1322 contractis
2026 1289 2148 1336 quas
2178 1273 2397 1322 habitant

653 1363 1019 1403 contemnentes
1044 1354 1179 1403 Pauli
1202 1355 1498 1413 laboricium,
1526 1356 1586 1403 de
1611 1370 1710 1418 quo
1735 1356 1917 1403 dictum
1939 1363 2014 1404 est
2038 1356 2270 1418 superius,
2297 1355 2398 1403 oci-

653 1445 806 1484 antur.
877 1436 939 1482 Et
962 1435 1085 1483 haec
1109 1435 1294 1483 videtur
1316 1437 1437 1484 ratio
1464 1452 1611 1499 quare
1643 1437 1695 1484 in
1718 1437 1897 1499 Anglia
1926 1445 2037 1486 sunt
2061 1444 2220 1485 tantae
2242 1444 2397 1485 terrae

650 1517 781 1580 plus⁵
819 1517 999 1565 steriles
1035 1532 1183 1579 quam
1219 1517 1439 1565 solebant
1446 1533 1458 1575 ;
1514 1519 1614 1564 imo
1650 1518 2004 1566 considerando
2039 1518 2248 1576 ulterius,
2285 1533 2397 1577 cum

651 1613 858 1661 corpora
890 1613 1036 1660 supra
1066 1599 1316 1646 coelestia6
1346 1605 1492 1660 agant
1522 1598 1573 1644 in
1607 1606 1784 1646 terram
1821 1599 2090 1647 secundum
2124 1598 2399 1662 dispositio-

650 1695 764 1727 nem
789 1695 1059 1742 passorum,
1086 1681 1154 1728 sic
1179 1680 1315 1742 quod
1342 1687 1444 1727 tota
1475 1680 1785 1742 intemperies
1816 1696 1878 1728 ex
1911 1681 2126 1729 indebita
2156 1681 2398 1743 positione

649 1762 941 1808 terrestrium
974 1769 1047 1808 est
1071 1770 1279 1818 causata,
1307 1761 1491 1808 videtur
1515 1760 1649 1823 quod
1682 1760 1849 1810 fratres
1882 1762 2100 1810 ociantes
2127 1761 2397 1810 inordinate

649 1842 844 1904 globate
893 1850 940 1889 et
982 1850 1302 1904 aggregantes
1342 1843 1582 1889 terrestria
1623 1851 1824 1891 causant
1869 1850 2022 1891 totam
2063 1843 2398 1906 intemperiem

651 1923 972 1969 sublunarem.
1044 1923 1106 1970 Et
1141 1923 1254 1971 hinc
1288 1923 1537 1984 assignant
1574 1922 1852 1986 philosophi
1887 1926 2140 1983 rationem,
2165 1940 2314 1988 quare
2348 1925 2400 1972 in

657 2004 923 2051 civitatibus
965 2011 1012 2051 et
1052 2003 1170 2051 locis
1205 2003 1507 2066 paludalibus
1543 2009 1624 2050 ae‘r
1659 2006 1982 2053 communiter
2016 2013 2091 2054 est
2130 2013 2397 2068 corruptus.

653 2084 702 2131 Si
739 2085 870 2131 enim
907 2084 1149 2132 foetiditas
1185 2085 1370 2133 inclusa
1408 2088 1536 2135 intus
1574 2085 1697 2133 foret
1733 2094 1785 2134 ut
1820 2087 1963 2133 olim⁷
1997 2102 2085 2150 per
2118 2087 2400 2136 laboricium

651 2165 922 2227 expuratass,
959 2182 1061 2214 non
1100 2167 1208 2228 plus
1249 2168 1400 2215 modo
1437 2184 1583 2231 quam
1620 2170 1753 2231 prius
1786 2168 1946 2216 forent
1987 2169 2290 2231 pestilentiae
2325 2169 2400 2218 vel

650 2247 959 2309 intemperies
993 2263 1116 2310 quae
1153 2250 1441 2311 contingunt
1476 2252 1526 2297 in
1562 2256 1683 2308 aere,
1714 2258 1765 2297 ut
1800 2250 2013 2311 tangitur
2046 2250 2098 2297 in
2131 2257 2264 2312 parte
2301 2265 2398 2299 ser-

651 2343 797 2375 mone
835 2329 1049 2376 secundo
1086 2329 1270 2391 primae
1307 2332 1468 2392 partis,
1507 2347 1650 2393 super
1683 2328 1791 2378 illo⁹
1831 2330 1995 2379 Lucae
2033 2331 2175 2379 xxii.:
2232 2334 2400 2380 ‘erunt

652 2409 791 2470 signa
826 2410 876 2455 in
915 2410 1017 2457 sole
1059 2418 1105 2457 et
1145 2411 1261 2458 luna
1302 2420 1348 2458 et
1391 2412 1537 2459 stellis
1572 2412 1676 2460 etc.’
1748 2412 1937 2460 Fratres
1978 2412 2143 2475 ergo¹⁰
2182 2412 2399 2461 ociantes

651 2490 700 2536 in
736 2497 889 2537 terrae
924 2491 1155 2539 laboricio
1197 2500 1245 2539 et
1286 2493 1658 2555 multiplicantes
1699 2494 1749 2540 in
1789 2493 1940 2555 globo
1983 2492 2227 2556 superfluo
2268 2481 2399 2541 inor-

652 2570 812 2618 dinate
850 2573 1099 2630 terrestria,
1138 2581 1248 2620 sunt
1289 2574 1439 2622 multa
1479 2575 1530 2622 in
1573 2574 1761 2623 causa11
1798 2574 1953 2622 ae'riae
1995 2574 2265 2623 discrasiae.
2334 2574 2400 2622 Et

653 2654 691 2701 si
729 2654 913 2701 dicatur
949 2655 1083 2716 quod
1125 2656 1447 2704 communitas
1482 2657 1751 2715 hominum,
1788 2656 1933 2704 etiam
1974 2656 2156 2704 rurales
2197 2663 2399 2704 causant

651 2735 792 2782 istam
827 2735 1163 2797 intemperiem
1198 2737 1320 2785 sicut
1355 2737 1537 2796 fratres,
1574 2738 1855 2786 conceditur
1885 2737 2018 2800 quod
2052 2732 2235 2786 nedum
2269 2734 2397 2795 sic¹²‚

653 2815 740 2862 sed
780 2815 1047 2863 inficientes
1090 2822 1251 2864 ae'rem
1293 2833 1405 2865 cum
1440 2818 1732 2880 ingurgitato
1770 2818 2022 2866 stomacho
2059 2826 2108 2866 et
2142 2818 2398 2867 sudoribus

651 2897 921 2958 evaporatis
947 2896 1155 2944 indebite
1179 2898 1395 2946 inficiunt
1427 2904 1589 2947 aerem
1621 2899 1955 2958 communiter,
1981 2907 2028 2948 et
2059 2899 2268 2948 inferunt
2299 2900 2399 2949 suis

652 2978 972 3027 confratribus
1007 2989 1328 3027 nocumenta:
1376 2988 1535 3028 sectae
1568 2989 1732 3028 tamen
1760 2981 1924 3028 istae¹⁸
1947 2981 2147 3030 fratrum
2179 2997 2399 3030 commu-

651 3059 774 3106 niter
809 3060 1085 3122 praecipuo,
1123 3075 1235 3107 cum
1268 3061 1446 3109 debent
1481 3077 1678 3109 manere
1714 3063 1765 3108 in
1801 3063 1975 3110 eremis
2008 3069 2062 3109 ut
2095 3061 2326 3125 Baptista,
2351 3071 2399 3111 et

652 3140 783 3187 nullo
820 3141 971 3188 modo
1007 3142 1287 3203 conglobari
1323 3144 1372 3190 in
1409 3150 1652 3190 conventu
1686 3142 1914 3201 indebit0,
1952 3142 2038 3191 sed
2071 3142 2181 3206 plus
2217 3151 2398 3192 attente

660 3221 774 3269 dare
799 3237 851 3269 se
877 3221 1108 3269 laboricio
1134 3223 1196 3270 ad
1219 3222 1490 3284 profectum
1515 3223 1746 3271 ecclesiae
1772 3224 1895 3271 sicut
1918 3223 2110 3272 Paulus.

708 3350 722 3372 ¹
750 3349 1089 3402 destructionem]
1109 3362 1300 3402 poenm,
1320 3351 1383 3390 ed.
1404 3364 1465 3403 pr.
1722 3350 1738 3373 ²
1766 3350 2078 3404 superaddatur]
2100 3349 2396 3403 superadditur,

657 3403 719 3442 ed.
739 3417 800 3455 pr.
964 3404 980 3426 ³
1007 3404 1136 3456 quod]
1158 3417 1240 3443 om.
1261 3405 1307 3443 B.
1472 3405 1487 3427 ⁴
1513 3405 1557 3457 a]
1579 3405 1642 3450 de,
1662 3405 1724 3444 ed.
1745 3418 1806 3457 pr.
1957 3405 1973 3428 ⁵
1998 3405 2110 3458 plus]
2133 3418 2215 3444 om.
2235 3404 2394 3445 A.B.C.

657 3455 673 3477 ⁶
702 3469 820 3508 supra
843 3457 1053 3509 coelestia]
1082 3471 1204 3510 supra
1224 3464 1385 3504 terram,
1407 3460 1507 3498 A.B.
1531 3459 1686 3511 primae
1706 3471 1873 3504 manus;
1903 3458 2229 3511 supercoelestia,
2249 3458 2312 3499 ed.
2331 3471 2394 3510 pr.

652 3508 667 3531 ⁷
696 3510 816 3562 olim]
838 3512 938 3550 olim
957 3511 1075 3558 foret,
1091 3513 1154 3552 ed.
1174 3526 1235 3564 pr.
1346 3513 1361 3536 ⁸
1388 3513 1601 3564 exputata]
1619 3513 1813 3565 expirata,
1828 3513 1891 3552 ed.
1907 3525 1968 3564 pr.
2091 3512 2108 3536 ⁹
2133 3511 2227 3564 illo]
2243 3511 2394 3564 primo,

655 3563 718 3601 ed.
738 3577 797 3614 pr.
938 3566 968 3588 ¹⁰
996 3566 1114 3617 ergo]
1136 3572 1285 3613 autem,
1307 3567 1372 3613 C.,
1394 3567 1440 3605 B.
1462 3567 1663 3607 secundae
1682 3580 1837 3607 manus.
1981 3566 2010 3591 ¹¹
2039 3565 2169 3606 multa
2186 3565 2230 3605 in
2249 3565 2393 3616 causa]

627 3632 630 3665 4
655 3616 807 3656 multae
827 3631 983 3664 causae,
1005 3620 1066 3658 ed.
1087 3633 1147 3671 pr.
1312 3620 1344 3644 ¹²
1372 3620 1450 3672 sic]
1473 3621 1537 3667 sit,
1558 3621 1619 3660 ed.
1641 3633 1701 3671 pr.
1864 3620 1894 3645 ¹⁸
1921 3619 2041 3671 istae]
2063 3632 2144 3659 om.
2165 3620 2228 3660 ed.
2248 3631 2309 3671 pr.
