2436 4094
306 434 404 473 112

982 412 1407 479 JOANNIS
1477 412 1825 461 WICLIF
2146 431 2290 461 unu.

1271 743 1429 792 CAP.
1468 743 1555 790 XI.

1019 886 1094 935 De
1115 888 1381 950 angelorum
1406 890 1500 936 situ
1523 893 1655 950 atque
1679 892 1812 934 motu.

605 1017 827 1065 Pseustz's.
900 1018 961 1065 In
1008 1018 1098 1066 ista
1144 1019 1346 1066 materia
1387 1018 1529 1066 video
1577 1026 1624 1066 te
1673 1017 1951 1066 notabiliter
1992 1015 2199 1064 deficere
2245 1022 2297 1077 et

537 1100 784 1158 balbutire,
806 1115 862 1148 ac
882 1101 920 1147 si
945 1102 1106 1148 ebrius
1127 1101 1374 1148 dormiens
1399 1101 1675 1149 somniaret.
1746 1099 1878 1146 Nihil
1902 1099 2034 1147 enim
2057 1098 2192 1160 quod
2215 1096 2294 1161 hie

539 1182 696 1230 dixisti
733 1183 926 1244 probaS‚
953 1182 1039 1230 sed
1070 1183 1217 1244 gratis
1251 1182 1346 1229 labi
1378 1182 1565 1244 posset¹
1592 1197 1679 1244 per
1707 1181 1838 1229 idem
1873 1181 1924 1229 in
1955 1179 2296 1237 conclusiones

539 1264 729 1311 inutiles
758 1264 861 1311 sine
887 1264 998 1311 fine.

606 1345 877 1392 Phrenesis.
950 1344 1066 1392 Dixi
1101 1345 1307 1407 publice,
1345 1345 1481 1407 quod
1515 1346 1566 1392 in
1602 1346 1691 1392 ista
1726 1344 1926 1392 materia
1955 1358 2128 1406 pamm
2152 1339 2296 1400 scio²‚

542 1434 590 1474 et
629 1426 809 1488 plurior
848 1441 961 1488 pars
1001 1426 1124 1473 illius
1165 1427 1408 1484 materiae,
1448 1441 1595 1487 quam
1630 1426 1708 1473 hic
1747 1425 1872 1482 dic0‚
1909 1432 1982 1472 est
2017 1431 2297 1486 sanctorum

544 1508 780 1555 sententia
805 1508 958 1555 elicita
982 1509 1292 1570 probabiliter
1316 1524 1376 1555 ex
1402 1509 1648 1569 scriptura.
1700 1507 1784 1554 Et
1807 1514 2045 1569 quantum
2069 1505 2132 1553 ad
2155 1505 2296 1565 istam

543 1590 762 1637 ultimam
789 1589 1169 1648 conclusionem,
1196 1598 1380 1637 certum
1405 1597 1489 1646 est,
1516 1589 1652 1651 quod
1678 1603 1825 1636 nemo
1851 1594 2014 1650 potest
2045 1586 2299 1649 supposita

547 1671 884 1734 probabilitate
921 1686 1115 1718 suarum
1153 1671 1545 1733 suppositionum
1581 1671 1739 1732 ipsam
1775 1669 2048 1731 infringere.
2119 1667 2184 1715 Et
2219 1666 2300 1730 hic

548 1753 731 1810 dicitur,
769 1753 902 1814 quod
944 1753 1103 1814 angeli
1143 1761 1349 1815 possunt
1392 1753 1478 1799 ex³
1513 1767 1601 1800 sua
1643 1751 1883 1799 celeritate
1925 1765 2056 1798 nunc
2098 1764 2206 1797 esse
2247 1749 2299 1804 in

549 1835 732 1882 oriente
769 1842 816 1881 et
855 1849 985 1881 nunc
1020 1835 1071 1880 in
1106 1835 1371 1891 occidente,
1404 1833 1641 1880 servando
1676 1834 1970 1893 quantitatem
2005 1831 2079 1879 sui
2114 1829 2300 1888 limitati

550 1916 666 1963 situs
690 1917 939 1977 corporei;
964 1916 1138 1978 figura
1156 1916 1277 1963 illius
1302 1916 1418 1962 situs
1444 1922 1678 1976 quantum
1702 1913 1899 1975 expedit
1915 1911 2129 1960 variata4.
2202 1910 2302 1971 Sed

551 1997 601 2043 in
634 1997 725 2044 ista
757 1998 957 2044 materia
992 2004 1187 2059 oportet
1220 2011 1387 2044 cavere
1418 1995 1478 2043 de
1510 1995 1934 2056 imaginationibus
1967 1986 2299 2052 calculatoriis‚

551 2086 604 2125 ut
627 2093 730 2125 non
761 2077 980 2125 credatur
1013 2077 1316 2139 superficiem
1348 2077 1422 2124 vel
1455 2091 1632 2138 corpus
1666 2075 1729 2122 ad
1760 2083 1947 2123 tantum
1980 2074 2141 2134 dividi,
2165 2075 2302 2137 quod

554 2166 720 2221 posset
740 2173 978 2220 occupare
1000 2158 1140 2205 simul
1159 2159 1420 2221 quemlibet
1439 2158 1581 2205 situm
1600 2156 1782 2204 mundi.
1853 2156 2060 2219 Oportet
2083 2155 2300 2218 secundo

556 2255 721 2287 cavere
747 2255 808 2287 ne
834 2240 1121 2297 admittatur,
1147 2239 1279 2302 quod
1311 2239 1610 2302 superficiale
1644 2236 1851 2286 lineare⁵
1874 2238 1949 2286 vel
1973 2237 2301 2300 quodcunque

557 2336 847 2383 corporeum
878 2321 1214 2383 multiplicetur
1246 2321 1387 2368 simul
1412 2336 1497 2382 per
1525 2322 1643 2368 situs
1676 2321 1906 2383 dispares,
1930 2335 2044 2367 cum
2074 2318 2302 2382 multipli-

559 2402 684 2449 catio
704 2402 808 2448 talis
833 2402 892 2449 sit
911 2402 1069 2450 solum
1090 2403 1330 2464 spiritibus
1349 2402 1422 2449 vel
1441 2403 1583 2449 rebus
1603 2402 1922 2464 spiritualibus
1941 2397 2302 2464 appropriata⁰;

558 2492 604 2531 et
645 2491 760 2530 tunc
801 2491 962 2545 potest
1003 2484 1240 2531 sententia
1279 2484 1402 2530 illius
1445 2484 1770 2531 conclusionis
1807 2483 1870 2530 ad
1907 2483 2058 2530 multa
2098 2481 2305 2531 dicenda

557 2565 804 2626 proficere,
829 2572 881 2611 ut
905 2565 1106 2626 angelus
1130 2573 1230 2612 tam
1255 2566 1414 2613 bonus
1439 2580 1587 2627 quam
1619 2565 1774 2612 malus
1805 2571 1966 2627 potest
1995 2564 2118 2612 mira
2141 2564 2304 2622 celeri,-

558 2654 654 2693 tate
700 2645 823 2692 infra
869 2646 1067 2693 horam⁷
1114 2662 1201 2708 per
1245 2661 1395 2708 poros
1451 2646 1802 2709 quantumlibet
1847 2646 2075 2693 situaliter
2121 2645 2303 2693 variari.

559 2726 750 2790 Corpus
774 2728 918 2774 etiam
937 2728 1256 2790 glorificatum
1275 2736 1432 2790 potest
1457 2743 1544 2790 per
1569 2729 1708 2776 dotes
1728 2728 1994 2775 subtilitatis
2017 2735 2065 2775 et
2083 2726 2307 2789 agilitatis

558 2810 733 2856 intrare
767 2809 927 2872 januis
953 2809 1140 2868 clausis,
1166 2811 1269 2858 sine
1302 2810 1397 2857 hoc
1430 2809 1564 2871 quod
1595 2810 1772 2857 laceret
1802 2809 1875 2856 vel
1892 2808 2099 2872 ‚frangat
2134 2823 2305 2871 quam-

558 2906 749 2952 cunque
775 2900 960 2952 partem
985 2907 1165 2949 earum,
1194 2907 1306 2939 cum
1331 2906 1434 2938 non
1462 2891 1673 2938 habeant
1703 2899 1863 2952 partes
1897 2891 1966 2938 sic
1990 2891 2304 2952 propinquaS,
2353 2955 2360 2959 .

558 2971 673 3034 quin
698 2972 821 3019 inter
843 2973 1017 3020 multas
1043 2988 1210 3019 earum
1234 2974 1294 3020 sit
1319 2979 1400 3020 ae'r
1424 2972 1649 3019 notabilis
1674 2972 1980 3033 interceptus.

625 3052 827 3100 Alz‘thz‘a.
899 3053 1023 3100 Satis
1047 3061 1132 3111 est,
1158 3052 1326 3100 frater⁸
1352 3053 1624 3110 Phronesis,
1651 3053 1712 3100 de
1746 3053 1847 3099 istis
1879 3052 2307 3114 imaginationibus

559 3142 605 3180 et
631 3134 1025 3182 calculationibus
1057 3135 1365 3183 declaratum.
1445 3134 1542 3181 Sed
1565 3148 1688 3195 rogo
1697 3133 1728 3192 ⁹,
1755 3133 1832 3181 dic
1856 3133 1975 3180 mihi
2006 3133 2306 3182 difficultates

558 3215 840 3277 theologicas,
866 3231 987 3278 quas
1011 3216 1061 3263 in
1086 3216 1165 3263 illa
1189 3217 1391 3263 materia
1415 3216 1647 3263 dimisisti.
1719 3214 1878 3263 Grave
1897 3214 2096 3277 quidem
2121 3215 2307 3263 videtur

619 3357 634 3380 1
662 3357 788 3409 gratis
815 3358 899 3399 labi
928 3358 1086 3411 posset]
1117 3359 1294 3412 graviter
1320 3359 1410 3411 quis
1436 3358 1522 3398 labi
1550 3363 1701 3411 posset,
1722 3356 1784 3398 ed.
1814 3369 1899 3410 pr.;
1942 3356 2013 3396 sed
2040 3356 2123 3396 labi
2152 3361 2306 3408 posset,

561 3412 650 3451 A.B
663 3412 723 3451 .C.
922 3413 939 3435 ²
967 3413 1072 3465 scio]
1095 3427 1235 3460 nosco,
1257 3414 1305 3454 C.
1327 3414 1390 3454 ed.
1410 3426 1472 3465 pr.
1673 3412 1689 3435 ⁸
1716 3411 1784 3462 ex]
1807 3411 1909 3451 ΑΒ.
1929 3411 2131 3451 secundae
2148 3423 2305 3450 manus,

559 3464 573 3487 ⁴
602 3466 774 3521 variata]
796 3467 984 3514 variatur,
1005 3468 1159 3508 A.B.C.
1308 3469 1324 3491 ⁵
1350 3466 1522 3519 lineare]
1543 3465 1693 3512 liniale,
1714 3465 1867 3506 A.B.C.
1977 3465 1993 3488 ⁶
2020 3464 2305 3516 appropriata]

560 3520 780 3571 propriata,
803 3521 857 3559 D.
879 3521 941 3561 ed.
964 3534 1024 3573 pr.
1133 3522 1149 3545 ⁷
1178 3522 1342 3574 horam]
1364 3521 1584 3566 hominem,
1607 3521 1660 3559 D.
1782 3520 1797 3542 ⁸
1825 3518 1968 3571 frater]
1989 3531 2071 3558 om.
2092 3518 2139 3557 B.
2160 3519 2224 3558 ed.
2244 3531 2305 3570 pr.

559 3573 575 3594 ⁹
604 3576 725 3627 rogo]
749 3587 850 3628 rogo
871 3582 924 3620 te,
947 3576 994 3615 C.
1016 3576 1079 3617 ed.
1099 3589 1160 3629 pr.

2056 3656 2236 3691 WICLIF
