2436 4094
704 328 1463 380 PROLEGOMENA.
2010 346 2041 398 3

118 469 265 520 ratur,
289 461 605 519 examinatur,
630 462 914 525 exploditur.
953 463 1385 512 verumenimvero
1410 462 1655 511 Wiclifum
1684 463 1796 512 inde
1822 465 1883 512 ab
1907 465 2042 513 initio

55 551 66 569 ’·
116 557 172 606 εἰ
191 565 280 614 pet
300 549 623 614 longinquum
647 552 767 599 vitae
798 553 1006 614 spatium
1030 552 1303 600 doctrinam
1334 552 1464 600 illam
1497 553 1601 600 sine
1625 552 1721 600 ulla
1744 551 2043 602 dubitatione

28 623 67 710 ’.ῥέξ’
95 640 345 699 tenuisse,
377 654 536 703 neque
561 648 673 689 ante
710 655 896 690 annum
926 644 1048 703 1381
1079 642 1172 691 hac
1206 642 1268 691 de
1303 657 1354 690 re
1387 642 1522 691 aliter
1557 643 1768 691 sensisse
1793 650 1842 691 et
1867 642 2042 690 doctri-

115 743 237 779 mm
252 728 384 779 illam
405 729 681 792 improbare
707 730 942 792 coepisse,
963 745 1023 778 ex
1043 731 1205 779 multis
1229 731 1315 779 viri
1334 730 1464 780 libris
1482 730 1674 779 ineditis
1698 738 1830 779 certo
1855 744 2042 793 cogno-

32 811 60 868 -ἷὶ
113 817 288 867 vimus.
359 816 475 877 Qua
512 818 699 865 ratione
742 820 1103 881 comprobatur,
1139 819 1427 883 Trialogurn
1468 820 1664 868 nonnisi
1704 826 1817 883 post
1857 834 2041 868 annum

124 908 248 969 1381
279 906 609 969 conscriptum
627 905 793 977 fuisse.

114 1023 122 1027 ·-
185 993 404 1053 Accedit,
430 994 565 1058 quod
590 995 816 1044 attentius
840 995 1058 1059 legentes
1083 997 1230 1046 latere
1263 1012 1366 1045 non
1397 1005 1572 1060 potest,
1599 998 1788 1061 quoties
1813 1005 1862 1046 et
1885 1012 2040 1060 quan-

63 1088 66 1090 ’
120 1091 290 1147 topere
320 1090 573 1132 commoto
607 1083 772 1131 animo
806 1092 975 1132 auctor
1004 1085 1055 1132 in
1082 1085 1322 1149 ‘fratres-j
1351 1087 1530 1135 scilicet
1562 1088 1612 1134 in
1644 1086 1840 1136 ordines
1871 1087 2041 1134 mendi-

118 1174 321 1222 cantium
344 1171 550 1231 invehat‚
577 1173 839 1221 sententias
865 1174 927 1222 ab
946 1173 1050 1222 istis
1076 1189 1248 1222 recens
1273 1175 1572 1225 introductas
1597 1177 1973 1239 reprehendenS,
1994 1186 2043 1227 et

118 1261 252 1326 ipsos
274 1269 328 1310 ut
351 1261 641 1325 praecipuos
671 1263 968 1311 auctoritatis
1001 1263 1189 1325 papalis
1222 1264 1482 1326 adjutores,
1508 1281 1725 1314 errorum
1749 1281 1862 1315 vero
1887 1267 2040 1315 malo-

0 1349 12 1386 s
34 1334 50 1359 ⁴
117 1364 336 1414 rumque,
361 1351 538 1413 quibus
569 1351 776 1400 ecclesia
810 1351 1010 1409 laboret,
1037 1360 1260 1401 auctores
1292 1353 1602 1416 impugnans.
1675 1353 1773 1403 Sed
1797 1354 2041 1403 Wiclifum
2077 1365 2082 1376 ‘

117 1453 221 1488 non
277 1454 308 1488 a
357 1439 518 1503 primo
576 1440 713 1487 initio
773 1440 834 1488 de
895 1445 906 1466 ‘
925 1440 1148 1489 fratribus
1201 1442 1499 1500 minoribus,'
1558 1446 1569 1468 ‘
1588 1443 2040 1506 praedicatoribuS,'

26 1542 46 1577 ς
108 1528 324 1591 -mliquis,
358 1530 426 1578 ita
460 1529 685 1586 sensisse,
715 1530 877 1591 potius
912 1530 1079 1592 magni
1115 1544 1203 1578 eos
1240 1530 1581 1590 aestimavisse,
1616 1547 1708 1581 nec
1744 1541 1856 1581 ante
1893 1548 2042 1596 quam

108 1617 363 1681 coepisset
396 1617 646 1666 doctrinae
676 1617 737 1665 de
769 1622 780 1643 ‘
799 1618 1351 1666 transsubstantiatione’
1378 1634 1635 1667 censuram
1667 1635 1825 1682 agere,
1852 1622 2041 1670 mendi-

106 1713 285 1755 cantes
320 1706 651 1770 impugnasse,
677 1706 829 1769 ipsius
858 1721 1009 1769 opera
1045 1715 1295 1771 testantur.
1367 1706 1495 1755 Cum
1534 1708 1666 1755 enim
1701 1708 1917 1771 theologi
1950 1710 2041 1757 illis

105 1795 367 1845 'ordinibus
409 1795 638 1859 adscripti
679 1811 796 1859 prae
839 1797 1010 1845 ceteris
1052 1797 1146 1860 ipsi
1188 1796 1555 1845 adversarentur
1597 1797 1657 1844 de
1701 1797 1921 1846 doctrina
1964 1798 2042 1846 illa

2 1891 41 1957 J}
114 1883 291 1949 agenti,
324 1883 543 1933 Wiclifus
580 1885 670 1933 sibi
704 1885 995 1948 persuadere
1031 1887 1206 1949 coepit,
1243 1886 1411 1934 fratres
1447 1886 1783 1934 mendicantes
1819 1887 2040 1936 omnium

110 1978 333 2024 'errorum
363 1981 510 2037 atque
533 1973 774 2022 malorum
798 1974 848 2022 in
872 1974 1078 2023 ecclesia
1101 1973 1332 2022 Romana
1355 1975 1620 2038 vigentium
1646 1976 1908 2023 acerrimos
1932 1991 2040 2024 esse

115 2069 352 2127 patronos
387 2069 533 2124 atque
556 2061 786 2111 vindices.
858 2063 1011 2123 Quod
1046 2079 1160 2112 cum
1196 2079 1299 2113 non
1335 2072 1448 2112 ante
1485 2080 1671 2112 annum
1704 2067 1827 2126 1381
1858 2065 2039 2114 factum

112 2165 236 2210 esse,
272 2155 321 2200 et
355 2150 449 2199 alia
482 2160 804 2202 monumenta
845 2160 893 2201 et
930 2153 1034 2202 libri
1076 2154 1180 2217 ejus
1216 2153 1439 2202 nondum
1483 2154 1609 2216 typis
1648 2155 1875 2217 exscripti
1909 2156 2039 2202 testi-

27 2226 37 2255 *
108 2239 283 2288 monio
317 2239 426 2297 sint,
463 2238 571 2287 luce
604 2239 779 2292 clarius
811 2250 898 2300 est,
924 2241 1214 2305 Trialogum
1249 2249 1332 2291 aut
1367 2242 1462 2291 hoc
1499 2250 1581 2291 aut
1615 2243 1871 2305 posteriori
1907 2258 2039 2291 anno

113 2327 296 2378 editum
319 2343 442 2378 esse.

182 2415 488 2469 Revertimur
511 2420 577 2469 ad
598 2420 762 2468 locum
786 2419 918 2468 illum
952 2436 1098 2484 supra
1121 2422 1387 2479 recitatum,
1414 2436 1514 2484 quo
1544 2420 1787 2469 Turnerus
1809 2436 1927 2470 usus
1952 2430 2037 2470 est.

114 2505 279 2560 Locus
310 2522 415 2556 non
446 2516 637 2557 tantum
669 2509 819 2557 seculi
843 2524 1049 2557 numero
1074 2510 1260 2557 omisso
1284 2511 1335 2557 in
1358 2509 1570 2558 editione
1595 2510 1812 2573 principe
1838 2525 2038 2573 corrup-

113 2603 191 2643 tus
225 2602 372 2654 extat,
398 2596 486 2645 sed
520 2605 618 2646 tres
653 2597 758 2646 libri
794 2612 944 2644 manu
981 2598 1144 2660 scripti
1177 2598 1387 2646 habent:
1426 2602 1438 2623 ‘
1457 2599 1745 2660 octogesz'm0,’
1769 2613 1895 2646 unus
1931 2606 2037 2646 tan-

113 2691 218 2732 tum
255 2696 380 2732 ‘cum
435 2684 728 2734 editionibus
787 2684 961 2732 habet:
1023 2689 1034 2710 ‘
1054 2685 1406 2748 septuageszm!
1496 2685 1603 2732 Nec
1656 2685 1871 2742 dubium,
1919 2686 2038 2747 quin

107 2773 260 2821 *verba
300 2774 512 2822 auctoris
552 2772 615 2822 ad
653 2787 837 2821 annum
884 2774 1010 2834 1382
1056 2772 1333 2821 referantur.
1406 2772 1534 2821 Cum
1575 2773 1707 2820 enim
1749 2772 2037 2822 Guilielmus

113 2853 403 2926 courteney,
437 2862 830 2926 archiepiscopus
866 2861 1242 2919 CantuariensiS,
1283 2869 1471 2924 septem
1508 2861 1783 2924 episcopos,
1809 2871 2037 2924 quatuor-

113 2950 273 3000 decim
303 2951 423 3015 juris
457 2952 702 3015 utriusque
740 2952 981 3009 doctores,
1019 2950 1299 3014 quindecim
1335 2950 1609 3012 theologiae
1646 2949 1871 2999 doctores
1907 2951 2036 3018 ordi-

40 3036 42 3038 ’
111 3039 256 3089 nibus
291 3039 674 3092 mendicantium
711 3040 999 3104 adscriptOS,
1026 3055 1111 3088 sex
1135 3039 1410 3102 theologiae
1435 3038 1778 3087 baccalaureos
1810 3039 1872 3087 ad
1904 3039 2036 3088 diem
2079 3022 2082 3023 ⁷

101 3123 361 3177 'decimum
391 3129 654 3192 septimum
676 3128 860 3177 mensis
885 3128 1006 3191 Maji
1032 3128 1147 3176 anni
1179 3130 1305 3189 1382
1334 3127 1633 3176 Londinium
1657 3128 2036 3187 convocavisset,

87 3209 229 3266 'urbs
268 3217 428 3266 subito
468 3225 622 3267 terrae
662 3226 803 3266 motu
845 3232 1086 3266 concussa
1133 3217 1376 3279 animique
1419 3216 1674 3264 hominum
1722 3231 2036 3280 summopere

104 3306 321 3354 exterriti
353 3314 478 3365 sunt,
504 3320 653 3370 quam
689 3321 792 3354 rem
824 3305 1042 3354 Wiclifus
1078 3305 1209 3354 hunc
1250 3306 1299 3352 in
1335 3305 1539 3353 modum
1575 3306 1910 3369 interpretatus
1946 3314 2034 3364 est,

20 3383 29 3459 f
113 3401 167 3443 ut
197 3393 259 3444 de
292 3395 502 3444 concilio
538 3396 769 3444 adversus
805 3396 966 3458 ipsum
991 3402 1292 3458 congregato
1329 3396 1617 3444 sententiam
1641 3395 1864 3445 divinitus
1887 3396 2036 3444 latam

17 3486 39 3546 ²3³
112 3496 221 3532 esse
244 3483 533 3547 perhiberet.
587 3483 756 3544 -Quod
781 3483 1040 3532 concilium
1065 3492 1218 3532 terrae
1251 3492 1388 3531 motu
1420 3484 1664 3533 turbatum
1689 3499 1802 3533 cum
1836 3485 1886 3533 in
1923 3484 2034 3534 loco

103 3555 208 3620 ”isto
244 3582 669 3632 commemoretur,
696 3573 870 3621 librum
913 3580 1024 3620 ante
1067 3587 1251 3620 annum
1293 3574 1418 3635 1382
1459 3581 1538 3622 aut
1579 3574 1911 3638 conscriptum
1954 3581 2036 3623 aut

8 3552 49 3822 Ξ
1031 3674 1115 3707 22
