2496 4108
409 446 512 513 306
1097 436 1520 502 JOANNIS
1578 436 1927 488 WICLIF
2205 406 2392 485 'L1B.1v.
2486 366 2496 511 ἔ

641 574 740 621 siae
776 580 1020 631 ‘consonat
1061 587 1173 619 cum
1219 572 1310 619 hac
1357 571 1524 633 regula
1567 571 1775 619 Christi?
1847 570 1969 619 Ideo
2017 570 2254 619 sententia
2298 569 2390 618 ista

637 653 849 715 implicat
895 660 943 699 et
989 652 1146 707 docet,
1195 653 1447 715 quomodo
1494 652 1736 701 fructuose
1784 661 1832 700 et
1876 652 2076 715 provide
2125 650 2390 714 corporalis

637 735 946 796 eleemosyna
982 734 1124 781 debet
1161 734 1276 791 dari,
1314 742 1360 781 et
1396 734 1648 796 quomodo
1684 734 1923 797 injuriatio
1960 733 2088 782 facta
2129 733 2204 781 his
2237 732 2389 780 tribus

637 815 887 876 egentibus
932 815 1180 863 rectificari
1228 814 1370 863 debet
1417 824 1465 863 et
1512 816 1715 878 corrigi3
1769 816 1856 863 sed
1901 815 2034 864 dona
2079 814 2198 862 mihi
2243 813 2389 862 istam

636 896 879 958 injuriam.

327 979 394 1039 3130
406 980 547 1041 figuggigts
703 978 783 1024 Ad
808 979 993 1024 tertium
1017 978 1228 1041 objectum
1252 986 1388 1026 tuum
1415 979 1594 1026 dictum
1615 986 1688 1026 est
1707 979 1912 1041 saepius,
1933 977 2185 1040 quomodo
2205 975 2390 1038 duplici

325 1046 544 1114 {lecssffiffiffe
635 1058 769 1106 titulo
806 1067 897 1107 stat
933 1059 1184 1106 hominem
1218 1059 1396 1107 habere
1431 1060 1729 1122 temporalia,
1760 1060 1940 1108 scilicet
1970 1059 2108 1107 titulo
2141 1057 2389 1120 originalis

631 1140 840 1201 justitiae
876 1148 923 1187 et
957 1141 1093 1187 titulo
1129 1141 1406 1189 mundanae
1444 1142 1669 1203 justitiae.
1741 1140 1905 1188 Titulo
1942 1148 2104 1188 autem
2143 1138 2389 1202 originalis

630 1220 839 1283 justitiae
874 1220 1041 1268 habuit
1067 1221 1286 1270 Christus
1321 1223 1488 1269 omnia
1523 1223 1656 1270 bona
1691 1221 1873 1279 mundi,
1907 1229 1960 1269 ut
1995 1235 2142 1283 saepe
2177 1219 2390 1268 declarat

633 1301 928 1364 Augustinus
942 1319 967 1358 ,·
1016 1303 1096 1349 illo
1129 1303 1265 1351 titulo
1290 1303 1363 1350 vel
1394 1303 1530 1351 titulo
1564 1303 1771 1364 gratiae¹
1791 1303 2034 1365 justorum
2066 1309 2176 1349 sunt
2206 1299 2388 1358 omnia,

634 1383 720 1430 sed
752 1383 898 1446 longe
935 1385 996 1431 ab
1032 1385 1112 1432 illo
1144 1385 1280 1432 titulo
1306 1384 1452 1432 civilis
1475 1385 1741 1447 possessio.
1813 1383 1959 1432 Unde
1993 1382 2210 1431 Christus
2233 1389 2282 1430 et
2313 1382 2390 1430 sui

635 1465 842 1526 apostoli
887 1474 1049 1527 spreta
1086 1466 1418 1513 dominatione
1461 1473 1507 1512 et
1548 1465 1885 1527 possessione²
1926 1465 2047 1513 civili
2088 1463 2279 1513 fuerunt
2324 1463 2387 1511 de

633 1545 875 1593 habitione
917 1562 1038 1608 pure
1083 1546 1351 1594 secundum
1393 1546 1630 1608 primum3
1668 1546 1856 1594 titulum
1904 1546 2186 1594 contentati.·
2265 1545 2387 1594 Ideo

587 1625 591 1628 ’
631 1627 796 1688 regula
822 1626 999 1675 Christi
1033 1636 1106 1675 est
1139 1627 1273 1690 quod
1306 1628 1463 1676 nullus
1498 1643 1697 1675 suorum
1734 1627 2078 1690 discipulorum
2109 1634 2386 1690 praesumat

631 1722 720 1768 pro
755 1709 1100 1770 temporalibus
1135 1710 1232 1757 suis
1266 1709 1576 1767 contendere,
1614 1718 1665 1756 ut
1698 1717 1829 1771 patet
1865 1709 2100 1757 Matthaei
2133 1709 2222 1758 vi.:
2273 1708 2385 1770 ‘qui

633 1788 785 1835 aufert
810 1804 936 1850 quae
965 1797 1046 1836 tua
1073 1798 1196 1847 sunt,
1218 1805 1279 1837 ne
1298 1790 1514 1852 repetas!
1575 1790 1672 1837 Sed
1695 1791 1841 1852 longe
1866 1798 1978 1837 sunt
1995 1790 2129 1852 leges
2153 1789 2314 1837 civiles
2338 1796 2386 1836 et

632 1870 934 1917 consuetudo
961 1871 1314 1918 dominantium
1340 1872 1614 1919 seculariter
1639 1872 1702 1918 ab
1733 1872 1823 1919 ista
1856 1872 2106 1919 sententia.
2176 1870 2240 1918 Et
2262 1870 2384 1917 haec

630 1950 749 1996 ratio
775 1965 922 2011 quare
946 1951 1078 2012 leges
1104 1952 1228 1999 istae.
1245 1953 1522 2000 mundanae
1548 1961 1595 2000 et
1619 1954 1840 2000 executio
1863 1952 2044 2000 furiosa
2066 1952 2252 2000 illarum
2271 1960 2384 2001 sunt

629 2037 727 2076 tam
753 2031 1047 2092 culpabiliter
1071 2033 1214 2080 etiam
1239 2034 1361 2080 inter
1386 2034 1587 2081 clericos
1612 2034 1928 2082 introductae.
1998 2034 2060 2081 Et
2088 2042 2221 2096 patet
2245 2034 2382 2097 quod

630 2112 891 2169 conclusio,
918 2127 1067 2174 quam
1090 2114 1249 2172 infers,
1271 2122 1343 2162 est
1368 2115 1699 2172 concedenda,
1722 2115 1808 2162 sed
1826 2115 2007 2163 habitio
2026 2116 2379 2179 distinguenda.

630 2191 759 2239 Nam
800 2193 975 2240 habere
1017 2195 1224 2252 civiliter,
1270 2211 1382 2243 cum
1423 2197 1683 2244 necessitat
1725 2197 1788 2244 ad
1836 2197 2208 2245 sollicitudinem
2254 2198 2383 2246 circa

627 2274 910 2334 temporalia
928 2282 974 2321 et
997 2275 1128 2336 leges
1154 2276 1408 2323 hominurn
1433 2278 1774 2335 observandas,
1805 2278 1948 2326 debet
1967 2280 2171 2326 omnino
2196 2280 2380 2328 clericis

627 2354 858 2402 interdici.
929 2355 992 2403 Et
1028 2366 1263 2419 quantum
1300 2358 1361 2405 ad
1386 2357 1664 2406 silvestrum
1702 2368 1748 2406 et
1784 2361 1918 2418 alios,
1945 2371 2018 2408 est
2052 2361 2170 2408 mihi
2203 2363 2382 2424 proba-

626 2435 719 2482 bile
745 2436 878 2497 quod
902 2437 951 2482 in
983 2439 1261 2499 recipiendo
1287 2439 1439 2486 taliter
1471 2440 1774 2488 dotationem
1797 2443 2003 2503 graviter
2033 2451 2352 2505 peccaverunt
2366 2460 2380 2504 ;

632 2516 718 2563 sed
764 2532 1031 2578 possumus
1070 2534 1359 2580 supponere,
1407 2521 1542 2582 quod
1590 2522 1651 2569 de
1699 2522 1793 2570 hoc
1841 2522 2086 2572 fructuose
2138 2525 2380 2587 posterius

625 2598 952 2658 poenitebant.
1023 2599 1087 2646 Et
1134 2601 1202 2648 sic
1245 2602 1466 2648 concedo
1515 2602 1600 2649 tibi
1640 2603 1775 2664 quod
1814 2603 1924 2652 licet
1972 2604 2155 2654 clericis
2200 2606 2379 2656 habere

625 2679 922 2739 temporalia,
950 2680 1036 2727 sed
1070 2681 1207 2728 titulo
1245 2689 1292 2729 et
1327 2683 1479 2729 modo
1515 2683 1728 2731 habendi
1764 2699 1911 2747 quem
1936 2685 2072 2734 Deus
2095 2687 2308 2746 instituit,
2332 2696 2380 2739 et

625 2773 726 2805 non
769 2760 848 2806 illo
892 2762 1042 2808 modo
1085 2763 1279 2825 cupido,
1322 2779 1469 2825 quem
1513 2764 1780 2827 Caymitica
1819 2767 2079 2815 institutio4
2120 2769 2378 2817 adinvenit.

624 2839 754 2888 Nam
789 2842 971 2891 chorda
1002 2852 1075 2891 est
1111 2853 1327 2893 creatura
1349 2847 1482 2894 bona
1516 2846 1622 2904 Dei,
1651 2848 1773 2894 sicut
1795 2856 1842 2895 et
1877 2849 2054 2896 collum
2077 2850 2304 2910 hominis,
2330 2861 2379 2900 et

623 2929 788 2969 tamen
813 2924 989 2972 modus
1015 2925 1227 2973 habendi
1251 2927 1381 2974 illam
1406 2928 1532 2976 circa
1555 2929 1734 2975 collum
1759 2929 1971 2978 hominis
2003 2932 2282 2994 strangulati
2305 2942 2378 2982 est

623 3004 735 3051 satis
778 3005 983 3053 odibilis.
1055 3007 1176 3055 Ideo
1218 3008 1350 3055 nuda
1390 3016 1464 3056 est
1499 3017 1580 3056 tua
1622 3011 1806 3071 argutia
1845 3026 2058 3072 peccans
2098 3013 2150 3060 in
2190 3013 2377 3063 fallacia

623 3088 977 3147 consequentis,
1014 3091 1025 3112 ‘
1043 3089 1083 3135 si
1117 3089 1226 3137 licet
1263 3089 1443 3137 clericis
1466 3089 1644 3138 habere
1669 3090 1788 3138 haec
1820 3093 2118 3154 temporalia,
2143 3109 2262 3156 ergo
2294 3095 2375 3144 illo

621 3166 808 3214 modo?

674 3285 687 3308 1
716 3285 788 3325 illo
818 3286 939 3326 titulo
958 3287 1024 3327 vel
1052 3288 1172 3329 titulo
1202 3289 1373 3342 gratiae]
1394 3289 1467 3329 illo
1487 3289 1608 3329 titulo
1628 3291 1797 3342 gratiae,
1818 3293 1858 3331 A
1874 3293 1972 3333 B.C.
1993 3294 2194 3334 secundae
2212 3308 2373 3337 manus.

618 3337 633 3359 ²
661 3344 700 3377 et
722 3341 996 3393 possessione]
1018 3355 1099 3381 om.
1121 3343 1182 3382 ed.
1204 3357 1264 3395 pr.
1426 3344 1441 3367 ³
1469 3344 1664 3396 primum]
1687 3345 1816 3391 illum,
1838 3347 1902 3386 ed.
1921 3360 1983 3399 pr.
2102 3347 2119 3371 ⁴
2146 3349 2374 3400 Caymitica

619 3391 838 3445 institutio]
860 3395 1063 3435 institutio
1083 3410 1108 3436 a
1123 3398 1254 3449 Caym
1273 3397 1358 3436 sive
1374 3398 1492 3437 Caim
1511 3398 1688 3444 inventa,
1704 3399 1730 3438 i.
1742 3412 1778 3438 e.
1793 3413 1819 3438 a
1838 3407 2014 3452 quatuor
2033 3402 2245 3443 ordinibus
2259 3417 2374 3444 men-

618 3445 855 3492 dicantium,
878 3450 947 3500 qui
967 3463 1040 3502 per
1059 3450 1196 3490 literas
1223 3451 1401 3490 nominis
1421 3452 1526 3491 Cain
1554 3466 1585 3491 s.
1607 3453 1726 3492 Caim
1755 3453 1971 3505 significari
2002 3455 2253 3503 dicebantur,
2282 3458 2370 3498 scil.

619 3498 875 3548 Carmentae,
895 3504 1231 3574 Augustinenses‚
1251 3506 1465 3558 Jacobitae
1485 3519 1516 3546 s.
1538 3506 1815 3554 DominicanL
1836 3508 2019 3549 Minores
2038 3523 2070 3551 S.
2092 3510 2128 3549 F
2128 3510 2369 3552 ranciscam.
