2436 4094
167 449 321 480 caan.
760 427 1340 480 TRIALOGUS.

166 564 326 629 placet
347 563 522 623 multiS,
549 564 818 614 secundum
844 564 1054 614 diversas
1079 564 1321 628 potentias
1345 564 1627 613 intellectus.
1701 562 1926 613 Similiter

166 661 316 710 quam
339 654 542 696 extensa
565 656 639 696 est
662 649 847 706 caritaS,
872 656 973 696 tam
997 656 1198 696 extensa
1226 655 1300 696 est
1323 647 1501 695 invidia
1533 648 1623 695 sibi
1655 648 1896 696 contraria
1909 667 1922 710 ;

167 726 255 776 sed
278 728 452 776 caritas
477 743 528 777 se
553 730 768 778 extendit
793 730 856 779 ad
889 730 1190 793 diligendum
1214 729 1377 777 Deum
1410 737 1459 778 et
1491 730 1784 792 proximum,
1810 744 1928 792 ergo

163 808 344 858 invidia
378 825 430 858 se
455 810 673 859 extendit
709 811 771 860 ad
796 805 1127 875 appetendum
1162 811 1345 860 malum
1370 811 1464 859 Dei
1503 819 1551 859 et
1587 811 1798 875 proximi
1814 827 1828 871 ς
1880 819 1927 860 et

164 890 236 940 sic
258 898 419 954 potest
454 891 564 950 dici,
590 892 725 956 quod
749 908 810 940 ex
843 893 1121 942 inordinato
1154 908 1321 941 amore
1353 893 1579 956 propriae
1614 893 1928 941 excellentiae

163 971 365 1036 pullulat
388 972 692 1023 inordinatus
716 989 855 1023 amor
878 975 953 1022 vel
985 974 1225 1037 appetitus
1258 975 1372 1022 mali
1404 975 1611 1022 alterius.
1684 973 1924 1033 Quamvis

163 1061 329 1103 autem
369 1053 482 1103 Deo
524 1070 627 1104 non
667 1064 829 1119 potest
869 1057 1029 1104 inesse
1070 1056 1264 1115 malitia,
1307 1063 1473 1104 tamen
1514 1057 1704 1105 invidus
1746 1057 1930 1119 appetit

163 1135 406 1200 implicite,
431 1137 566 1200 quod
589 1137 700 1186 Deo
733 1139 845 1186 insit
877 1139 1074 1197 malum,
1103 1154 1215 1186 curn
1245 1139 1427 1201 appetit
1450 1139 1674 1187 virtutem
1709 1154 1928 1186 commu-

163 1217 422 1267 nicationis
447 1218 635 1267 divinae
655 1218 876 1269 deficere.
938 1220 1060 1268 Ideo
1086 1220 1264 1268 invidia
1288 1220 1461 1269 dicitur
1479 1220 1749 1269 secundum
1774 1236 1930 1284 quan-

164 1299 281 1348 dam
305 1300 651 1364 proprietatem
676 1309 934 1364 peccatum
958 1317 1065 1350 esse
1090 1302 1140 1349 in
1168 1301 1399 1366 Spiritum
1425 1302 1676 1350 Sanctum.

235 1379 343 1434 Sed
361 1383 576 1444 arguitur
611 1383 934 1432 communiter
967 1392 1137 1432 contra
1168 1399 1324 1446 genus
1357 1384 1579 1432 invidiae.
1651 1384 1782 1432 Nam
1815 1399 1929 1447 sup-

165 1465 364 1529 ponitur
400 1473 454 1514 ut
494 1481 584 1529 per
626 1482 679 1515 se
722 1475 894 1515 notum
936 1467 1255 1531 philosophis,
1297 1467 1433 1530 quod
1473 1483 1623 1516 nemo
1664 1467 1931 1531 quidquam

165 1546 350 1610 appetit
384 1547 478 1596 nisi
516 1548 606 1596 sub
641 1548 830 1597 ratione
866 1550 984 1597 boni
1008 1549 1084 1596 vel
1120 1550 1429 1612 apparentiae
1459 1549 1595 1612 quod
1627 1550 1686 1597 sit
1714 1550 1901 1597 bonum
1915 1565 1928 1609 3

167 1627 255 1677 sed
295 1642 399 1676 non
440 1637 604 1692 potest
645 1645 878 1692 apparere
925 1630 1112 1678 homini
1154 1631 1230 1678 vel
1273 1631 1518 1689 daemoni,
1562 1630 1695 1694 quod
1738 1631 1797 1679 sit
1841 1631 1930 1678 sibi

165 1710 355 1759 bonum
377 1711 560 1759 malum
585 1711 791 1770 alterius,
813 1726 935 1774 ergo
961 1727 1110 1760 nemo
1139 1720 1300 1775 potest
1326 1712 1597 1761 secundum
1622 1713 1762 1760 istam
1786 1713 1930 1760 ratio-

166 1806 284 1840 nem
309 1800 545 1856 appetere
577 1794 763 1841 malum
787 1794 935 1853 alteri,
960 1803 1007 1843 et
1031 1810 1120 1858 per
1143 1809 1454 1858 consequens
1478 1810 1581 1843 non
1613 1803 1774 1858 potest
1798 1795 1931 1843 alteri

165 1873 394 1923 invidere.
465 1873 563 1924 Sed
603 1875 683 1924 hic
726 1876 1051 1925 communiter
1093 1876 1277 1935 dicitur,
1303 1877 1438 1940 quod
1479 1877 1640 1925 minor
1681 1885 1755 1925 est
1797 1877 1928 1934 falsa,

167 1970 282 2007 cum
305 1963 406 2005 tam
430 1956 652 2006 diabolus
677 1972 826 2021 quam
851 1957 1068 2006 invidus1
1095 1973 1155 2006 ex
1181 1959 1347 2006 innata
1371 1959 1552 2006 malitia
1585 1959 1847 2007 delectatur
1870 1958 1930 2006 de

166 2038 299 2087 malo
324 2038 532 2099 alteriuS,
560 2046 609 2088 et
631 2055 718 2104 per
747 2055 1057 2103 consequens
1081 2048 1283 2103 apparet
1307 2041 1397 2089 sibi
1423 2056 1530 2090 esse
1554 2042 1742 2090 bonum
1773 2040 1931 2089 delec-

165 2119 312 2169 tabile
352 2129 402 2170 et
443 2122 513 2170 sic
554 2122 759 2171 bonumr
841 2122 929 2171 Est
970 2131 1133 2170 autem
1174 2137 1306 2170 error
1341 2122 1393 2170 in
1431 2137 1725 2186 quocunque
1766 2123 1931 2171 invido

168 2202 439 2252 secundum
462 2204 802 2253 intellectivam
832 2205 1103 2268 potentiam
1116 2220 1130 2264 ;
1179 2213 1226 2253 et
1253 2205 1320 2253 sic
1345 2206 1507 2253 omnis
1539 2205 1647 2253 talis
1671 2205 1828 2253 malus
1861 2213 1932 2254 est

167 2286 414 2349 ignoranS,
435 2301 548 2335 cum
571 2295 672 2336 tam
696 2288 884 2336 bonum
908 2287 1022 2335 utile
1048 2302 1197 2350 quarn
1222 2288 1411 2335 bonum
1431 2288 1712 2336 delectabile
1738 2288 1934 2336 deberet

167 2382 292 2427 esse,
323 2369 459 2432 quod
493 2369 610 2419 alter
645 2370 832 2418 careat2
863 2371 945 2421 tali
981 2370 1180 2429 damn0‚
1217 2370 1355 2418 cum⁸
1391 2370 1771 2418 communicatio
1816 2370 1934 2418 boni

168 2452 322 2514 prosit
347 2452 606 2516 dispositis.
679 2452 827 2501 Unde
860 2453 957 2501 hoc
990 2453 1225 2516 gaudium
1259 2453 1406 2500 invidi
1439 2461 1513 2500 est
1545 2453 1709 2516 passio
1747 2452 1934 2514 spiritu-

169 2534 306 2582 aliter
327 2533 595 2596 phrenetici
618 2542 763 2598 atque
790 2535 982 2593 diaboli,
1010 2550 1122 2582 cum
1146 2534 1328 2597 gaudet
1352 2534 1412 2582 de
1437 2534 1545 2592 hoc,
1566 2535 1698 2582 unde
1722 2534 1933 2582 rationa-

170 2615 328 2664 biliter
374 2623 449 2664 est
496 2616 778 2674 dolendum,
827 2617 967 2665 cum*
1009 2616 1261 2678 apostolus
1304 2616 1456 2677 dicat⁵
1504 2631 1524 2663 1
1574 2615 1794 2663 Corinth.
1837 2616 1931 2662 xii:

171 2700 184 2723 ‘
200 2697 408 2760 gaudete
447 2713 559 2746 cum
593 2699 918 2761 gaudentibus
960 2706 1008 2746 et
1045 2698 1155 2746 flete
1192 2713 1305 2746 cum
1343 2696 1625 2746 1161111111136.1
1696 2696 1933 2744 Diabolus

171 2787 336 2828 autem
369 2780 634 2843 desperans
667 2782 855 2829 bonurn
889 2781 1080 2828 alterius
1114 2780 1206 2828 sibi
1242 2779 1477 2842 proficere
1510 2778 1790 2840 superaddit
1814 2778 1934 2835 invi-x

171 2862 318 2922 diam,
339 2862 511 2910 volens
534 2862 808 2910 inordinate
832 2863 926 2910 tale
950 2863 1137 2910 bonum
1162 2876 1264 2908 non
1289 2876 1410 2919 esse,
1435 2868 1483 2908 et
1515 2860 1796 2923 superaddit
1828 2875 1932 2908 ma-

163 2942 323 2993 litiam
364 2952 601 3007 appetens
642 2943 758 2992 illud
798 2945 986 2992 bonum
1025 2939 1307 2991 destruere⁷.
1378 2941 1441 2990 Et
1482 2942 1550 2990 sic
1592 2942 1778 2990 videtur
1815 2942 1932 2990 mihi
1990 2961 2038 2989 ne
2072 2960 2142 2989 ειη-ς

2064 427 2164 496 169

2020 2994 2100 3023 vidia

173 3025 307 3090 quod
331 3025 521 3088 species
550 3025 756 3074 invidiae
791 3026 899 3088 capi
923 3034 1131 3088 possunt
1154 3040 1307 3088 penes
1332 3024 1690 3073 distinctionem
1715 3024 2162 3086 objecto-⁵9⁶010bus·

172 3123 296 3168 rum,
320 3108 384 3157 ad
417 3123 542 3171 quae
576 3108 756 3156 invidia
793 3108 1104 3166 terminatur;
1154 3115 1202 3155 et
1234 3106 1328 3154 hoc
1363 3106 1549 3153 videtur
1581 3106 1930 3154 consonantius

173 3190 316 3240 dictis
341 3191 578 3252 superiuS‚
603 3205 751 3253 quarn
776 3190 1070 3251 distinguere
1104 3189 1333 3236 invidiam
1358 3189 1408 3235 in
1431 3187 1702 3251 haec⁸pduo
1735 3203 1928 3250 genera,

171 3271 224 3320 in
246 3271 480 3335 gaudium
504 3261 832 3320 in‘ordinatum
859 3272 919 3320 de
945 3271 1103 3318 alieno
1129 3269 1258 3318 malo
1284 3278 1332 3318 et
1358 3269 1579 3318 dolorem
1604 3269 1930 3318 inordinatum

229 3422 243 3446 ¹
271 3421 450 3475 invidus]
472 3421 670 3468 invidens,
691 3421 846 3462 A.B.C.
1057 3420 1073 3445 ²
1101 3420 1255 3474 careat]
1278 3427 1403 3467 caret,
1424 3421 1577 3462 A.B.C.
1770 3421 1786 3444 ³
1814 3422 1927 3475 curn]

173 3482 233 3522 ut,
253 3476 317 3517 ed.
337 3489 398 3530 pr.
423 3476 433 3484 '
536 3475 552 3498 ⁴
579 3476 694 3529 cum]
714 3476 874 3528 quibus,
895 3476 1050 3518 A.B.C.
1216 3476 1231 3500 ⁵
1258 3475 1388 3528 dicat]
1410 3476 1521 3522 dicit,
1542 3475 1697 3517 A.B.C.
1847 3477 1863 3499 ⁶
1889 3482 1930 3516 et

174 3530 441 3584 —flentibus]
477 3544 560 3572 om.
601 3531 755 3572 A.B.C.
796 3530 859 3571 ed.
893 3543 955 3584 pr.
1244 3530 1259 3553 ⁷
1287 3530 1512 3583 destruere]
1552 3530 1736 3578 deficere,
1774 3530 1930 3572 A.B.C.

174 3585 191 3610 ⁸
218 3584 340 3638 haec]
361 3598 444 3627 om.
466 3585 521 3626 D.
