2456 4088
127 478 279 514 cana.
720 457 1291 508 TRIALOGUS.

128 600 344 643 creatum
376 593 598 657 spiritum
621 594 682 642 sit
707 590 927 641 Christus
961 593 1093 641 idem
1118 608 1231 641 cum
1255 593 1471 656 quolibet
1494 591 1774 640 hominum¹
1800 592 1891 640 sal-

126 674 413 724 vandorum.
472 674 536 723 Et
553 682 699 737 patet,
719 674 855 737 quod
878 674 1054 725 falsum
1078 676 1129 722 in
1149 675 1245 723 fine
1270 674 1574 733 admittitur2,
1602 690 1714 722 cum
1732 674 1891 737 major

128 756 190 804 sit
235 756 574 804 convenientia
622 755 983 803 individuorum
1024 757 1076 803 in
1119 757 1294 818 specie,
1335 771 1484 818 quam
1526 756 1891 819 suppositorum

127 852 254 902 quae
278 837 440 886 solum
475 837 777 886 concordant
811 837 862 884 in
898 853 1092 900 genere,
1117 839 1231 901 quia
1265 838 1413 900 longe
1450 838 1541 885 alia
1565 845 1638 886 est
1664 836 1893 885 conveni-

126 920 258 968 entia
278 933 428 982 quam
452 919 504 967 in
528 919 736 967 termino
760 919 836 967 vel
858 920 909 966 in
934 920 1091 982 signo.

195 1000 278 1048 Ad
300 1001 488 1048 tertiam
511 1008 647 1048 tuam
671 1002 944 1049 instantiam
969 1001 1094 1059 dico,
1120 1001 1256 1065 quod
1275 1001 1627 1063 consequentia
1651 1014 1754 1047 non
1779 1013 1893 1062 pro-

127 1082 270 1140 cedit,
295 1082 410 1145 quia
429 1082 568 1145 juxta
591 1090 675 1131 tua
703 1082 942 1145 principia
974 1098 1061 1146 per
1092 1082 1189 1131 hoc
1221 1090 1562 1145 argumentum
1594 1083 1893 1144 probaretur,

126 1163 264 1227 quod
300 1163 544 1226 quaelibet
585 1164 866 1226 superficies
909 1164 969 1212 sit
1007 1165 1247 1212 infinitum
1289 1165 1446 1227 maj0r
1482 1179 1629 1226 quam
1669 1163 1810 1220 linea,
1847 1170 1895 1209 et

129 1259 308 1307 corpus
339 1244 582 1292 infinitum
613 1245 772 1308 majus
805 1246 1072 1308 superficie,
1099 1254 1147 1293 et
1178 1261 1266 1308 per
1299 1260 1606 1307 consequens
1637 1253 1894 1306 utrumque

127 1341 300 1375 eorum
322 1326 564 1374 infinitum
596 1342 848 1389 magnum.
921 1326 1019 1376 Sed
1052 1336 1106 1375 ut
1137 1327 1372 1376 accedam
1404 1328 1605 1390 propius
1630 1326 1894 1381 *falsitatem

126 1416 240 1458 tuae
281 1409 547 1456 sententiae
588 1423 691 1456 non
730 1409 1031 1467 mendicans,
1070 1417 1255 1457 certum
1291 1409 1409 1456 mihi
1448 1417 1521 1456 est
1562 1408 1695 1471 quod
1733 1408 1895 1455 omnis

127 1491 282 1539 homo
306 1498 381 1538 est
403 1491 644 1538 infinitum
667 1490 927 1553 perfectior
952 1505 1102 1554 quam
1126 1491 1295 1548 bestia,
1331 1499 1378 1538 et
1402 1499 1567 1538 tamen
1590 1505 1692 1537 non
1717 1489 1894 1537 exinde

127 1580 203 1622 est
228 1572 471 1620 infinitum
494 1572 750 1636 perfectus.
823 1571 1063 1621 Concedo
1088 1580 1267 1630 tamen,
1294 1573 1429 1635 quod
1462 1573 1634 1619 infiniti
1669 1572 1895 1619 homines

129 1654 208 1702 alii
231 1669 320 1718 per
342 1654 643 1717 impossibile
667 1654 814 1717 positi
839 1669 942 1702 non
973 1653 1205 1717 possunt3
1229 1653 1423 1702 Christo
1448 1653 1726 1701 humanitus
1751 1668 1893 1701 coae-

129 1735 268 1800 quari
302 1743 504 1799 propter
526 1736 763 1784 unionem
798 1736 929 1784 illam
960 1737 1171 1794 beatam,
1196 1750 1344 1797 quam
1377 1736 1536 1783 nullus
1573 1736 1692 1784 alius
1728 1743 1895 1798 posset

60 1819 70 1823 ”
129 1832 376 1866 assumere
391 1833 404 1877 ;
454 1826 502 1865 et
540 1818 609 1865 sic
647 1817 867 1865 Christus
906 1817 1096 1865 excellit
1134 1816 1455 1874 humanitus⁴,
1493 1826 1593 1864 tam
1636 1817 1686 1864 in
1726 1825 1895 1864 natura

129 1907 381 1962 assumpta
398 1914 547 1962 quam
565 1899 616 1946 in
635 1899 790 1961 gratia
806 1899 1019 1956 unionis,
1040 1913 1215 1946 omnes
1239 1898 1466 1946 homines
1486 1907 1675 1961 praeter
1693 1898 1894 1961 ipsum⁵‚

129 1981 288 2030 nullus
311 1981 443 2029 enim
462 1981 581 2030 alius
605 1981 756 2028 homo
781 1988 948 2042 posset
972 1981 1022 2028 in
1044 1981 1210 2028 anima
1227 1980 1302 2028 vel
1320 1981 1397 2027 in⁶
1422 1995 1628 2043 corpore
1650 1979 1896 2028 Christum

129 2063 418 2127 praecellere
432 2079 446 2123 3
497 2071 544 2111 et
579 2078 667 2126 per
703 2077 1012 2125 consequens
1037 2063 1087 2108 in
1113 2075 1321 2124 corpore
1358 2061 1446 2110 fuit
1472 2070 1607 2110 tanta
1631 2062 1895 2124 aequalitas

69 2182 83 2190 s
129 2145 484 2209 complexionis
507 2144 834 2202 harmonicae,
855 2144 989 2206 quod
1014 2159 1116 2191 non
1140 2144 1297 2207 potuit
1321 2159 1428 2193 esse
1454 2144 1651 2192 rebellio
1677 2145 1896 2207 corporis

130 2215 204 2276 sui
239 2226 303 2275 ad
336 2226 565 2284 animam,
592 2226 714 2274 sicut
748 2234 822 2274 est
857 2227 908 2272 in
933 2226 1148 2288 quolibet
1183 2226 1277 2274 alio
1311 2226 1453 2275 fratre
1484 2241 1587 2274 suo.
1662 2225 1760 2274 Sed
1792 2241 1895 2274 non

129 2324 192 2357 ex
231 2308 346 2356 hinc
388 2308 616 2371 sequitur,
659 2308 795 2371 quod
836 2307 1058 2356 Christus
1099 2309 1341 2356 infinitum
1382 2309 1574 2357 excedit
1615 2308 1894 2356 humanitus

128 2389 340 2452 aliquem
364 2388 561 2437 fratrem
594 2404 750 2437 suum.
821 2389 885 2437 Et
919 2398 1156 2452 quantum
1189 2390 1252 2438 ad
1285 2391 1651 2452 replicationem
1675 2398 1809 2438 tuam
1834 2389 1894 2437 de

128 2470 369 2535 primitate
405 2470 731 2528 humanitatis,
770 2471 992 2519 concedo
1033 2472 1132 2529 tibi,
1170 2471 1306 2534 quod
1343 2471 1562 2520 Christus
1599 2481 1672 2520 est
1710 2473 1894 2535 primus

129 2551 282 2600 homo
308 2552 585 2615 simpliciter
609 2552 855 2614 dignitate,
881 2562 928 2601 et
954 2554 1023 2601 sic
1048 2561 1122 2601 est
1145 2553 1303 2615 prius⁷
1331 2553 1522 2612 Adam;
1561 2554 1648 2601 sed
1673 2568 1894 2602 commu-

129 2635 255 2682 niter
287 2633 564 2696 intelligitur
598 2633 659 2681 de
695 2635 929 2696 temporis
966 2634 1223 2696 primitate,
1260 2649 1352 2682 nec
1388 2642 1463 2682 est
1487 2635 1808 2683 contradictio
1844 2636 1895 2682 in

130 2717 226 2764 ista
260 2715 676 2778 aequivocatione,
710 2716 819 2762 licet
854 2715 1100 2778 sophistae
1136 2715 1356 2763 laborent
1390 2716 1599 2763 multum
1634 2717 1684 2763 in
1721 2716 1894 2764 talibus

129 2798 481 2861 imprudenter.

197 2879 261 2927 Et
306 2893 407 2942 quo
453 2879 517 2927 ad
554 2879 766 2926 ultimam
813 2879 1148 2939 replicationem
1195 2886 1329 2926 tuam
1377 2878 1437 2926 de
1476 2878 1588 2926 loco
1637 2894 1666 2927 a
1713 2878 1892 2937 simili⁸‚

130 2970 263 3025 patet
302 2961 439 3024 quod
479 2961 616 3009 multi
662 2977 724 3009 ex
764 2962 855 3010 ista
904 2961 1072 3010 simiali
1121 2960 1428 3009 similitudine
1476 2969 1586 3009 sunt
1630 2962 1768 3025 lapsi,
1809 2977 1893 3010 ne—

131 3043 296 3107 gando
343 3043 493 3092 fidem
531 3043 812 3106 scripturae,
855 3043 1176 3105 imaginantes
1224 3042 1358 3105 quod
1404 3043 1678 3091 humanitas
1717 3043 1894 3092 Christi

133 3134 214 3174 aut
237 3125 342 3188 ejus
378 3125 602 3174 divinitas
627 3133 740 3173 sunt
763 3133 923 3187 partes
953 3124 1057 3187 ejus
1090 3124 1430 3187 quantitativae
1463 3133 1544 3172 aut
1576 3125 1893 3187 qualitativae‚

134 3208 247 3271 quia
270 3207 404 3255 aliter
425 3207 546 3255 ratio
567 3214 648 3254 tua
672 3222 775 3255 non
799 3206 1085 3269 procederet
1110 3207 1172 3254 ab
1196 3206 1436 3269 exemplo
1496 3206 1758 3255 Audaciter
1777 3222 1895 3270 ergo

135 3287 406 3337 concedam
430 3288 709 3351 simpliciter
728 3303 899 3336 omnes
923 3288 1324 3350 praedicationes,
1345 3303 1466 3350 quas
1487 3288 1607 3336 fides
1632 3289 1895 3352 scripturae

190 3403 204 3428 ¹
232 3402 468 3455 hominum]
489 3403 670 3450 homine,
692 3403 847 3445 A.B.C.
868 3405 1024 3457 primae
1043 3418 1201 3445 manus.
1338 3404 1354 3427 2
1382 3405 1631 3458 admittitur]
1653 3407 1894 3454 annectitur,

137 3458 292 3499 A.B.C.
312 3458 377 3498 ed.
397 3470 459 3510 pr.
599 3459 615 3481 ³
642 3459 834 3511 possunt]
857 3465 1039 3511 possent,
1060 3460 1122 3499 ed.
1143 3472 1205 3511 pr.
1317 3458 1332 3481 ⁴
1359 3459 1612 3511 humanitus]
1635 3473 1718 3500 om.
1740 3461 1894 3503 A.B.C.

134 3512 150 3535 ⁵
179 3511 532 3564 omnes—ipsum]
553 3525 637 3552 om.
659 3513 707 3552 C.
729 3514 931 3553 secundae
950 3527 1109 3560 manus,
1131 3514 1185 3552 D.
1206 3513 1268 3553 ed.
1290 3527 1351 3566 pr.
1517 3514 1532 3536 ⁶
1561 3514 1622 3566 in]
1645 3528 1727 3556 om.
1748 3515 1812 3556 ed.
1832 3529 1894 3570 pr.

135 3566 152 3589 ⁷
178 3566 293 3619 prius
308 3565 445 3606 Adam
467 3565 569 3618 (h.e.
591 3567 701 3619 prior
722 3567 927 3619 Adamo)]
946 3568 1100 3620 primus
1118 3568 1267 3612 Adam,
1290 3569 1340 3607 A.
1370 3568 1526 3620 primae
1541 3582 1708 3616 manus;
1739 3583 1815 3611 nec
1833 3576 1895 3611 est

138 3621 293 3673 primus
313 3620 463 3666 Adam,
485 3621 588 3660 sicut
609 3633 715 3661 com.
738 3627 811 3668 est,
832 3623 881 3662 C.
1076 3623 1090 3642 '³
1120 3636 1144 3661 a
1164 3621 1306 3674 simili]
1328 3622 1511 3667 assimili,
1532 3623 1595 3663 ed.
1617 3636 1676 3675 pr.

2023 469 2125 524 233
