2496 4108
138 451 290 482 canu.
730 431 1299 484 TRIALOGUS.

138 565 407 615 secundum
447 565 626 616 Christi
665 566 883 629 regulam
923 567 1202 629 bap'tisetur,
1245 576 1294 616 et
1340 568 1593 618 deficiente
1641 583 1769 632 aqua
1809 568 1886 617 vel

136 647 376 711 requisitis
400 647 502 697 aliis
520 655 677 696 stante
701 649 782 711 pia
804 648 1070 696 intentione
1095 650 1241 698 totius
1265 650 1447 713 populi,
1473 651 1665 698 interim
1690 659 1885 699 mortuo

135 729 412 779 naturaliter
434 738 555 778 nutu
577 729 686 789 Dei,
710 730 896 778 videtur
919 745 1063 793 grave
1098 730 1464 779 damnationem
1496 731 1693 780 infantis
1725 732 1891 796 hujus-

135 811 271 860 modi
317 810 536 870 diffinire‚
585 811 853 874 specialiter
900 826 1013 859 cum
1060 827 1151 860 nec
1200 813 1359 862 infans
1405 814 1494 861 iste
1541 829 1634 861 nec
1681 814 1894 877 populus

134 892 366 956 peccavit,
390 899 444 940 ut
466 892 622 940 taliter
653 892 1001 941 damnaretur1.
1073 893 1171 941 Ubi
1197 903 1269 942 est
1301 910 1419 957 ergo
1451 895 1725 943 misericors
1749 894 1893 942 liber-

134 973 270 1023 alitas
294 971 472 1022 Christi
495 973 604 1032 Dei,
631 973 671 1022 si
693 974 799 1022 talis
823 974 985 1037 proles
1009 974 1223 1023 fidelium
1248 985 1447 1039 propter
1470 977 1586 1024 illud
1623 976 1758 1039 quod
1790 991 1894 1024 non

134 1062 208 1105 est
229 1056 280 1104 in
310 1062 550 1119 potestate
581 1070 768 1114 eorum,
802 1055 1122 1115 damnabitur,
1157 1072 1270 1105 eum
1297 1057 1435 1106 Deus
1469 1058 1740 1106 secundum
1764 1058 1895 1120 prin-

134 1136 261 1200 cipia
282 1135 558 1200 theologiae
583 1138 865 1186 communia
890 1138 948 1186 sit
972 1139 1172 1201 pronior
1191 1139 1253 1187 ad
1271 1139 1640 1201 praemiandum
1665 1139 1892 1187 homines

135 1233 285 1282 quam
312 1219 377 1268 ad
408 1219 757 1278 damnandum,
783 1228 832 1268 et
864 1220 1136 1283 specialiter
1168 1222 1342 1270 merito
1374 1230 1421 1270 et
1453 1222 1680 1284 passione
1717 1220 1897 1269 Christi

133 1307 322 1350 tantum
345 1315 434 1349 sua
454 1301 663 1349 tentoria
687 1300 974 1350 dilatante2?

203 1381 478 1431 Phroneszlr.
548 1382 754 1432 Videtur
794 1383 927 1442 mihi,
969 1397 1121 1441 soror,
1165 1384 1301 1446 quod
1342 1399 1516 1433 mones
1565 1385 1800 1433 subtiliter
1847 1392 1896 1432 et

136 1471 290 1513 acute.
360 1463 484 1513 Ideo
516 1472 709 1528 oportet
743 1473 790 1513 te
826 1465 945 1513 mihi
981 1465 1210 1527 compati,
1245 1464 1605 1514 distinctionem
1638 1467 1896 1513 verborum

139 1545 192 1594 in
227 1545 319 1595 ista
357 1546 560 1594 materia
601 1546 913 1605 attendendo,
951 1546 1084 1609 quod
1123 1547 1365 1609 quaedam
1406 1547 1580 1610 loquor
1615 1546 1894 1609 simpliciter

136 1628 363 1678 assertive
395 1635 444 1677 et
467 1628 560 1677 alia
593 1629 752 1678 solum
783 1630 1062 1692 reputative,
1099 1630 1221 1677 sicut
1254 1629 1401 1677 credo
1435 1629 1663 1678 doctores
1695 1638 1891 1678 sanctos

134 1711 369 1760 ecclesiae
387 1720 818 1774 quantumcunque
837 1726 1046 1774 magnos
1069 1719 1183 1774 post
1201 1720 1423 1759 auctores
1443 1712 1704 1774 scripturae
1729 1727 1894 1760 sacrae

133 1792 324 1842 locutos
346 1793 507 1842 fuisse.
577 1793 780 1856 Loquor
804 1802 966 1842 autem
991 1793 1078 1840 illa
1103 1793 1382 1855 simpliciter
1414 1793 1644 1840 assertive
1669 1807 1795 1855 quae
1820 1792 1895 1840 vel

136 1881 250 1923 sunt
283 1882 403 1924 nota
435 1889 550 1924 meo
587 1876 750 1924 sensui
773 1875 849 1923 vel
873 1883 1039 1938 patent
1075 1874 1194 1922 mihi
1230 1890 1291 1923 ex
1327 1874 1424 1922 fide
1464 1875 1726 1936 scripturae
1740 1890 1753 1933 3
1784 1874 1895 1922 'sed

135 1955 241 2016 alia,
283 1957 458 2019 quibus
500 1964 787 2021 argumenta
827 1956 942 2006 ista⁸
982 1956 1227 2015 deficiunt,
1272 1956 1416 2004 dum4
1456 1955 1616 2004 habeo
1659 1956 1724 2004 ad
1765 1957 1896 2018 ipsa⁵

135 2038 414 2087 suasionem
447 2039 764 2103 probabilem,
788 2045 942 2101 reputo
977 2039 1111 2087 esse⁶
1134 2054 1271 2099 vera3
1323 2046 1370 2086 et
1402 2039 1471 2086 sic
1503 2038 1700 2101 loquar⁷
1733 2039 1819 2087 tibi
1846 2039 1896 2086 in

135 2121 228 2169 ista
265 2121 468 2170 materia
504 2136 653 2184 quam
693 2121 925 2170 movistiss.
995 2121 1078 2169 Ad
1102 2122 1312 2184 primam
1348 2121 1626 2169 instantiam
1660 2128 1796 2168 tuam
1835 2121 1896 2169 de
1955 2137 2121 2211 ξιὲἒῑεωςε

136 2201 301 2264 signiS,
332 2202 520 2252 videtur
553 2203 672 2251 mihi
707 2203 842 2266 quod
867 2203 1086 2253 Christus
1120 2203 1260 2266 signa
1291 2203 1546 2266 approbat,
1580 2202 1691 2250 licet
1723 2217 1895 2250 eorum

135 2283 343 2332 abusum
372 2284 681 2333 condemnet.
751 2285 815 2333 Et
848 2285 918 2334 sic
952 2284 1170 2347 intelligo
1207 2284 1324 2332 illud
1356 2283 1531 2332 Matth.
1556 2284 1663 2331 xii.:
1715 2287 1726 2309 ‘
1745 2299 1894 2347 gene-

134 2365 259 2413 ratio
306 2365 523 2415 adultera
569 2367 712 2429 signa
755 2367 956 2430 quaerit,
1005 2375 1053 2415 et
1095 2367 1290 2430 signum
1337 2381 1440 2414 non
1488 2365 1677 2414 dabitur
1717 2367 1762 2414 ei
1803 2366 1895 2413 nisi

137 2447 334 2510 signum
368 2440 525 2511 Jonae
559 2447 858 2512 prophetae?
930 2447 1150 2497 Christus
1187 2449 1318 2496 enim
1359 2448 1410 2495 in
1447 2448 1643 2510 propria
1684 2463 1895 2510 persona

70 2572 72 2574 ,
134 2536 210 2577 est
251 2528 446 2592 signum
483 2530 723 2588 sensibile,
767 2538 815 2579 et
855 2538 908 2578 ut
947 2531 1135 2578 videtur
1174 2529 1291 2576 mihi
1335 2538 1692 2577 sacramentum
1735 2544 1893 2577 sacra-

136 2619 429 2670 mentorum,
473 2627 586 2660 cum
623 2613 715 2660 sibi
754 2627 945 2661 summe
987 2612 1244 2660 conveniat
1285 2610 1546 2673 descriptio
1588 2611 1891 2659 sacramenti.

138 2691 274 2742 Sicut
305 2694 437 2741 enim
470 2691 672 2756 Moyses
703 2694 927 2742 exaltavit
961 2700 1235 2755 serpentem
1259 2707 1467 2739 aeneum
1501 2692 1552 2738 in
1586 2692 1790 2750 desert0,
1816 2691 1892 2739 ut⁹

138 2789 315 2823 omnes
337 2776 556 2837 percussi
581 2790 610 2822 a
634 2776 936 2838 serpentibus
959 2775 1202 2822 intuentes
1227 2773 1360 2820 illum
1386 2780 1663 2835 serpentem
1686 2787 1895 2820 aeneum

121 2863 436 2915 sanarentur,
461 2863 514 2905 ut
546 2856 716 2905 dicitur
748 2857 950 2905 Numer.
976 2857 1087 2915 xxi„
1119 2855 1186 2904 sic
1218 2853 1360 2918 Jesus
1392 2862 1557 2902 noster
1588 2862 1661 2902 est
1693 2869 1892 2917 serpens
1933 2885 1939 2891 «

135 2937 315 2993 vivus¹⁰
336 2937 525 2988 habens
559 2939 919 2988 similitudinem
952 2939 1152 3002 peccati,
1181 2937 1291 2985 licet
1323 2951 1425 2984 non
1458 2945 1623 2999 posset
1654 2936 1799 2984 etiam
1831 2937 1892 2985 de

136 3019 358 3084 possibili
398 3035 623 3084 peccare,
663 3035 931 3084 suspensus
969 3030 1042 3068 est
1080 3020 1129 3067 in
1167 3019 1316 3082 ligno,
1354 3026 1407 3065 ut
1448 3017 1660 3080 percussi
1701 3032 1891 3066 veneno

138 3103 376 3165 serpentis
414 3102 616 3165 antiqui,
656 3110 879 3165 peccat0,
918 3102 1220 3165 spiritualiter
1261 3100 1377 3148 fiant
1420 3100 1537 3147 sani.
1623 3098 1743 3147 Ideo
1780 3099 1893 3147 dicit

135 3184 227 3233 iste
263 3199 465 3248 serpens
496 3184 737 3248 Johannis
761 3185 823 3232 iii.
863 3189 874 3209 ‘
892 3186 1012 3233 sicut
1047 3183 1248 3247 Moyses
1280 3182 1501 3230 exaltavit
1535 3188 1808 3243 serpentem
1843 3181 1893 3228 in

136 3263 344 3324 desert0,
389 3266 458 3315 sic
505 3266 703 3314 exaltari
750 3274 944 3328 oportet
992 3266 1141 3313 filium
1183 3265 1396 3312 hominis
1438 3264 1486 3310 in
1529 3262 1747 3311 cruce¹¹.’
1830 3262 1894 3312 Et

190 3372 207 3396 ²
235 3371 287 3414 cf.
307 3372 404 3426 Joh.
424 3373 478 3413 ix.
501 3384 538 3414 2.
702 3373 718 3396 ²
747 3374 849 3413 Iesa.
870 3373 938 3412 liv.
963 3384 998 3413 2.
1162 3373 1177 3395 ³
1205 3372 1304 3425 ista]
1325 3373 1395 3419 ita,
1416 3372 1479 3412 ed.
1499 3385 1560 3424 pr.
1734 3370 1749 3394 ⁴
1776 3372 1893 3424 dum]

138 3438 246 3474 cum,
264 3427 330 3468 ed.
350 3440 412 3481 pr.
659 3427 674 3450 ⁵
701 3428 810 3480 ipsa]
831 3428 978 3480 ipsam,
1001 3427 1099 3467 B.C.
1120 3427 1183 3467 ed.
1205 3441 1265 3479 pr.
1509 3427 1525 3450 ⁶
1554 3428 1661 3480 esse]
1683 3427 1773 3479 ipsa
1792 3441 1893 3474 esse,

138 3481 202 3521 ed.
223 3494 252 3534 p
504 3481 519 3504 ⁷
547 3481 710 3535 loquar]
732 3482 892 3534 loquor,
914 3482 1068 3522 A.B.C.
1090 3482 1154 3522 ed.
1176 3495 1237 3534 pr.
1478 3481 1493 3503 ⁸
1522 3482 1708 3535 movisti]
1730 3483 1893 3529 novisti,

136 3495 298 3576 B.c.1r)‘.
326 3536 390 3577 ed.
410 3549 472 3589 pr.
597 3537 614 3560 ⁹
643 3536 708 3589 ut]
729 3541 783 3581 et,
803 3536 867 3575 ed.
888 3549 948 3587 pr.
1074 3537 1104 3560 ¹⁰
1133 3536 1267 3588 vivus]
1289 3549 1451 3582 aeneus,
1472 3535 1626 3577 A.B.C.
1755 3537 1783 3561 ¹¹
1813 3551 1893 3578 ser-

135 3591 406 3643 pentem—in
426 3590 564 3643 cruce]
587 3604 668 3631 om.
692 3591 743 3630 A.
765 3590 829 3630 ed.
851 3603 911 3642 pr.

2029 435 2131 505 283

2123 2138 2132 2164 i
2144 2146 2195 2164 rna

2033 2147 2195 2205 approbat,

1953 2214 2110 2240 signorum
2123 2206 2196 2233 abu-

1953 2247 2021 2267 sum
2033 2239 2169 2267 damnat.
