2436 4094
339 468 439 525 150

1019 451 1444 515 JOANNIS
1513 451 1860 501 WICLIF
2167 467 2324 498 numm.

577 586 780 648 dignum
803 599 965 647 poena
988 592 1233 647 perpetua,
1254 592 1302 633 et
1324 592 1487 633 tamen
1512 584 1608 632 est¹
1633 584 1834 647 dignum
1859 583 1994 647 quod
2018 583 2175 631 solum
2198 589 2323 630 tem·-

578 668 801 730 poraliter
833 668 1068 729 puniatur,
1104 667 1169 714 ita
1201 667 1334 729 quod
1367 667 1427 715 sit
1460 667 1668 729 dignitas
1702 666 1764 714 ad
1797 663 2186 723 contradictoria
2213 664 2327 727 quia

578 749 647 796 sic
672 749 915 796 tolleretur
948 747 1108 796 divina
1139 748 1333 811 justitia.
1407 747 1513 796 Nec
1546 748 1773 811 sequitur,
1806 747 1934 795 istud
1966 755 2221 809 peccatum
2253 753 2327 794 est

577 829 778 890 dignum
820 829 978 891 puniri
1019 838 1270 891 perpetu0‚
1312 829 1412 877 imo
1453 829 1515 877 de
1556 828 1685 877 facto
1728 829 1797 877 sic
1831 829 2057 891 punietur
2079 828 2172 876 nisi
2209 827 2326 876 assit

576 909 735 956 divina
774 909 1116 968 misericordia,
1158 924 1276 972 ergo
1318 917 1390 958 est
1433 910 1635 973 dignum
1675 916 1727 957 ut
1766 909 1922 957 taliter
1969 908 2208 972 puniatur,
2251 907 2328 956 vel

575 990 737 1052 ipsum
761 998 834 1038 est
859 990 1061 1052 dignum
1086 992 1154 1039 sic
1183 991 1368 1053 puniri3
1406 992 1520 1053 quia
1544 992 1612 1038 sic
1631 1005 1778 1038 omne
1797 979 2053 1053 peccatum
2069 996 2327 1052 quantum-

575 1085 767 1133 cunque
804 1070 927 1119 foret
951 1071 1134 1119 veniale
1170 1071 1373 1134 dignum
1408 1072 1646 1120 infinitum
1682 1072 1887 1133 graviter
1921 1071 2094 1133 puniri,
2120 1077 2168 1118 et
2199 1070 2326 1133 quia,

574 1152 664 1200 nisi
690 1152 804 1199 assit
827 1151 921 1199 Dei
945 1152 1286 1211 misericordia,
1305 1153 1459 1201 taliter
1482 1154 1720 1215 punietur.
1757 1148 1760 1152 ’
1791 1152 1911 1200 Ideo
1935 1153 2025 1199 ista
2048 1150 2326 1200 communis

575 1233 830 1291 distinctio,
856 1233 991 1296 quod
1015 1233 1174 1296 aliqua
1197 1242 1270 1282 est
1303 1233 1512 1296 dignitas
1536 1234 1610 1281 vel
1634 1233 1820 1296 peccati
1844 1233 2050 1295 gravitas
2082 1240 2163 1280 aut
2186 1231 2328 1280 meri·

573 1324 732 1364 torum
751 1315 960 1377 dignitas
977 1316 1218 1363 secundum
1231 1321 1514 1378 praesentem
1519 1314 1774 1378 justitiam,
1793 1322 1841 1362 et
1860 1314 2020 1376 aliqua
2042 1314 2327 1375 sz'mplzkiter,

576 1398 704 1459 capit
737 1396 1056 1457 calumniam;
1106 1412 1218 1444 cum
1252 1398 1480 1460 sequitur,
1506 1398 1544 1445 si
1575 1397 1667 1444 ista
1698 1395 1794 1444 est²
1817 1395 2027 1457 dignitas
2060 1393 2328 1443 secundum

573 1485 879 1540 praesentem
900 1478 1146 1541 justitiam,
1169 1493 1287 1540 ergo
1312 1477 1464 1526 modo
1489 1485 1562 1526 est
1586 1477 1790 1540 dignum
1819 1484 1868 1524 et
1895 1476 2078 1539 justum
2113 1483 2164 1523 ut
2195 1475 2328 1538 apud

575 1574 821 1608 summum
853 1560 1068 1622 judicem
1103 1560 1170 1607 ita
1205 1560 1302 1618 fiat,
1328 1566 1375 1607 et
1410 1574 1497 1622 per
1534 1560 1840 1620 consequens
1876 1571 1978 1604 non
2014 1564 2088 1605 est
2122 1556 2326 1618 dignum

575 1649 656 1688 aut
698 1641 895 1703 justum,
944 1639 1078 1703 quod
1120 1639 1544 1688 contradictorium
1593 1654 1734 1688 suum
1776 1638 2013 1696 adveniat,
2056 1637 2170 1700 quia
2208 1644 2326 1685 tunc

574 1721 890 1769 contradictio
938 1720 1062 1769 foret
1109 1736 1233 1769 vera.
1320 1720 1541 1769 Concedi
1590 1728 1754 1769 tamen
1801 1720 1960 1777 debet,
2008 1717 2143 1781 quod
2187 1717 2326 1765 multi

573 1803 795 1865 praesciti
820 1810 932 1850 sunt
955 1803 1006 1850 in
1028 1803 1181 1864 gratia
1214 1803 1482 1851 secundum
1514 1809 1822 1865 praesentem
1841 1800 2089 1864 Justitiam,
2115 1807 2163 1848 et
2187 1799 2324 1847 multi

570 1884 909 1947 praedestinati
933 1891 1140 1946 peccant
1162 1885 1367 1946 graviter
1391 1883 1659 1932 secundum
1682 1890 1988 1946 praesentem
2011 1881 2319 1944 inJustitiam3

571 1965 792 2028 praesciti
827 1973 991 2013 tamen
1032 1956 1282 2028 nunquam
1318 1973 1429 2012 sunt
1463 1966 1514 2012 in
1548 1965 1700 2027 gratia
1736 1963 1891 2012 finalis
1926 1962 2324 2026 perseverantiae,

572 2048 694 2095 sicut
717 2060 808 2094 nec
844 2045 1184 2108 praedestinati
1220 2054 1330 2094 sunt
1364 2045 1567 2093 finaliter
1591 2045 1831 2106 obstinati.
1903 2045 1968 2092 Et
2002 2044 2052 2092 in
2087 2043 2179 2092 ista
2213 2058 2319 2091 ma-

571 2129 688 2175 teria
712 2135 903 2189 oportet
926 2127 1153 2186 recolere,
1179 2126 1432 2190 quomodo
1462 2126 1613 2185 Deus,
1647 2126 1710 2174 ad
1742 2127 1880 2189 cujus
1913 2125 2222 2174 dilectionem
2245 2124 2321 2173 vel

574 2209 744 2256 odium
781 2215 970 2255 taxatur
1008 2223 1172 2270 poena
1206 2209 1279 2256 vel
1321 2209 1607 2271 praemium,
1644 2208 1892 2255 neminem
1933 2214 2095 2270 potest
2137 2207 2326 2255 noviter

574 2290 770 2352 diligere
794 2290 869 2336 vel
902 2289 1064 2337 odisse
1078 2305 1092 2349 ;
1128 2305 1216 2352 per
1249 2290 1345 2338 hoc
1378 2290 1508 2353 enim
1542 2290 1866 2352 cognoscitur,
1891 2288 2026 2352 quod
2057 2289 2322 2351 praescitus

572 2370 838 2418 infinitum3
859 2371 1050 2433 gravius
1074 2377 1245 2433 peccat
1269 2386 1417 2436 quam
1446 2371 1844 2434 praedestinatus,
1870 2386 1962 2420 nec
1995 2378 2108 2420 sunt
2138 2371 2325 2435 partes⁴

573 2452 623 2499 in
647 2452 812 2515 gratia,
839 2452 913 2501 vel
938 2460 1155 2516 peccato,
1884 2435 1897 2445 x

1291 2709 1448 2758 CAP.
1487 2709 1600 2759 VII.

1091 2840 1167 2888 De
1181 2843 1348 2904 gralia
1361 2842 1806 2904 praedestinatione&

641 2962 845 3010 Alz'thz’a.
914 2962 1118 3012 Videtur
1150 2963 1281 3022 mihi,
1315 2963 1464 3011 frater
1494 2963 1768 3021 Phronesis,
1803 2962 1936 3026 quod
1966 2963 2058 3011 ista
2089 2962 2325 3011 sententia

575 3045 634 3093 sit
658 3045 849 3093 insolita
873 3053 921 3092 et
955 3045 1210 3107 profunda.
1283 3045 1380 3093 Sed
1411 3060 1535 3106 rogo
1570 3045 1646 3092 dic
1671 3059 1842 3106 pamm
1876 3043 2096 3106 amplius,
2122 3043 2188 3091 si⁶
2209 3058 2322 3105 pec-

575 3134 681 3174 cata
704 3126 920 3185 redeunt,
946 3134 1000 3173 ut
1034 3127 1084 3173 in
1109 3127 1201 3174 ista
1235 3126 1435 3173 materia
1469 3125 1669 3188 quidam
1705 3125 1886 3183 dicunt,
1911 3133 1957 3173 et
1979 3126 2030 3173 in
2062 3139 2161 3188 quo
2185 3125 2324 3172 diffe-

573 3216 684 3255 runt
724 3208 877 3269 gratia
918 3207 1370 3270 praedestinationis
1416 3215 1463 3255 et
1503 3206 1656 3268 gratia
1705 3205 1973 3255 secundum
2017 3213 2321 3269 praesentem

569 3287 813 3349 justitiam.

640 3360 915 3418 Phroneszlv.
985 3370 1047 3417 In
1093 3369 1250 3432 prima
1296 3369 1495 3417 materia
1550 3368 1735 3426 dicitur,
1783 3366 1918 3430 quod
1965 3366 2052 3415 ad⁸
2099 3366 2320 3415 notitiam

629 3475 641 3497 ¹
672 3475 751 3527 est]
773 3489 870 3522 non,
891 3476 995 3517 A.C.
1013 3476 1216 3517 'secundae
1234 3489 1391 3522 manus,
1412 3476 1467 3516 D.
1768 3473 1785 3499 ²
1811 3475 1889 3525 est]
1916 3473 1980 3521 sit,
2001 3473 2154 3514 A.B.C.
2174 3472 2238 3512 ed.
2258 3486 2321 3526 pr.

573 3527 587 3549 ³
616 3528 838 3581 infinitum]
860 3544 941 3570 om.
963 3531 1018 3571 D.
1143 3529 1157 3554 ⁴
1185 3531 1341 3585 partes]
1363 3543 1493 3585 pares,
1514 3530 1667 3571 A.B.C.
1801 3529 1817 3555 ⁵
1845 3528 1898 3581 si]
1920 3527 2143 3580 quomode.
2162 3527 2319 3569 A.B.C.

574 3581 588 3604 ⁶
618 3583 690 3634 ad]
712 3583 833 3635 apud,
854 3584 917 3624 ed.
938 3597 999 3637 pr.
