2436 4094
399 333 462 381 16
968 328 1718 379 PROLEGOMENA.

390 481 498 513 raro
530 467 673 513 rebus
705 465 1013 527 ipsis-minus
1050 462 1356 511 conveniunt.
1428 461 1798 523 Inaequabilitas
1832 461 2009 510 scilicet
2041 469 2174 510 tanta
2205 470 2295 519 est,

388 563 440 603 ut
464 556 513 603 in
537 555 772 617 principio
799 554 1015 615 Trialogi
1048 551 1206 599 multis
1239 551 1428 613 paginis
1464 558 1697 612 quaterna
1730 559 1811 598 aut
1836 551 1984 613 quina
2011 558 2298 614 argumenta

389 644 611 705 apposita
652 643 758 699 sint,
801 642 850 688 in
891 654 1150 703 progressu
1187 640 1346 701 operis
1387 638 1517 686 haud
1559 653 1667 686 raro
1709 647 1914 702 quatuor
1955 646 2036 687 aut
2081 639 2296 702 quinque

388 732 595 792 paginae
643 729 901 778 continuae
942 728 1170 775 omnibus
1218 735 1615 789 argumentorum
1661 728 1934 776 summariis
1981 728 2030 774 in
2077 727 2295 789 margine

389 827 580 867 careant
594 835 607 878 3
668 819 766 865 imo
815 818 904 867 sub
951 816 1099 863 finem
1144 815 1249 863 libri
1297 815 1450 877 quarti
1495 815 1644 863 semel
1691 815 1903 863 sedecim
1949 815 2158 878 paginae
2205 815 2295 863 sibi

388 907 665 962 succedunt,
693 905 865 966 quibus
897 918 958 950 ne
983 918 1135 950 unum
1160 902 1355 965 quidem
1381 904 1695 951 summarium
1718 903 1935 951 additum
1959 904 2031 951 sit.
2103 902 2295 951 Deinde

388 1002 532 1041 notae
574 994 706 1055 ipsae
746 990 1035 1054 marginales
1078 991 1182 1053 ejus
1225 999 1336 1039 sunt
1375 993 1581 1054 generis,
1617 1000 1669 1039 ut
1712 1007 1857 1055 saepe
1899 1007 2001 1039 non
2037 993 2105 1040 rei
2145 991 2296 1054 ipsius

387 1082 631 1130 cardinem
668 1082 952 1145 significent,
991 1083 1078 1130 sed
1112 1084 1287 1145 potiuS‚
1325 1083 1441 1146 quid
1479 1084 1740 1133 editoribus
1781 1091 2054 1133 memoratu
2092 1083 2296 1146 dignum

386 1171 540 1219 visum
583 1171 655 1228 sit,
699 1170 974 1218 ostendant.
1045 1169 1272 1233 Exempli
1312 1172 1467 1233 gratia
1510 1172 1572 1220 ad
1613 1172 1720 1219 libri
1762 1172 1849 1220 IV.
1896 1179 2040 1237 caput
2091 1171 2170 1233 36,
2210 1167 2294 1218 ubi

385 1267 552 1307 auctor
585 1259 774 1307 concilii
808 1257 1079 1307 Londoniis
1113 1258 1264 1306 habiti
1301 1259 1388 1308 sed
1422 1267 1575 1307 terrae
1612 1268 1750 1308 motu
1785 1260 1961 1308 turbati
1994 1245 2296 1308 mentionem

384 1348 547 1410 injicit,
573 1348 663 1395 ista
686 1362 776 1406 res,
804 1348 890 1394 etsi
914 1346 965 1393 in
991 1346 1339 1394 dissertationis
1372 1355 1602 1395 contextu
1633 1348 1834 1396 minoris
1866 1347 2102 1396 momenti
2134 1347 2207 1405 sit,
2233 1345 2296 1394 ad

385 1437 654 1499 marginem
689 1436 763 1485 his
795 1437 950 1485 verbis
987 1436 1255 1499 significata
1287 1445 1387 1485 est:
1440 1441 1452 1463 ‘
1471 1437 1530 1485 de
1568 1438 1775 1486 concilio
1811 1437 2018 1500 Angliae
2054 1437 2295 1489 celebrato

385 1525 671 1582 Londoniis,
698 1540 810 1572 cum
834 1533 985 1573 terrae
1010 1522 1176 1582 motu,'

453 1612 521 1661 Ut
554 1613 883 1662 distinctiones
915 1615 1156 1677 maj0rum
1188 1615 1418 1661 orationis
1450 1614 1657 1676 partium
1682 1615 1951 1676 pauciores,
1977 1628 2126 1677 quam
2149 1612 2295 1661 debe-

383 1703 513 1760 bant,
550 1703 616 1750 ita
651 1702 981 1751 distinctiones
1018 1702 1313 1765 singularum
1349 1704 1695 1751 sententiarum
1731 1711 1811 1750 aut
1849 1701 2160 1765 periodorum
2197 1701 2296 1750 fere

383 1791 558 1853 plures,
607 1805 755 1853 quam
803 1790 1059 1848 debebant,
1107 1792 1418 1854 interpositae
1467 1800 1590 1839 sunt.
1688 1791 1840 1839 Haud
1886 1806 1994 1839 raro
2041 1791 2188 1839 verba
2233 1791 2296 1838 ab

385 1886 580 1927 auctore
636 1880 686 1927 in
739 1894 890 1927 unam
944 1879 1200 1942 periodum
1256 1880 1515 1942 conjuncta
1561 1881 1623 1927 ab
1670 1880 1933 1928 editoribus
1987 1879 2294 1942 interpuncto

383 1970 543 2032 posito
568 1970 634 2017 ita
658 1969 860 2017 discissa
884 1977 1008 2027 sunt,
1033 1977 1099 2026 ut,
1127 1969 1165 2016 si
1199 1968 1436 2016 editorum
1470 1969 1805 2016 auctoritatem
1840 1968 2070 2031 sequaris,
2097 1981 2296 2016 sensum

384 2073 557 2106 sanum
594 2058 764 2105 elicere
799 2055 974 2120 porSus
1010 2072 1237 2120 nequeaS.
1307 2057 1532 2119 Exempli
1569 2072 1715 2105 causa
1750 2057 1840 2104 sub
1876 2056 2024 2104 finem
2060 2055 2230 2118 capitis
2264 2071 2293 2117 3

383 2146 489 2193 libri
516 2145 603 2193 IV.
630 2145 742 2193 inde
767 2161 796 2193 a
827 2147 1010 2193 verbis:
1063 2149 1074 2170 ‘
1093 2145 1315 2193 Similiter
1351 2146 1475 2193 cum'
1512 2160 1664 2208 usque
1702 2145 1765 2192 ad
1800 2145 1970 2192 verba:
2022 2146 2035 2170 ‘
2050 2145 2110 2192 sit
2145 2142 2295 2202 falsa‚'

383 2249 430 2296 p.
457 2230 600 2281 CIV2
625 2233 698 2281 ed.
726 2249 812 2296 pr„
837 2235 982 2281 verba
1013 2234 1074 2281 ab
1107 2242 1302 2282 auctore
1327 2234 1435 2296 ipso
1460 2233 1510 2280 in
1533 2248 1682 2281 unam
1717 2233 2007 2281 sententiam
2032 2232 2295 2296 conjuncta

382 2337 469 2385 per
501 2322 708 2369 editores
733 2322 797 2369 ita
830 2322 1035 2369 dissecta
1068 2330 1193 2379 sunt,
1218 2329 1271 2369 ut
1304 2330 1511 2384 quatuor
1535 2323 1795 2371 sententias
1819 2320 2008 2369 efficere
2030 2319 2292 2378 videantur,

383 2420 524 2459 tenor
559 2425 672 2457 vero
711 2425 870 2458 rerum
908 2411 1122 2472 ipsarum
1164 2410 1487 2459 confundatur
1534 2419 1582 2459 et
1628 2412 1924 2459 obscuretur.
2018 2409 2294 2460 Innumeris

385 2506 546 2545 autem
572 2499 621 2545 in
646 2498 765 2546 locis
793 2499 883 2546 hac
908 2499 1216 2561 potissimum
1241 2498 1302 2546 de
1327 2514 1472 2547 causa
1497 2514 1740 2547 summam
1764 2499 2108 2547 obscuritatem
2136 2506 2294 2548 ortam

383 2603 505 2646 esse,
531 2589 698 2650 paucis
722 2590 973 2637 monuisse
998 2589 1212 2637 sufficiat.
1284 2588 1435 2648 Quod
1457 2589 1523 2636 ita
1554 2603 1606 2636 se
1638 2588 1832 2646 habere,
1857 2602 1918 2636 eo
1949 2587 2106 2649 magis
2136 2587 2295 2634 mirati

382 2691 562 2734 sumuS,
589 2691 686 2739 quo
712 2678 897 2739 aptiora
916 2678 1174 2724 verborum
1197 2677 1501 2739 interpuncta
1523 2677 1573 2724 in
1596 2676 1727 2724 libris
1751 2691 1902 2724 manu
1925 2675 2129 2738 scriptiS‚
2147 2675 2293 2724 etiarn

383 2764 431 2811 in
455 2765 525 2823 iis,
552 2766 633 2828 qui
658 2766 893 2814 inferioris
917 2775 1063 2814 notae
1089 2774 1214 2825 sunt,
1239 2766 1524 2814 invenimus.

449 2855 509 2902 In
535 2856 734 2918 singulis
755 2855 905 2903 verbis
924 2856 1101 2904 multos
1126 2864 1173 2904 et
1196 2871 1366 2918 graves
1387 2870 1572 2903 errores
1593 2855 1724 2917 apud
1742 2853 2292 2917 'editionemxprincipem

388 2946 696 3008 deprehendi,
740 2946 965 2994 attentius
1013 2945 1228 3008 legentes
1275 2945 1441 3008 fugere
1487 2944 1617 2992 haud
1663 2944 1834 3007 potuit.
1905 2943 2078 2991 Virum
2131 2942 2292 2999 claris-

380 3034 556 3081 simum
593 3034 820 3097 Vaughan
855 3035 1004 3082 multa
1038 3033 1453 3096 typographorum
1485 3040 1640 3080 errata
1672 3032 1968 3095 suspicatum
1999 3046 2121 3090 esse,
2147 3046 2293 3094 supra

379 3125 767 3172 memoravimus.
859 3123 1133 3171 Lewaldz'us
1178 3138 1292 3170 vero
1337 3137 1441 3171 non
1498 3129 1686 3169 tanturn
1741 3121 2019 3169 summatim
2067 3121 2289 3183 conjecit,

382 3214 577 3261 editoris
602 3214 785 3261 incuria
807 3206 1070 3261 nonnullos
1102 3226 1286 3260 errores
1319 3210 1580 3274 irrepsisse,
1606 3210 1692 3259 sed
1714 3210 1765 3257 in
1797 3209 2092 3272 exponenda
2114 3208 2290 3257 Wiclifi

383 3301 601 3348 doctrina
644 3301 828 3349 circiter
866 3300 1216 3364 quinquaginta
1251 3299 1388 3348 locos
1426 3300 1493 3347 ita
1535 3298 1838 3356 examinavit,
1879 3305 1945 3356 ut,
1982 3312 2109 3360 quae
2145 3296 2288 3346 lectio

381 3387 515 3445 falsa,
541 3403 664 3449 quae
689 3391 900 3450 genuina
923 3397 1062 3447 esset,
1089 3389 1370 3451 conjectura
1402 3387 1588 3435 efficere
1622 3393 1889 3434 conaretur.
1960 3383 2059 3444 Qui
2082 3385 2151 3432 vir
2174 3400 2287 3434 cum

382 3475 658 3523 facultatem
681 3476 828 3524 libros
852 3492 1003 3527 manu
1033 3478 1237 3540 scriptos
1270 3476 1553 3525 conferendi
1584 3483 1754 3523 nactus
1786 3489 1888 3522 non
1911 3481 2057 3531 esset,
2076 3473 2286 3535 plerum-

380 3578 477 3626 que
504 3565 628 3612 bene
662 3564 901 3622 intellexit,
928 3565 1044 3627 quid
1077 3565 1452 3628 improbandum
1485 3572 1628 3627 atque
1660 3561 1945 3611 mutandum
1978 3568 2116 3608 esset.
2190 3559 2287 3608 Sed

2021 3661 2218 3697 wreus·
