2424 4120
387 404 497 469 426

1075 401 1507 465 JOANNJS
1577 404 1930 454 WJCLJF
2234 425 2368 460 cm.

627 538 827 585 istorum
852 537 1080 599 capitum,
1107 537 1195 585 sed
1219 538 1470 600 quiescant
1493 539 1543 586 in
1567 538 1674 602 lege
1699 540 1906 588 caritatis
1930 547 1976 588 et
2008 541 2188 603 gratiae
2221 548 2269 588 et
2301 540 2371 589 sic

626 618 803 666 habent
843 617 1057 665 titulum1
1101 619 1272 681 supra²
1306 620 1437 667 istos,
1511 618 1608 668 Sed
1642 620 1779 668 multi
1812 621 1941 667 avari
1975 621 2247 669 beneficiati
2287 621 2372 669 de-

626 699 864 747 scendunt
903 700 962 748 de
999 707 1126 748 tecto
1160 708 1207 748 et
1243 701 1310 749 sic
1342 702 1553 749 excitant
1583 702 1837 750 ecclesiam
1865 710 2083 750 nostram
2113 701 2371 751 occiduam

625 779 687 827 ad
726 780 852 828 hanc
893 796 1124 843 pugnam.
1195 781 1258 830 Et
1298 784 1428 829 tertio
1471 782 1718 845 subjungit
1751 782 1957 841 Veritas,
1997 782 2131 846 quod
2172 785 2185 808 ‘
2201 784 2284 846 qui
2320 783 2372 830 in

623 876 755 923 agro,
793 877 895 909 non
930 871 1223 910 revertantur
1257 864 1423 912 tollere
1458 865 1671 912 tunicam
1715 864 1880 922 suam,'
1917 864 2051 927 quod
2084 852 2268 913 videtur
2303 865 2373 912 sic

622 958 768 1004 posse
793 958 908 991 sane
928 943 1139 1006 intelligi,
1161 944 1294 1006 quod
1319 945 1557 993 seculares
1577 946 1727 993 active
1746 945 1974 1003 viventes,
1996 952 2178 994 stantes
2201 945 2252 993 in
2275 945 2371 993 fide

622 1023 822 1071 Domini
845 1025 997 1072 nostri
1028 1023 1146 1087 Jesu
1171 1024 1361 1084 Christi,
1388 1041 1490 1074 non
1513 1034 1808 1074 revertantur
1838 1026 1901 1074 ad
1933 1026 2136 1074 alterum
2167 1026 2372 1074 istorum

621 1113 949 1153 monstrorum
972 1105 1060 1154 ad⁸
1082 1107 1420 1169 accipiendum
1456 1107 1602 1155 fidem
1638 1123 1815 1156 novam
1839 1107 1914 1155 vel
1949 1107 2159 1170 aliquam
2190 1107 2373 1155 virtutis

620 1187 848 1245 tunicam,
875 1187 962 1235 sed
996 1187 1046 1234 in
1082 1188 1332 1237 virtutibus
1358 1192 1369 1213 ‘
1386 1189 1567 1250 antiqui
1604 1187 1837 1237 dierum4’
1873 1195 1920 1236 et
1956 1203 2074 1251 agro
2110 1188 2373 1250 scripturae

620 1275 901 1316 remaneant
939 1268 1139 1316 stabiliti.
1210 1268 1273 1317 Et
1309 1277 1425 1317 tunc
1466 1270 1556 1317 ista
1593 1269 1691 1317 duo
1732 1276 1949 1318 monstra
1990 1283 2102 1317 cum
2143 1268 2374 1317 membris

622 1349 800 1397 diaboli
842 1349 932 1397 sibi
970 1349 1340 1398 adhaerentibus
1383 1349 1516 1398 sese⁵
1554 1350 1867 1408 destruerent,
1907 1350 2111 1399 ecclesia
2150 1349 2372 1398 fidelium

621 1437 776 1478 stante
818 1431 961 1478 salva.
1051 1430 1202 1489 Quod
1244 1439 1405 1479 autem
1446 1432 1647 1479 istorum
1685 1433 1897 1494 capitum
1939 1432 1998 1480 sit
2038 1431 2256 1494 nequius,
2299 1439 2372 1480 est

620 1513 762 1560 nobis
817 1513 1132 1575 impertinens
1187 1513 1416 1572 diffinire;
1478 1513 1566 1561 sed
1613 1513 1820 1561 creditur
1865 1513 2188 1576 probabiliter,
2237 1511 2373 1574 quod

619 1592 849 1641 Roberlus
883 1593 1070 1641 habens
1107 1594 1382 1656 corporales
1416 1595 1668 1642 thesauros
1704 1594 2016 1642 absconditos
2051 1601 2099 1642 et
2133 1593 2371 1656 majorem

619 1683 806 1736 partem
851 1675 1241 1737 pseudofratrum
1288 1676 1379 1723 sibi
1427 1676 1681 1724 infideliter
1727 1676 2086 1725 adhaerentem.
2171 1674 2270 1723 Sed
2318 1682 2373 1723 ut

622 1754 839 1805 Christus
884 1757 1139 1819 praedicit⁶
1185 1757 1420 1815 fidelibus,
1471 1761 1482 1782 ‘
1499 1772 1585 1805 vae
1631 1759 2010 1820 praegnantibus
2054 1765 2104 1805 et
2157 1757 2371 1804 nutrien-

619 1838 771 1885 tibus⁷
794 1838 843 1884 in
867 1838 956 1886 illis
990 1838 1189 1896 diebus,'
1216 1840 1329 1901 quia
1361 1839 1616 1901 gignentes
1650 1839 1773 1886 filios
1805 1839 2036 1887 ecclesiae
2060 1853 2148 1901 per
2170 1838 2370 1886 verbum

622 1918 796 1967 Christi
821 1927 931 1967 sunt
962 1920 1235 1967 acutissime
1267 1921 1520 1982 persecuti,
1545 1928 1593 1967 et
1625 1920 1888 1968 nutrientes
1921 1919 2068 1968 fidem
2099 1927 2147 1967 et
2175 1919 2370 1967 virtutes

620 2001 851 2048 ecclesiae
893 2009 1004 2048 sunt
1044 2016 1131 2062 per
1172 2000 1416 2048 membra⁸
1454 2002 1658 2049 istorum
1699 2001 1912 2063 capitum
1950 2001 2092 2048 anxie
2133 1999 2369 2048 detestati.

623 2081 720 2130 Sed
744 2082 977 2130 debemus
1004 2086 1014 2106 ‘
1032 2097 1181 2140 orare,
1208 2083 1343 2144 quod
1374 2083 1465 2130 ista
1499 2083 1768 2144 persecutio
1797 2091 1902 2129 non
1934 2082 2017 2130 fiat
2038 2082 2090 2129 in
2112 2081 2273 2129 hieme
2295 2081 2371 2130 vel

622 2162 855 2221 sabbato‚’
882 2179 994 2212 curn
1026 2164 1115 2211 illis
1141 2160 1218 2210 fit⁹
1250 2165 1299 2211 in
1332 2164 1506 2221 hieme,
1533 2163 1784 2225 quorum¹⁰
1817 2164 1987 2210 caritas
2019 2163 2296 2226 refrigescit,
2322 2169 2370 2210 et

620 2246 710 2293 illis
745 2245 798 2292 fit
808 2244 841 2270 11
877 2246 928 2292 in
964 2245 1179 2303 sabbato,
1217 2245 1299 2307 qui
1336 2245 1624 2292 ceremoniis
1660 2252 1707 2291 et
1742 2243 2077 2292 traditionibus
2111 2243 2368 2292 hominum

621 2327 765 2373 nimis
802 2325 1002 2374 credunt
1015 2343 1027 2385 ;
1083 2326 1198 2373 nulli
1234 2326 1364 2373 enim
1399 2326 1491 2373 nisi
1527 2325 1644 2373 tales
1680 2325 1904 2387 peribunt
1938 2326 1989 2372 in
2025 2325 2118 2374 isto
2152 2324 2369 2388 periculo

622 2407 898 2455 antichristi.
969 2407 1031 2454 Et
1062 2407 1170 2454 licet
1201 2406 1325 2455 illa12
1356 2407 1626 2469 persecutio
1662 2407 1720 2454 sit
1753 2407 1967 2454 callidior
1995 2422 2144 2469 quam
2167 2406 2371 2469 ‘sagitta

622 2489 790 2535 volans
814 2489 864 2535 in
888 2489 1096 2535 tenebris
1106 2487 1169 2546 ¹⁸,’
1196 2496 1359 2536 tamen
1379 2488 1575 2550 juvante
1585 2487 1620 2513 14
1639 2487 1732 2535 Dei
1757 2489 1910 2550 gratia
1935 2495 1982 2535 et
2005 2495 2159 2536 stante
2183 2487 2368 2551 populo

622 2570 672 2617 in
692 2570 786 2617 fide
805 2569 1020 2627 Domini,
1041 2569 1239 2617 faciliter
1256 2577 1416 2631 potest
1434 2569 1547 2616 tolli.
1605 2568 1856 2617 Debemus
1876 2570 2005 2617 enim
2025 2569 2217 2619 credere
2232 2570 2370 2632 Juxta

623 2650 862 2699 declarata
897 2652 1128 2713 superius,
1165 2650 1299 2713 quod
1333 2651 1491 2698 nullus
1527 2650 1632 2698 talis
1671 2665 1801 2713 papa
1839 2651 2138 2698 necessarius
2172 2658 2246 2698 est
2280 2653 2368 2713 per

622 2732 976 2780 ordinationem
1015 2731 1207 2791 Christi,
1251 2731 1338 2780 sed
1379 2747 1466 2794 per
1507 2731 1742 2779 cautelam
1790 2731 2012 2779 diaboli¹⁵
2050 2732 2368 2780 introductus.

621 2814 685 2862 Et
709 2815 775 2863 sic
801 2815 1067 2877 supposito,
1093 2814 1225 2877 quod
1250 2829 1351 2862 non
1375 2821 1445 2862 est
1469 2813 1682 2876 aliquis¹⁶
1706 2812 1811 2861 talis
1834 2814 1885 2861 in
1909 2814 2112 2862 ecclesia
2134 2813 2367 2862 militante

620 2911 708 2958 per
742 2897 901 2959 legem
937 2896 1213 2958 scripturae,
1250 2911 1398 2958 quam
1432 2895 1614 2942 habent
1649 2894 1826 2952 fideles,
1865 2902 1912 2942 et
1946 2910 2035 2958 per
2075 2895 2366 2958 adjutorium

622 2979 838 3040 episcopi
879 2975 1206 3035 animarum1⁷,
1249 2977 1330 3039 qui
1371 2984 1442 3023 est
1489 2990 1633 3038 supra
1679 2976 1729 3022 in
1779 2975 1982 3023 ecclesia
2026 2976 2365 3039 triumphante,

622 3059 836 3107 stabilius
883 3066 1028 3106 staret
1074 3066 1239 3106 nostra
1279 3057 1496 3115 ecclesia,
1539 3071 1687 3118 quam
1729 3064 1820 3104 stat
1861 3056 2025 3104 modo.
2112 3056 2192 3105 Sic
2232 3058 2364 3105 enim

622 3147 775 3188 stante
810 3139 1015 3188 ecclesia
1050 3139 1153 3187 sine
1190 3138 1522 3186 dominatione
1557 3137 1631 3184 vel
1668 3137 1915 3185 dotatione
1951 3137 2244 3202 hujusmodi,
2276 3135 2365 3187 'fuit

678 3259 692 3282 1
721 3259 904 3311 titulum]
925 3258 1081 3305 titulos,
1101 3259 1146 3298 C.
1385 3257 1402 3280 ²
1428 3257 1569 3309 supra]
1592 3269 1723 3310 super,
1743 3259 1789 3298 C.
2034 3258 2049 3281 ³
2076 3257 2150 3311 ad]
2170 3263 2212 3298 et
2229 3258 2296 3305 ad,
2315 3259 2362 3298 C.

622 3312 637 3335 4
664 3313 716 3354 cf.
737 3314 844 3353 Dan.
865 3313 932 3353 vii
953 3325 992 3365 9,
1016 3325 1078 3362 13.
1296 3311 1312 3336 ⁶
1340 3311 1447 3364 sese]
1470 3324 1525 3357 se,
1546 3313 1594 3352 C.
1804 3312 1820 3335 ⁶
1845 3312 2062 3365 praedicit]
2082 3312 2294 3365 praedixit,
2313 3313 2363 3353 C.

621 3366 637 3390 ⁷
664 3366 954 3419 nutrientibus]
974 3367 1211 3412 nutricibus,
1232 3367 1312 3406 a.b.
1476 3366 1492 3388 ⁸
1519 3365 1724 3418 membra]
1744 3366 2032 3413 membrarum,
2051 3379 2089 3406 a.
2252 3366 2268 3390 ⁹
2295 3366 2362 3418 fit]

623 3421 688 3468 sit,
709 3422 800 3462 A.a.
939 3421 971 3445 ¹⁰
998 3421 1190 3473 quorum]
1212 3433 1323 3472 ergo,
1344 3420 1474 3460 a.b.C.
1611 3421 1641 3444 11
1669 3420 1731 3472 fit]
1750 3420 1815 3466 sit,
1835 3421 1926 3460 A.a.
2024 3420 2055 3445 ¹²
2081 3420 2172 3472 illa]
2192 3420 2283 3466 ista,
2307 3420 2361 3460 A.

622 3475 652 3498 1³
679 3476 730 3515 cf.
753 3477 818 3515 Ps.
838 3476 915 3515 xci.
937 3486 974 3526 5.
1164 3474 1193 3499 ¹¹
1217 3474 1403 3527 juvante]
1423 3479 1605 3520 nutante,
1625 3488 1665 3514 a.
1800 3475 1830 3500 ¹⁵
1858 3473 2033 3527 diaboli]
2052 3473 2291 3521 antichristi,
2311 3474 2361 3515 C.

621 3528 651 3553 ¹⁶
679 3529 843 3582 aliquis]
864 3529 979 3576 alius,
1001 3529 1048 3569 C.
1215 3528 1244 3552 ¹⁷
1273 3528 1323 3569 cf.
1349 3540 1365 3568 1
1388 3528 1495 3568 Petri
1512 3528 1553 3568 ii.
1577 3539 1638 3579 25-
