2424 4120
7 363 46 388 ·’
99 398 236 430 cm.
299 377 344 428 S
363 372 604 428 UPPL
621 376 1120 429 EMENTUM
1166 380 1279 428 TR
1296 381 1388 430 [Α
1411 382 1459 430 L
1485 382 1529 432 0
1550 381 1664 432 GJ.
1997 397 2107 451 433

13 533 16 536 ·
46 535 49 541 f
101 513 156 563 iu
193 513 297 563 istis
336 513 497 572 sectiS,
539 527 570 560 a
609 521 830 575 tempore
872 527 972 576 quo
1018 514 1314 577 inceperant,
1359 515 1724 578 sophisticatur¹
1774 531 1862 565 sua

30 608 34 664 j
102 594 291 660 privata
319 594 488 658 religio
501 610 515 654 3
558 602 606 642 et
638 593 883 642 evidenter
915 602 1075 658 potest
1108 595 1295 654 elicere,
1321 597 1455 659 quod
1486 597 1538 645 in
1570 598 1863 647 secularibus

103 683 198 726 stet
227 676 398 739 religio
425 675 698 726 Christiana
721 675 995 738 perfectiuS,
1030 691 1142 724 cum
1167 677 1218 725 in
1249 677 1351 726 istis
1385 678 1581 740 privatis
1613 679 1864 728 ordinibus

103 758 165 807 sit
204 757 438 821 obligatio
476 757 634 821 major
674 764 722 805 et
760 756 942 806 fructus
984 759 1186 820 parcior.
1272 757 1380 807 Nec
1423 770 1566 808 sonat
1603 760 1654 807 in
1693 775 1863 808 eorum

49 860 51 863 ·
102 838 468 903 perfectionem,
510 838 645 902 quod
685 839 1007 887 incastrantur
1041 839 1115 887 vel
1154 840 1511 889 incarcerantur
1553 842 1604 889 in
1645 842 1863 892 claustris

102 921 203 987 suis
224 921 562 980 materialibus,
594 921 667 968 vel
691 920 828 983 quod
852 920 1033 969 habent
1066 921 1260 984 pejores
1294 923 1376 985 qui
1411 924 1591 971 debent
1625 924 1761 986 ipsos
1791 939 1863 971 re-

35 991 46 1014 ³
100 1018 218 1068 gere
241 1011 290 1052 et
313 1003 503 1056 docere,
523 1003 638 1066 quia
661 1018 753 1050 nec
774 1001 992 1050 Christus
1012 1017 1104 1050 nec
1129 1003 1232 1066 ejus
1253 1004 1460 1066 apostoli
1480 1013 1590 1053 ante
1616 1005 1862 1053 ascensio-

94 1092 218 1134 'nem
248 1084 323 1132 vel
357 1092 469 1147 post
503 1084 573 1132 sic
604 1084 837 1132 vixerant.
910 1083 1018 1132 Nec
1053 1093 1291 1133 consonat
1327 1086 1500 1133 rationi
1515 1102 1527 1145 3
1578 1087 1694 1134 nulli
1731 1087 1863 1134 enim

47 1180 50 1186 ¹
98 1166 196 1216 nisi
236 1165 360 1236 forte
399 1165 759 1214 incontinentes
804 1165 985 1213 debent
1020 1166 1089 1214 sic
1125 1166 1423 1224 incarcerari,
1459 1183 1552 1216 nec
1588 1168 1734 1230 aliqui
1770 1169 1861 1216 nisi

35 1283 47 1288 <
100 1246 226 1299 forte
260 1247 388 1297 stulti
411 1255 460 1296 et
497 1247 749 1296 dementes
785 1247 964 1295 debent
998 1248 1277 1310 regulariter
1313 1249 1380 1297 sic
1415 1249 1589 1297 talibus
1625 1251 1863 1313 prioribus

28 1317 62 1355 ³⁵
101 1329 320 1395 obligati,
355 1329 470 1394 quia
504 1329 556 1378 in
593 1328 755 1378 multis
799 1329 991 1377 casibus
1026 1328 1150 1377 foret
1189 1330 1482 1379 tolerabilius
1524 1331 1727 1394 obligari
1764 1331 1863 1381 dia·

43 1418 45 1422 “
92 1406 266 1462 bolo'.

170 1492 236 1542 Et
268 1507 357 1557 per
384 1492 479 1542 hoc
511 1500 643 1557 patet
676 1491 851 1541 solutio
877 1491 939 1540 ad
970 1491 1180 1555 objectum
1212 1493 1411 1552 tertium,
1445 1494 1526 1556 qui
1558 1493 1612 1542 fit
1643 1508 1863 1542 commu-

8 1565 43 1571 ”’
100 1574 228 1624 niter
271 1574 323 1623 in
368 1575 568 1623 materia
613 1575 718 1623 ista.
806 1572 993 1622 Dicitur
1033 1575 1178 1632 enirn,
1227 1574 1361 1637 quod
1408 1589 1438 1622 a
1483 1582 1722 1638 tempore,
1764 1589 1863 1638 quo

32 1660 40 1711 ζ
102 1655 299 1707 ordines
321 1657 398 1706 isti
430 1657 725 1720 inceperant,
751 1655 911 1719 plures
944 1662 1056 1703 sunt
1086 1656 1352 1703 canonis-ati
1372 1655 1432 1704 de
1458 1655 1547 1703 illis
1572 1671 1722 1719 quam
1747 1656 1862 1715 aliis,

101 1737 214 1804 plus
235 1738 560 1789 communiter
574 1738 853 1801 praedicant
873 1745 1017 1799 atque
1042 1745 1197 1795 orant,
1223 1745 1270 1785 et
1295 1738 1363 1786 sic
1393 1738 1455 1786 de
1479 1738 1665 1801 reliquo
1698 1739 1863 1787 labore

37 1867 41 1873 ,,
102 1827 152 1874 et
174 1820 346 1872 ceteris
369 1820 597 1884 operibus
619 1819 823 1883 pietatis.
895 1818 1028 1866 Nam
1050 1820 1332 1866 canonisatio
1364 1834 1466 1866 non
1490 1819 1605 1867 facit
1627 1820 1867 1883 majorem

26 1902 39 1942 ἕ
103 1901 409 1961 evidentiam,
449 1901 490 1951 si
528 1901 636 1965 quis
674 1907 896 1964 argueret
936 1899 1188 1948 hominem
1236 1915 1345 1948 esse
1386 1900 1688 1949 luxuriosum
1727 1902 1766 1949 si
1807 1902 1869 1950 sit

29 2019 34 2043 5
103 1990 344 2048 comptuS‚
369 1997 484 2033 cum
520 1983 825 2031 canonisatio
862 1983 930 2031 sic
966 1990 1098 2030 emta
1132 1990 1178 2031 et
1213 1981 1344 2030 falsis
1377 1983 1578 2031 testibus
1615 1984 1869 2032 testificata

15 2056 46 2114 ,Ϊ
103 2077 208 2116 non
232 2063 294 2114 sit
322 2063 582 2116 fundabilis
612 2065 664 2112 in
695 2064 942 2127 scriptura.
1014 2062 1123 2112 Nec
1144 2064 1430 2126 praedicant
1456 2063 1715 2113 efficaciter
1747 2064 1869 2112 veri-

39 2146 46 2209 '7
103 2153 256 2196 tatem
277 2136 608 2210 evangelicam
642 2146 752 2210 plus
775 2161 925 2208 quam
961 2146 1039 2193 alii
1075 2145 1330 2203 seculareS,
1356 2161 1448 2194 nec
1484 2145 1535 2192 in
1571 2146 1868 2194 orationibus

31 2223 47 2294 ‘s
105 2228 207 2278 suis
228 2227 416 2293 longis⁸
438 2235 531 2278 stat
554 2227 799 2291 profectus
824 2227 1057 2276 ecclesiae
1081 2227 1194 2290 plus
1217 2242 1366 2291 quam
1391 2228 1441 2275 in
1466 2227 1684 2276 ethnicis,

846 2583 1006 2632 CAP.
1043 2583 1132 2631 VI.

626 2713 703 2762 De
723 2712 966 2762 ordinibus
989 2713 1356 2760 mendicantium.

155 2845 502 2917 'Consequens
529 2851 593 2901 ad
621 2852 753 2901 dicta
775 2848 874 2900 est⁴
904 2857 1108 2899 tractare
1139 2850 1192 2897 de
1222 2850 1585 2912 exproprzetarie
1615 2847 1870 2896 vehentibus
1927 2866 2058 2928 ofdgpes
2071 2864 2188 2926 ffienasi-

6 2938 9 2954 ³
35 2938 47 3001 ζ
112 2936 236 2988 sicut
258 2935 321 2985 de
343 2934 580 2993 fratribus,
605 2934 689 2997 qui
721 2949 783 2981 ex
812 2932 910 2981 hoc
936 2932 1097 2995 quod⁵
1121 2940 1232 2981 sunt
1262 2932 1475 2995 majores
1507 2930 1790 2994 hypocritae
1823 2938 1871 2978 et
1924 2906 2211 2996 {ssiffiffffigcgnfssj

112 3018 354 3083 recentius
389 3016 649 3075 adinventi,
684 3015 843 3078 magis
875 3013 1081 3062 illudunt
1117 3013 1364 3062 ecclesiae.
1437 3012 1673 3061 Rationes
1707 3019 1870 3060 autem
1926 2976 2169 3030 “wammam
2210 3026 2212 3029 ’

28 3108 55 3163 vj
109 3094 239 3166 quae
270 3098 450 3147 factae⁶
482 3106 594 3147 sunt
625 3105 795 3146 contra
825 3097 943 3145 istos
974 3096 1367 3159 possessionatos
1401 3094 1594 3143 ordines
1603 3094 1634 3153 ⁷,
1664 3101 1870 3157 possunt

49 3203 55 3246 j
80 3177 86 3201 ⁶
109 3178 379 3244 &tridentius
402 3179 505 3228 fieri
530 3187 700 3228 contra
723 3178 842 3228 illos,
914 3177 1013 3226 Sed
1036 3179 1193 3241 primo
1218 3177 1414 3240 expedit
1437 3175 1684 3224 describere
1707 3175 1871 3239 hujus-

43 3319 45 3322 ,
109 3262 251 3321 modi
294 3261 671 3327 pseudofratres.
763 3260 908 3310 Ponit
955 3268 1118 3308 autem
1164 3258 1507 3308 Lincolntenszlv
1557 3258 1608 3306 in
1655 3257 1870 3325 quodam

168 3412 185 3438 ¹
215 3410 526 3465 sophisticam]
547 3409 785 3465 sophistica,
804 3410 855 3451 e.
1129 3408 1146 3431 ²
1173 3407 1348 3459 obligari
1371 3378 1558 3458 diabolo]
1580 3405 1750 3446 diabolo
1768 3404 1870 3446 obn.

50 3498 67 3530 ,ζ
111 3465 218 3545 pri.
237 3465 288 3507 C.
561 3465 577 3490 ⁸
603 3465 656 3544 ct.
677 3464 830 3506 Matth.
849 3464 902 3505 vi.
925 3471 962 3516 7.
1181 3461 1197 3485 ¹
1224 3462 1277 3502 ad
1295 3462 1405 3502 dicta
1424 3461 1504 3538 est]
1523 3466 1585 3523 est
1603 3460 1657 3500 ad
1677 3460 1798 3506 dicta,
1818 3460 1871 3500 A.

116 3551 121 3557 .
158 3519 291 3575 quod]
311 3532 394 3560 om.
416 3519 466 3562 C.
673 3532 779 3572 quae
797 3519 947 3570 factae]
966 3516 1077 3570 quod
1096 3521 1242 3563 sectae,
1263 3516 1313 3559 C.
1470 3514 1653 3567 ordines]
1675 3527 1756 3555 om.
1781 3514 1830 3556 C.

187 3602 487 3640 macone.
952 3601 982 3635 r
1008 3587 1032 3634 f
