2436 4094
692 327 1447 378 PROLEGOMENA.
1969 340 2025 394 ¹7

0 512 1 530 3
112 467 228 520 dui!
258 460 538 525 conjectura
569 464 763 526 assequi
795 464 1022 523 studeret,
1048 464 1167 527 quid
1199 471 1367 513 auctor
1399 463 1502 526 ipse
1536 464 1817 526 scripsisset,
1849 466 2036 513 circiter

12 542 28 578 ³*
43 599 50 618 4
68 579 73 598 .·
117 550 281 602 &cies
311 551 436 599 mira
459 551 752 614 conjiciendi
785 554 1048 615 sagacitate
1078 560 1264 601 textum
1294 568 1405 601 vere
1438 552 1725 610 emendavit,
1750 552 1859 615 plus
1891 553 2037 601 vicies

117 640 177 691 in
206 637 499 703 conjecturis
539 641 724 688 erravit.
795 640 870 689 Cf.
896 640 1136 700 LEWALD‚
1170 641 1265 689 Die
1298 641 1590 704 theologzsche
1617 640 1818 716 Doctrin
1841 640 2038 705 Johann

6 728 8 730 ’
60 730 77 767 7
124 725 632 792 Wyclgffi's—kritisch
678 727 965 788 beleuchtet‚
1009 730 1269 788 NIEDNER,
1312 729 1595 795 Zeitschrift
1617 729 1728 794 fiir
1767 729 2039 778 historische

4 874 7 876 ,
60 799 78 851 ’ἶ
121 813 369 880 maga,
398 817 543 897 ³846,
574 826 664 878 171
696 831 782 880 sq„
811 828 907 879 503
936 833 1035 880 sq·;
1068 821 1211 879 1847,
1240 829 1335 880 597
1365 833 1435 882 Sq-

55 907 71 934 '²
181 904 616 981 Verumenimvero
655 920 770 954 cum
810 906 960 954 libros
1001 907 1136 969 ipsos
1181 907 1464 956 conferendi
1507 906 1707 956 facultas
1745 906 1856 957 data
1895 914 2037 965 esset,

7 973 21 1037 ν.
59 986 86 1067 ’
113 993 266 1045 multo
289 995 542 1058 majorem,
562 1010 710 1059 quam
729 1003 1138 1058 expectassemuS,
1159 998 1450 1045 mendarum
1468 1013 1727 1045 numerum
1751 998 1802 1045 in
1826 997 2039 1045 editione

114 1083 332 1152 principe
365 1098 488 1143 esse,
519 1084 663 1133 nobis
696 1085 1038 1148 persuasimus.
1110 1084 1210 1144 Qui
1243 1101 1431 1134 errores
1465 1086 1710 1149 duplicem
1742 1085 1806 1134 ad
1839 1099 2039 1134 causam

4 1187 20 1242 J
55 1155 82 1234 Δῥ’
114 1170 354 1223 teserendi
388 1187 497 1221 esse
520 1172 755 1222 videntur.
827 1172 1047 1221 Alterum
1080 1174 1211 1221 enim
1244 1175 1536 1223 mendarum
1568 1190 1724 1238 genus
1753 1174 1952 1222 nonnisi
1976 1173 2040 1221 ad

114 1258 324 1313 editores
359 1259 509 1308 seculi
544 1259 682 1308 XVI.
707 1259 1016 1309 referendum
1052 1270 1138 1319 est,
1172 1262 1353 1324 quippe
1391 1264 1473 1325 qui
1509 1271 1590 1311 aut
1624 1262 1922 1324 indiligentia
1957 1269 2040 1310 aut

54 1393 61 1410 .,
91 1347 343 1401 -oedicum
375 1348 697 1412 legendorum
730 1358 874 1413 atque
906 1350 1304 1412 explicandorum
1337 1351 1576 1414 imperitia
1608 1360 1689 1400 aut
1713 1351 1826 1400 artis
1851 1351 2040 1399 criticae

2 1442 12 1491 Τ
117 1435 311 1489 defectu
351 1438 671 1501 peccaverint.
767 1438 986 1487 Alterum
1034 1455 1252 1487 errorum
1298 1456 1455 1503 genus
1501 1441 1632 1488 libris
1681 1441 1811 1503 ipsiS‚
1863 1440 2039 1503 quibus

0 1552 30 1597 33
116 1525 327 1577 editores
348 1526 425 1576 usi
449 1535 576 1586 sunt,
602 1527 632 1576 i.
642 1543 683 1576 e.
709 1527 913 1576 librariis
938 1529 1086 1576 seculi
1111 1528 1238 1587 XV„
1263 1529 1573 1578 tribuendum
1598 1537 1685 1578 est.

185 1614 339 1665 Haud
361 1615 589 1680 exiguam
609 1625 877 1666 erratorum
896 1618 1090 1680 copiam
1108 1634 1170 1666 ex
1193 1626 1327 1666 textu
1346 1618 1579 1666 librorum
1597 1618 1815 1681 genuino
1841 1615 2041 1681 quidem

2 1694 11 1763 f,
116 1712 261 1769 atque
285 1714 506 1755 correcto
530 1706 618 1755 sed
641 1707 704 1754 ab
728 1706 991 1754 editoribus
1028 1706 1145 1761 false
1178 1707 1302 1755 lecto
1336 1716 1494 1755 ortam
1523 1722 1631 1755 esse
1668 1708 1812 1754 nobis
1836 1705 2042 1754 omnino

46 1780 49 1782 ,
117 1799 337 1855 constat„
389 1792 678 1843 Praesertim
710 1808 823 1841 cum
857 1793 935 1842 illa
966 1794 1199 1842 scribendi
1224 1795 1495 1856 compendia,
1530 1795 1706 1857 quibus
1738 1795 1845 1843 libri
1877 1794 2042 1842 seculo

2 1863 49 1944 ἷ ᾞ
117 1879 257 1931 XIV.
281 1889 328 1930 et
365 1881 475 1931 XV.
499 1897 651 1931 manu
688 1882 848 1945 scripti
884 1890 1082 1941 scatent,
1117 1884 1442 1946 ambiguitatis
1479 1899 1833 1947 saepenumero
1866 1898 2044 1932 causae

6 1999 7 2002 =
42 1954 46 1958 .
119 1970 229 2035 sint,
247 1969 483 2020 nonnulla
505 1972 652 2020 verba
675 1972 738 2020 ab
757 1971 1021 2020 editoribus
1045 1971 1164 2020 false
1187 1972 1427 2020 intellecta
1452 1981 1576 2021 sunt.
1646 1971 1872 2035 Exempli
1890 1972 2045 2036 gratia

117 2075 231 2111 eum
264 2061 317 2110 in
348 2061 458 2111 libri
492 2061 582 2111 IV.
608 2062 764 2125 capite
806 2078 863 2110 12
905 2070 1017 2111 ante
1058 2063 1274 2111 mediam
1316 2063 1512 2126 capituli
1557 2071 1747 2126 partem
1783 2064 1834 2110 in
1870 2063 2043 2111 codice

33 2168 47 2222 ζἸ
119 2149 352 2214 scriptum
375 2158 503 2201 esset
527 2155 540 2176 ‘
554 2149 737 2210 mz‘ra‘i:
763 2151 920 2200 editor
945 2153 1134 2215 posuit:
1170 2153 1405 2210 miraculi,
1432 2152 1568 2216 quod
1591 2167 1739 2200 sensu
1763 2159 1907 2210 caret,
1929 2166 2042 2199 cum

1 2248 10 2273 1
39 2292 41 2295 ,
119 2238 224 2289 sine
253 2237 406 2295 vdubio
437 2239 702 2304 legendum
737 2249 892 2290 esset:
927 2242 1154 2290 mirabili.
1227 2243 1380 2291 Porro
1417 2243 1468 2290 in
1502 2243 1598 2291 fine
1635 2242 1831 2306 capituli
1873 2258 1896 2289 2
1935 2241 2043 2289 libri

120 2326 263 2392 primi
297 2328 350 2378 in
387 2328 638 2378 codicibus
675 2329 908 2394 scriptum
939 2338 1014 2379 est
1044 2335 1055 2356 ‘
1071 2328 1308 2379 abhorret'
1344 2347 1456 2380 cum
1489 2331 1631 2395 signo
1665 2332 1843 2394 exiguo
1877 2330 2044 2378 literae

121 2417 417 2481 penultimae
453 2419 793 2483 superscripto,
830 2421 967 2484 quod
1003 2421 1238 2479 innueret,
1275 2421 1540 2484 legendum
1573 2436 1708 2470 esse:
1761 2420 2042 2468 abhorreret.

119 2503 348 2559 Editoses
379 2514 542 2557 autem
573 2507 782 2556 breviter
813 2508 939 2571 typis
974 2516 1342 2572 expresserunt:
1392 2508 1622 2556 abhorret.
1694 2507 1918 2556 Similiter
1951 2506 2041 2554 IV.

122 2608 164 2643 c.
194 2608 258 2656 34
283 2594 430 2645 editio
461 2595 688 2658 princeps
719 2596 913 2644 exhibet
936 2611 1108 2645 vocem
1139 2597 1397 2659 specialiter
1421 2612 1511 2659 pro
1537 2597 1686 2644 verbo
1717 2597 2040 2658 spiritualiter,

59 2688 61 2690 ’
121 2682 175 2735 id
198 2682 335 2747 quod
357 2683 554 2733 nonnisi
577 2699 639 2732 ex
667 2685 926 2748 scriptione
958 2685 1141 2734 codicis
1173 2684 1381 2734 breviori
1405 2693 1567 2733 ortum
1590 2694 1676 2734 est.
1748 2683 1870 2732 Sunt
1898 2684 2042 2747 hujus

122 2773 317 2839 generis
347 2773 569 2838 plurima,
603 2790 727 2838 quae
759 2790 1011 2824 recensere
1045 2775 1238 2838 longius
1270 2774 1406 2823 foret.
1478 2774 1585 2824 Nec
1623 2775 1759 2825 deest
1794 2776 2041 2825 excusatio

122 2877 341 2921 errorum
372 2877 460 2926 per
492 2863 734 2912 scribendi
766 2864 1059 2928 compendia
1091 2865 1283 2927 saepius
1314 2864 1599 2914 obscuriora
1633 2873 1680 2914 et
1715 2865 2041 2929 ambiguitatis

124 2951 272 3017 plena
293 2957 533 3002 natorum.
1920 3011 1926 3016 κ

130 3083 161 3118 ‚J
192 3040 260 3094 At
304 3041 528 3105 permulti
573 3056 762 3091 errores
811 3057 872 3091 ex
919 3041 1041 3091 falsa
1085 3042 1291 3091 lectione
1338 3041 1686 3090 vocabulorum
1732 3044 1940 3092 obscure
1993 3052 2042 3094 et

0 3122 61 3214 ῑέἶ
125 3129 316 3182 volante
349 3131 551 3191 calam0,
576 3132 666 3182 etsi
700 3132 842 3196 plene
879 3133 1183 3196 scriptorum,
1219 3131 1311 3181 orti
1343 3140 1467 3190 sunt,
1505 3131 1636 3179 verbi
1672 3147 1820 3180 causa
1843 3130 1931 3180 IV.
1959 3147 2039 3194 43.

125 3221 292 3282 stolide,
312 3222 447 3287 quod
471 3238 670 3286 prorsus
695 3223 960 3273 absurdum
984 3231 1070 3282 est,
1091 3239 1204 3272 cum
1222 3223 1482 3271 Phronesis
1507 3221 1661 3271 dicat:
1699 3225 1710 3246 ‘
1726 3223 1776 3270 in
1799 3221 1882 3270 hoc
1902 3224 2042 3271 sentis

35 3351 41 3354 -
124 3322 310 3365 nomn:
331 3317 466 3375 atque
487 3311 727 3362 catholice!
799 3312 906 3362 Nec
931 3313 1079 3376 longe
1104 3321 1214 3376 post
1245 3313 1543 3360 invenimus:
1585 3312 1823 3360 horrorem
1846 3328 2040 3375 magna-

123 3404 238 3460 m,
278 3401 363 3450 ubi
410 3402 645 3465 scriptum
693 3410 790 3451 est:
849 3402 1087 3450 horrorem
1136 3402 1455 3464 imaginatum.
1532 3399 1657 3460 Quis
1703 3415 1817 3449 vero
1865 3416 2039 3450 sanum

127 3489 338 3541 elicuerit
369 3506 583 3550 sensum,
613 3492 697 3540 ubi
722 3492 782 3540 de
815 3491 1223 3555 praedicatoribus
1256 3489 1547 3554 quibusdam
1579 3490 1760 3540 dictum
1792 3491 2040 3550 invenerit,

30 3638 33 3645 k
64 3632 69 3635 ,
127 3579 264 3645 quod
286 3593 552 3630 CURANTES
563 3582 707 3645 fidem
731 3583 990 3644 scripturae
1014 3585 1202 3628 noceant
1222 3579 1437 3637 ecclesiae,
1458 3579 1543 3628 IV.
1566 3595 1605 3628 c.
1628 3595 1707 3642 34,
1733 3596 1846 3629 curn
1871 3589 2040 3630 auctor

157 3671 165 3674 ’
200 3682 497 3719 unrocus.
1074 3684 1102 3717 G
