2456 4088
340 456 443 495 202

1024 438 1449 504 JOANNIS
1517 440 1866 491 WICLIF
2174 461 2321 491 mnan

547 572 794 631 'fatuatun
838 574 957 637 quin
1000 574 1121 623 satis·
1155 575 1327 633 noscit,
1367 575 1502 638 quod
1543 582 1678 623 actus
1719 575 1794 623 vel
1836 589 1962 638 opus
1997 573 2092 623 tale
2126 588 2231 622 non
2269 573 2332 621 sit

576 654 890 702 essentialiter
915 655 1063 703 virtus
1087 663 1170 704 aut
1193 656 1373 714 vitium,
1400 656 1487 704 sed
1522 656 1684 719 potius
1715 653 2126 704 habitudinaliter²
2149 654 2331 703 fructus

575 736 697 798 ejus.
767 735 888 784 Ideo
931 744 1124 799 oportet
1163 737 1329 786 fideles
1375 752 1466 800 pro
1507 737 1750 786 intellectu
1796 737 2057 800 scripturae
2105 736 2331 799 aequivo-

576 816 792 865 cationes
829 818 945 866 istas
982 833 1294 880 cognoscere.
1366 818 1428 866 Et
1464 819 1532 867 sic
1568 832 1678 866 vere
1716 817 1982 876 concludis,
2018 817 2155 882 quod
2195 824 2333 866 actus

574 897 716 960 gulae
751 906 798 946 et
824 899 1006 947 virtutis
1033 899 1123 947 sibi
1158 900 1415 962 oppositae
1452 900 1674 947 consistit
1709 899 1760 947 in
1793 899 2117 957 successione,
2141 897 2229 947 sed
2257 905 2332 947 est

575 979 689 1027 dare
724 980 871 1043 longe
907 980 1099 1029 alterius
1134 990 1333 1030 naturae
1368 980 1586 1029 habitum
1624 980 1960 1038 dormientem,
1997 987 2045 1029 et
2084 979 2155 1028 sic
2189 980 2332 1028 nimis

575 1063 884 1124 aequivocaS.
954 1061 1035 1109 Ad
1069 1063 1311 1109 secundam
1346 1070 1479 1110 tuam
1514 1062 1808 1119 instantiam,
1831 1075 1958 1123 quae
1993 1068 2066 1109 est
2100 1059 2331 1118 subtilior,

573 1144 732 1206 primo
769 1142 993 1205 intellige,
1018 1142 1151 1206 quod
1186 1158 1439 1207 nunquam
1475 1151 1611 1192 actus
1642 1143 1812 1206 Jejunii
1845 1142 2135 1205 praecipitur
2157 1156 2188 1190 a
2217 1155 2331 1204 pru-

574 1225 718 1272 dente
754 1225 846 1272 nisi
880 1232 1077 1287 propter
1111 1225 1330 1273 habitum
1365 1233 1412 1273 et
1448 1224 1656 1272 fructum
1681 1224 1828 1272 alium
1863 1223 2020 1285 magis
2053 1224 2254 1282 bonum,
2278 1229 2331 1271 ut

573 1304 868 1368 quandoque
893 1321 982 1368 pro
1002 1306 1199 1354 crimine
1217 1306 1554 1369 praecavendo
1573 1314 1622 1354 et
1640 1305 1936 1368 quandoque
1953 1319 2044 1367 pro
2063 1303 2330 1352 commisso

572 1387 774 1434 crimine
825 1387 1164 1450 abstergend0‚
1205 1396 1259 1436 ut
1304 1388 1441 1436 multi
1483 1394 1764 1450 spumarent
1804 1387 1855 1434 in
1895 1384 2145 1433 libidinem
2185 1392 2332 1448 atque

572 1468 825 1528 luxuriam,
850 1469 942 1518 nisi
965 1470 1136 1518 ceteris
1159 1470 1355 1532 paribus
1376 1470 1664 1533 jejunarent,
1690 1468 1754 1516 ad
1777 1466 2155 1530 abstergendum
2181 1465 2332 1515 multa

575 1550 757 1598 scelera
792 1558 1081 1614 perpetrata,
1106 1552 1303 1614 expedit
1335 1551 1495 1599 multis
1519 1558 1572 1598 ut
1607 1549 1802 1598 doleant
1833 1548 2100 1612 jejunando
2114 1562 2128 1607 ;
2178 1554 2228 1596 et
2261 1547 2331 1596 sic

569 1633 819 1696 jejunium,
863 1633 999 1696 quod
1041 1641 1113 1681 est
1161 1634 1450 1681 abstinentia
1491 1649 1520 1682 a
1560 1639 1780 1695 peccato,
1819 1638 1894 1679 est
1940 1628 2331 1679 commendabile

571 1721 804 1777 tanquam
836 1714 958 1762 finis.
1029 1713 1175 1762 Unde
1200 1714 1374 1763 Esaiae
1398 1714 1504 1763 lviii.
1534 1714 1778 1762 scribitur:
1817 1716 1829 1738 ‘
1846 1711 2100 1774 Numquid
2131 1709 2228 1758 hoe
2257 1716 2331 1758 est

569 1796 806 1858 jejunium
825 1795 960 1857 quod
979 1795 1140 1858 elegi²‚
1160 1796 1273 1844 dicit
1291 1796 1549 1854 Dominus,
1575 1810 1662 1857 per
1687 1795 1816 1843 diem
1840 1793 2091 1841 hominem
2117 1791 2330 1853 affligere

573 1877 786 1924 animam
823 1877 986 1925 suam⁸
1001 1877 1040 1924 ?'
1089 1877 1176 1927 sed
1210 1878 1370 1939 potius
1394 1877 1445 1924 in
1482 1876 1774 1925 abstinentia
1805 1890 1835 1923 a
1866 1881 2084 1937 peccatO,
2109 1879 2158 1920 et
2193 1885 2330 1920 com-

572 1959 783 2022 pletione
823 1959 984 2020 operis
1023 1959 1233 2016 virtuosi,
1274 1955 1346 2006 et4
1386 1965 1547 2006 narrat
1583 1957 1734 2004 multa
1771 1970 1935 2018 opera,
1979 1969 2106 2016 quae
2147 1954 2198 2001 in
2239 1967 2330 2002 suo

574 2039 759 2102 populo
794 2038 1111 2087 defecerunt⁵.
1183 2039 1246 2087 Et
1286 2047 1339 2087 ut
1373 2039 1659 2087 Pharisaeos
1695 2045 1888 2086 nostros
1929 2036 2160 2098 alloquar,
2197 2034 2329 2083 oculi

572 2120 816 2182 religionis
841 2127 1036 2168 nostrae
1061 2121 1270 2182 privatae
1295 2120 1548 2183 supercilio
1572 2120 1666 2167 isto
1684 2118 1959 2167 Pharisaico
1989 2117 2194 2165 nimium
2212 2123 2324 2164 sunt

574 2202 755 2250 caecati
770 2217 782 2259 ;
838 2201 946 2263 plus
988 2202 1119 2248 enim
1162 2202 1489 2263 appretiantur
1528 2199 1779 2262 corporale
1823 2199 2062 2262 jejunium
2102 2197 2176 2246 vel
2217 2198 2330 2260 ejus

572 2284 862 2345 ruptionem,
900 2297 1025 2344 quae
1060 2291 1228 2344 patent
1264 2281 1326 2330 ad
1361 2282 1573 2339 oculum,
1609 2296 1758 2343 quam
1795 2281 2032 2344 jejunium
2074 2279 2328 2342 spirituale,

572 2363 683 2412 ideo
709 2363 887 2411 ‘libera
910 2377 1003 2410 nos
1028 2362 1242 2410 Domine
1276 2378 1304 2410 a
1337 2363 1541 2412 stultitiis
1573 2362 1777 2411 istorum
1809 2358 2091 2409 ordinum⁶.’
2161 2360 2226 2408 Et
2258 2360 2327 2408 sic

572 2444 777 2493 concedi
813 2443 956 2492 debet
990 2443 1126 2506 quod
1159 2443 1310 2492 homo
1346 2445 1396 2491 in
1431 2443 1592 2492 multis
1629 2443 1820 2491 casibus
1845 2442 1989 2490 debet
2024 2441 2158 2491 esse⁷
2182 2455 2330 2489 causa

571 2541 659 2588 per
692 2524 921 2573 accidens
945 2539 1096 2587 quare
1129 2525 1442 2587 corporaliter
1474 2523 1737 2582 occidatur,
1762 2532 1815 2572 ut
1849 2530 1981 2586 patet
2016 2522 2078 2571 de
2105 2523 2329 2586 jejunan-

571 2607 698 2655 tibus
740 2614 883 2669 atque
924 2606 1209 2654 martiribus.
1247 2644 1253 2647 .
1294 2605 1402 2654 Nec
1443 2605 1620 2654 exinde
1661 2605 1858 2653 incurrit
1899 2604 2051 2652 homo
2091 2603 2330 2667 praevari-

573 2688 817 2736 cationem
854 2687 1056 2737 secundi
1091 2687 1308 2735 mandati
1350 2686 1591 2735 secundae
1620 2685 1845 2734 tabulae:
1897 2684 2044 2749 ‘Non
2079 2683 2277 2734 occides
2295 2681 2327 2732 1'

571 2785 684 2817 cum
711 2769 855 2817 debet
885 2768 1098 2831 intelligi,
1126 2768 1262 2830 quod
1296 2783 1443 2816 nemo
1481 2767 1625 2815 debet
1660 2767 1836 2830 injuste
1870 2766 2109 2815 occidere.
2177 2765 2330 2814 Aliter

572 2850 704 2898 enim
727 2849 864 2898 Deus
889 2848 1081 2898 dicens8
1105 2849 1457 2897 Deuteronom.
1482 2845 1684 2896 xxxiifl:
1736 2853 1747 2873 ‘
1763 2848 1874 2910 Ego
1899 2846 2136 2905 occidam,
2162 2854 2209 2894 et
2232 2861 2328 2908 ego

571 2933 727 2979 vivere
754 2928 996 2979 faciam¹⁰'
1017 2930 1142 2978 foret
1166 2930 1594 2978 communissimus
1620 2929 1880 2977 homicida.
1940 2927 2062 2976 Ideo
2079 2927 2328 2976 videamus

572 3014 707 3075 quod
742 3028 847 3061 non
882 3013 1059 3076 injuste
1093 3011 1169 3059 vel
1206 3011 1536 3073 imprudenter
1573 3010 1909 3058 abbreviemus
1946 3009 1998 3056 in
2033 3008 2130 3056 hoc
2164 3007 2328 3056 seculo

571 3101 763 3156 tempus
788 3102 1023 3152 nostrum,
1048 3092 1136 3141 sed
1162 3091 1396 3141 debemus
1421 3090 1649 3140 audacter
1679 3091 1775 3138 hoc
1805 3089 1978 3147 facere,
2003 3103 2117 3137 cum
2149 3089 2327 3138 scimus

629 3262 644 3286 ¹
673 3261 1029 3313 habitudinaliter]
1063 3259 1339 3306 habitualiter,
1370 3260 1434 3301 ed.
1471 3273 1533 3312 pr.
1824 3258 1840 3282 ²
1867 3258 1996 3311 elegi]
2027 3258 2137 3310 eligi,
2168 3259 2232 3299 ed.
2265 3272 2326 3312 pr.

571 3314 586 3337 ³
617 3315 721 3355 Iesa.
740 3316 837 3355 lviii.
861 3326 897 3366 5.
1007 3314 1022 3338 ⁴
1050 3315 1110 3367 et]
1131 3320 1190 3360 ut,
1211 3314 1266 3353 D.
1430 3314 1446 3337 ⁵
1474 3315 1577 3353 Iesa.
1597 3313 1695 3353 lviii.
1717 3312 1865 3364 6-14,
2029 3313 2046 3336 ⁶
2071 3312 2201 3352 libera
2219 3313 2327 3352 ordi-

574 3369 693 3421 num]
713 3375 857 3409 votum
877 3370 931 3409 ad
949 3369 1124 3409 formam
1142 3368 1309 3408 litaniae
1327 3379 1572 3420 expressum.
1680 3366 1696 3390 ⁷
1725 3367 1846 3407 debet
1863 3365 1971 3417 esse]
1990 3365 2152 3412 dicitur,
2171 3366 2326 3408 A.B.C.

573 3422 589 3445 ⁸
607 3423 765 3475 dicens]
781 3423 890 3475 quod
903 3424 1016 3463 Deus
1029 3423 1140 3468 dicit,
1157 3422 1204 3462 C.
1219 3436 1230 3468 ;
1251 3422 1366 3462 Deus
1378 3422 1446 3473 qui
1460 3422 1571 3467 dicit,
1586 3421 1639 3460 D.
1653 3421 1715 3461 ed.
1731 3433 1792 3473 pr.
1901 3420 1916 3443 ⁹
1937 3420 2162 3460 Deuteron.
2178 3419 2323 3471 xxxii]

576 3475 741 3516 Denter.
779 3477 926 3523 xxxiii„
964 3477 1090 3522 A.B.;
1140 3476 1265 3516 Deut.
1303 3475 1411 3520 xxii..
1442 3476 1506 3515 ed.
1543 3488 1605 3528 pr.
1676 3475 1812 3514 Locus
1849 3478 1911 3514 est
1943 3473 2068 3514 Deut.
2101 3474 2222 3513 xxxii.
2255 3485 2324 3526 39.

576 3528 616 3621 ἓ
633 3529 887 3634 ἓεέῑέαζὲἒῆἶέὸ
897 3530 960 3599 ed.
980 3544 1042 3583 pr.
1071 3530 1185 3570 addit
1203 3530 1326 3570 verba
1346 3529 1555 3570 contextui
1584 3533 1726 3569 nostro
1753 3528 1888 3568 minus
1914 3533 2036 3580 apta:
2073 3534 2083 3550 ‘
2097 3527 2324 3579 percutiam
