2424 4120
385 409 494 466 450

1062 392 1489 459 JoANNJS
1557 394 1908 444 WJCLJF
2234 415 2367 450 m,

626 547 717 579 nec
753 531 803 578 in
839 544 984 577 causa
1019 544 1110 577 nec
1145 529 1196 576 in
1233 529 1433 577 scientia
1467 544 1559 577 nec
1595 529 1645 576 in
1678 528 1917 592 potentia¹
1949 536 2115 592 posset
2146 528 2370 577 alteruter

626 614 828 660 istorum
854 610 1099 659 Christum
1128 612 1360 672 attingere
1375 627 1388 670 ς
1426 618 1474 658 et
1505 619 1681 669 tamen,
1706 619 1758 659 ut
1790 611 1912 660 fides
1943 611 2176 674 evangelii
2199 610 2373 658 memi-

626 695 709 752 nit,
743 708 832 756 pro
867 693 1094 741 salvanda
1127 707 1213 740 sua
1243 693 1352 750 vita,
1386 692 1584 755 quando
1614 692 1702 740 fuit
1732 693 2042 756 injustissime
2073 699 2372 756 persecutus,

626 791 729 824 non
765 776 833 823 sic
865 775 1046 832 restitit,
1084 773 1199 822 dum
1236 782 1401 822 tamen
1436 782 1602 837 posset
1636 774 1860 823 facillime
1896 775 2044 823 etiam
2077 774 2128 824 in
2163 787 2374 837 persona

626 858 836 920 propria,
863 857 903 904 si
934 857 1157 904 inimicos
1191 871 1305 904 suos
1337 865 1640 919 prosternere
1664 856 1918 916 voluisset3
1966 858 2066 904 imo
2095 856 2180 904 ubi
2203 854 2374 903 Petrus

628 939 842 987 educens
882 938 1096 1001 gladium
1141 937 1436 1000 praeciderat
1482 953 1649 986 aurem
1691 937 1889 996 Malchi,
1933 938 2112 986 audivit
2161 937 2375 986 divinum

628 1035 945 1083 responsum:
985 1023 996 1044 ‘
1012 1020 1146 1067 mitte
1170 1019 1386 1082 gladium
1410 1027 1547 1067 tuum
1570 1021 1620 1068 in
1644 1020 1869 1081 vaginam
1883 1036 1897 1078 ;
1935 1019 2096 1067 omnis
2129 1019 2261 1067 enim
2291 1017 2375 1080 qui

629 1102 791 1165 gladio
827 1101 1045 1163 percutit,
1082 1101 1244 1163 gladio
1279 1101 1483 1163 peribit.'
1553 1100 1690 1149 Patet
1725 1100 1924 1149 historia
1959 1100 2200 1164 Johannis
2231 1099 2377 1148 xviii⁰

630 1191 677 1231 et
701 1184 752 1229 in
781 1182 883 1230 aliis
915 1182 1202 1244 evangeliis;
1252 1198 1312 1230 ex
1344 1183 1518 1244 quibus
1549 1182 1804 1230 manifeste
1835 1190 1981 1245 patet,
2007 1181 2143 1244 quod
2173 1189 2375 1243 uterque
2423 1170 2424 1179 ¹

630 1265 832 1312 istorum
872 1262 1302 1325 pseudopaparum
1336 1270 1570 1325 tanquam
1612 1264 1887 1310 membrum
1929 1263 2109 1311 diaboli
2142 1263 2195 1311 in
2229 1277 2380 1311 causa

632 1347 910 1396 stultissima
932 1352 1165 1408 provocat
1189 1344 1412 1392 homines
1437 1344 1499 1392 ad
1523 1344 1859 1407 pugnandum,
1886 1360 1999 1394 cum
2031 1360 2134 1394 non
2158 1345 2218 1394 sit
2241 1345 2378 1393 color

630 1429 753 1492 parti
800 1427 947 1484 alteri,
997 1425 1156 1489 quod2
1207 1441 1367 1484 causa,
1415 1441 1504 1489 pro
1561 1442 1658 1488 qua
1714 1427 1784 1474 sic
1835 1426 2096 1489 pugnant³,
2145 1426 2205 1475 sit
2258 1426 2381 1475 fides

631 1509 869 1559 catholica
891 1508 966 1556 vel
999 1509 1247 1571 obJ'ectum
1279 1508 1434 1555 meriti
1471 1507 1534 1555 ad
1563 1508 1857 1567 bellandum,
1882 1516 1987 1556 tum
2021 1509 2136 1571 quia
2159 1506 2380 1557 Christus

630 1592 783 1640 noluit
818 1605 907 1653 pro
945 1590 1312 1638 conservatione
1344 1590 1467 1637 vitae
1504 1604 1619 1637 suae
1652 1588 1878 1637 homines
1915 1589 1983 1637 sic
2018 1604 2250 1652 pugnare,
2275 1582 2402 1638 tum*

632 1674 777 1723 etiam
813 1672 926 1735 quia
962 1671 1145 1719 dotatio
1181 1670 1428 1728 ecclesiae,
1465 1685 1591 1733 quae
1627 1678 1702 1718 est
1736 1671 1873 1718 radix
1910 1670 2054 1733 hujus
2089 1672 2380 1730 certaminis,

633 1764 706 1805 est
745 1755 888 1817 plene
930 1753 1170 1800 haeretica
1207 1760 1254 1800 et
1289 1752 1562 1800 intoxicans
1603 1752 1805 1800 multam
1843 1752 2051 1815 plebem.
2120 1751 2268 1801 Unde
2305 1753 2383 1801 isti

633 1835 979 1900 pseudopapae
1005 1849 1107 1881 non
1142 1841 1344 1896 possent
1375 1835 1616 1895 patentius
1651 1833 1908 1882 ostendere
1941 1849 1993 1882 se
2022 1830 2158 1882 esse4
2179 1834 2382 1883 vicarios

635 1917 927 1974 antichristi3
976 1916 1122 1963 etiam
1157 1923 1391 1977 quantum
1428 1914 1490 1962 ad
1525 1915 1656 1977 leges
1693 1923 1740 1963 et
1774 1915 1902 1963 facta
1936 1930 2025 1979 pro
2060 1924 2197 1979 parte
2238 1916 2381 1965 alter-

635 2007 740 2047 utra
787 1997 1004 2058 allegata,
1053 2003 1199 2058 patet,
1242 1996 1375 2058 quod
1417 1995 1669 2044 fundatur⁵
1714 1997 1765 2044 in
1812 1997 2091 2060 conjectura
2130 2012 2382 2047 venenosa

637 2078 829 2136 diaboli,
856 2078 976 2140 qua⁶
1011 2085 1172 2124 movet
1197 2077 1528 2125 antichristum
1563 2079 1627 2127 ad
1659 2078 1968 2127 statuendum
1999 2080 2119 2128 tales
2153 2080 2289 2143 leges
2321 2080 2385 2129 ad

637 2158 874 2220 populum
898 2158 1232 2220 intricandum.

708 2238 827 2287 Non
868 2241 999 2287 enim
1036 2240 1144 2302 plus
1178 2239 1402 2302 propter⁷
1441 2240 1727 2289 electionem
1761 2241 1927 2290 talium
1963 2242 2277 2292 cardinalium
2310 2244 2388 2292 vel

518 2356 536 2376 e
550 2322 566 2340 ¹
638 2322 1031 2383 reprobationem
1064 2329 1136 2368 est
1167 2322 1274 2383 quis
1299 2320 1475 2369 Christi
1503 2323 1704 2371 vicarius
1727 2323 1802 2370 vel
1832 2324 2107 2372 membrum
2138 2324 2386 2384 ecclesiae,

642 2418 789 2466 quam
808 2411 1007 2465 propter
1023 2403 1253 2465 garritum
1272 2403 1432 2450 avium
1450 2403 1524 2451 vel
1543 2404 1737 2466 signum
1755 2412 2186 2469 quantumcunque
2208 2407 2387 2470 imper-

640 2485 814 2542 tinenS,
851 2484 986 2546 quod
1024 2483 1301 2546 contingit⁸.
1372 2484 1627 2547 Proprium
1662 2486 1793 2534 enim
1827 2485 1929 2534 Deo
1962 2486 2061 2535 est⁹
2095 2489 2388 2537 constituere

637 2567 867 2615 vicarium
893 2566 981 2614 sibi
1005 2566 1079 2614 vel
1110 2574 1299 2629 partem
1323 2566 1585 2629 quamlibet
1614 2582 1824 2629 sponsae
1856 2583 1984 2618 suae.
2055 2569 2177 2619 Ideo
2201 2570 2388 2632 videtur

638 2657 799 2712 partes
822 2649 935 2696 istas
953 2647 1218 2696 haereticas
1238 2647 1567 2696 contradicere
1585 2649 1697 2697 fidei
1716 2651 1869 2698 sancti
1887 2650 2023 2699 Pauli
2047 2651 2111 2699 ad
2129 2636 2386 2703 Hebraeos
2420 2668 2424 2718 }

638 2731 808 2793 quinto
833 2729 1050 2788 dicentis,
1075 2729 1209 2792 quod
1242 2734 1254 2754 ‘
1269 2745 1418 2777 nemo
1451 2729 1596 2778 debet
1627 2731 1717 2779 sibi
1748 2746 1938 2780 sumere
1969 2727 2210 2782 honorem
2237 2734 2384 2783 talem

639 2811 1029 2869 ecclesiasticum,
1050 2811 1137 2859 sed
1162 2812 1244 2874 qui
1261 2819 1459 2860 vocatur
1482 2827 1512 2860 a
1528 2811 1638 2859 Deo
1658 2819 1889 2875 tanquam
1912 2812 2110 2863 Aaron?
2167 2815 2231 2864 Et
2253 2816 2385 2864 idem
2420 2830 2424 2859 ;

639 2901 711 2942 est
754 2894 989 2956 judicium
1036 2894 1098 2942 de
1144 2894 1513 2956 quibuscunque
1560 2893 1876 2943 electionibus
1928 2895 2075 2944 hodie
2121 2882 2424 2948 celebratis.÷

641 2975 813 3022 Nullus
848 2975 980 3023 enim
1005 2974 1287 3037 eligentium
1321 2974 1524 3022 istorum
1548 2975 1651 3032 scit,
1680 2976 1719 3023 si
1755 2990 1842 3023 sua
1865 2977 2135 3026 nominatio
2159 2978 2385 3029 electioni

639 3056 842 3104 Domini
859 3057 917 3103 sit
935 3056 1226 3115 conformis3
1262 3056 1301 3103 si
1320 3057 1520 3103 attendit
1538 3056 1600 3104 ad
1615 3057 1761 3104 vitam
1780 3056 1919 3106 electi
1937 3066 1984 3105 et
1997 3058 2061 3107 ad
2079 3059 2388 3110 affectionem
2406 3041 2424 3129 ²}

640 3153 789 3201 quam
807 3137 984 3186 elector
1001 3137 1147 3185 habet
1166 3136 1228 3185 ad
1246 3151 1505 3199 personam
1524 3137 1674 3195 electi,
1694 3138 1880 3186 lucrum
1898 3140 1972 3187 vel
1990 3139 2206 3189 favorem
2223 3132 2424 3207 seculi,‘{

640 3234 918 3283 supponere
942 3218 1097 3276 debet,
1124 3218 1257 3281 quod
1287 3219 1346 3266 sit
1378 3218 1550 3266 electio
1583 3234 1612 3266 a
1635 3218 1855 3267 Domino
1889 3221 2160 3272 maledicta.
2229 3223 2294 3272 Et
2318 3225 2388 3273 sic
2414 3211 2424 3255 ⁴3

694 3368 710 3392 ¹
736 3366 942 3420 potentia]
963 3370 1179 3420 potestate,
1201 3367 1250 3407 C.
1467 3366 1484 3390 ²
1511 3367 1641 3420 quod]
1662 3380 1799 3420 quum,
1814 3340 1899 3410 'a.b.
2134 3371 2152 3396 ⁸
2207 3377 2364 3424 ugnant
2392 3398 2394 3402 »
2413 3326 2424 3356 ¹

640 3427 810 3474 pugnat,
830 3421 964 3462 a.b.C.
1085 3420 1101 3444 4
1129 3421 1342 3461 ostendere
1361 3434 1404 3461 se
1424 3421 1531 3474 esse]
1553 3435 1596 3462 se
1615 3423 1829 3463 ostendere
1847 3436 1947 3470 esse,
1966 3424 2016 3466 C.
2138 3427 2154 3452 ⁵
2178 3385 2390 3480 {indaturJ

642 3477 699 3515 sic
719 3489 861 3516 omnes
879 3475 986 3515 libri.
1114 3475 1130 3499 ⁶
1158 3475 1257 3527 qua]
1279 3488 1393 3527 quae,
1415 3476 1463 3516 C.
1625 3476 1641 3500 ⁷
1668 3477 1856 3530 propter]
1876 3479 2039 3532 probat,
2060 3480 2110 3521 C.
2247 3481 2264 3505 ⁸
2290 3492 2387 3522 ermi
2408 3510 2414 3517 »

642 3529 786 3582 tingit]
809 3530 994 3582 contigit,
1016 3530 1064 3570 C.
1230 3532 1245 3553 ⁹
1275 3531 1368 3570 Deo
1389 3530 1469 3583 est]
1490 3535 1552 3570 est
1572 3530 1679 3578 Deo,
1699 3532 1833 3574 a.b.C.
