2436 4094
339 427 439 482 190

1012 413 1439 479 JOANNIS
1510 415 1856 464 WICLIF
2156 433 2318 464 unm.

566 550 686 598 haec
713 550 848 598 radix
873 550 1002 599 mala
1025 550 1149 598 intra
1172 551 1439 609 ecclesiam,
1465 549 1550 598 fuit
1574 550 1679 598 talis
1705 550 1939 612 cupiditas
1971 550 2023 598 in
2046 549 2242 599 diabolo
2264 558 2314 599 et

566 632 724 694 primo
749 632 963 690 homine,
988 640 1036 680 et
1061 632 1129 680 sic
1154 632 1543 695 impugnabiliter
1578 633 1723 680 etiam
1756 647 1785 679 a
1808 632 2008 680 Pseuste
2033 632 2146 680 dicit
2169 646 2314 694 apos-

565 714 706 766 tolus,
732 713 866 776 quod
890 713 1025 761 radix
1050 715 1270 762 omnium
1306 714 1543 761 malorum
1580 714 1629 760 in
1654 714 1743 761 ista
1778 714 1984 762 ecclesia
2016 721 2089 762 est
2123 713 2315 762 infamis

566 794 816 856 cupiditas.
889 794 996 843 Nec
1020 804 1183 843 movet
1207 795 1384 858 duplex
1410 796 1643 858 objectus,
1671 796 1840 858 quem1
1866 796 2054 859 objicis,
2075 809 2188 843 cum
2209 794 2318 843 talis

568 876 802 938 cupiditas
843 877 917 924 vel
959 878 1249 925 convertitur
1290 893 1402 925 cum
1445 878 1669 940 superbia
1709 879 1785 925 vel
1826 878 1983 940 ipsam
2026 877 2224 925 includit
2263 885 2317 925 ut

565 973 734 1020 genus.
805 957 912 1006 Nec
936 960 1077 1007 obest
1101 967 1355 1021 peccatum
1380 960 1622 1021 signatum
1647 959 1697 1006 in
1721 968 1887 1007 nostra
1909 959 2116 1007 ecclesia
2137 957 2315 1006 habere

564 1040 775 1089 radicem
817 1041 1074 1103 duplicem,
1116 1041 1514 1104 propinquiorem
1557 1041 1678 1089 sicut
1719 1042 2007 1104 superbiam,
2047 1048 2096 1089 et
2137 1039 2316 1088 distan-

564 1121 736 1169 tiorem
761 1123 883 1170 sicut
906 1123 1224 1171 omissionem
1249 1124 1299 1169 in
1323 1138 1517 1184 genere.

634 1203 731 1251 Sed
756 1212 993 1266 quantum
1026 1205 1089 1252 ad
1122 1205 1381 1262 avaritiam,
1408 1211 1568 1266 potest
1601 1204 1694 1251 dici
1727 1202 1861 1265 quod
1894 1203 1999 1266 ipsa
2031 1192 2317 1268 descriptive

563 1285 625 1332 ad
649 1294 866 1334 nostram
898 1286 1215 1334 intentionem
1247 1293 1320 1334 est
1352 1286 1653 1333 inordinatus
1682 1300 1820 1333 amor
1852 1286 2190 1348 temporalium
2204 1303 2218 1347 3
2269 1295 2317 1336 et

563 1367 776 1429 intelligo
803 1368 1100 1429 temporalia,
1118 1376 1171 1415 ut
1191 1377 1301 1415 sunt
1325 1368 1579 1429 vulgariter
1602 1367 1854 1425 intellecta,
1876 1368 2053 1415 scilicet
2070 1383 2160 1430 pro
2179 1368 2315 1416 omni

562 1457 749 1496 terrena
775 1450 1053 1507 substantia,
1075 1465 1197 1512 quae
1222 1458 1383 1511 potest
1401 1465 1506 1497 esse
1526 1449 1586 1496 de
1610 1449 1923 1511 possessione
1946 1449 2172 1499 hominis.
2232 1450 2316 1498 In-

561 1530 726 1592 telligo
751 1531 896 1578 etiam
920 1547 1007 1593 per
1031 1531 1315 1593 temporalia
1338 1530 1644 1579 habitudines
1667 1531 1954 1593 respectivas
1977 1531 2028 1578 in
2052 1533 2196 1580 rebus
2224 1540 2316 1581 ter-

562 1612 689 1659 renis
713 1612 952 1670 fundatas,
980 1628 1101 1675 quas
1125 1613 1277 1660 homo
1302 1612 1684 1660 irrationabiliter
1708 1612 1928 1675 appetit²‚
1956 1614 2076 1662 sicut
2100 1613 2318 1662 dominia

564 1701 611 1740 et
634 1693 846 1742 honores
870 1695 1159 1753 mundanos,
1181 1695 1332 1757 quae3
1355 1710 1414 1741 ex
1440 1695 1750 1757 possessione
1774 1695 1940 1742 talium
1964 1696 2196 1743 oriuntur.
2245 1683 2318 1744 'Et

564 1783 675 1823 tunc
712 1784 842 1838 patet
876 1778 997 1824 ratio
1034 1777 1370 1839 descriptionis
1405 1784 1453 1823 et
1489 1777 1742 1824 detestatio
1777 1777 1921 1839 hujus
1957 1777 2171 1826 criminis
2203 1793 2317 1826 cum

563 1857 886 1906 declaratione
921 1860 971 1906 in
1007 1859 1104 1906 suis
1135 1860 1349 1920 partibus
1382 1859 1665 1921 subjectivis.
1739 1858 1872 1906 Inter
1903 1860 2070 1907 omnia
2105 1875 2317 1922 namque

563 1946 763 2000 peccata
781 1931 974 1987 avaritia
992 1940 1138 1987 habet
1153 1940 1263 2002 'plus
1282 1940 1699 1988 irrationabilitatis
1719 1949 1764 1988 et
1782 1929 2129 2002 elongationis*⁴
2147 1957 2177 1990 a
2189 1941 2316 2000 Deo,

564 2028 610 2067 et
639 2020 751 2068 hinc
787 2036 898 2068 cum
932 2037 1166 2070 succensa
1197 2022 1349 2080 fuerit,
1377 2022 1511 2069 ardet
1545 2022 1720 2069 diutius
1753 2037 1812 2069 ex
1846 2022 2045 2086 proprio
2078 2023 2314 2072 fomento.

565 2101 719 2148 Terra
742 2101 939 2165 quidem
971 2111 1017 2150 et
1048 2111 1237 2151 terrena
1270 2112 1381 2151 sunt
1414 2118 1618 2167 corpora
1649 2104 1862 2151 maxime
1885 2119 2057 2167 opaca,
2087 2105 2140 2153 a⁵
2173 2105 2315 2153 coelo

565 2184 790 2232 situaliter
824 2184 980 2246 magis
1017 2185 1254 2242 distantia,
1281 2193 1327 2232 et
1363 2186 1519 2246 magis
1555 2194 1782 2234 extranea
1816 2194 1869 2233 ut
1904 2187 2076 2234 satient
2103 2187 2316 2236 hominis

566 2267 846 2328 appetitum.
904 2266 968 2313 Et
992 2268 1060 2314 sic
1085 2267 1304 2330 discipuli
1323 2266 1499 2314 Christi
1522 2266 1786 2315 vendentes
1811 2283 1895 2315 sua
1918 2268 2203 2330 temporalia
2225 2283 2315 2331 po-

565 2356 762 2395 suerunt
787 2362 956 2395 eorum
980 2349 1132 2409 pretia
1151 2357 1261 2395 ante
1285 2349 1435 2410 pedes
1455 2348 1802 2410 apostolorum,
1822 2357 1876 2396 ut
1898 2346 2097 2411 legitur⁶
2113 2349 2220 2398 Act.
2239 2350 2319 2408 iv.,'

564 2444 620 2477 ac
646 2431 684 2476 si
709 2430 758 2477 in
783 2428 911 2477 facto
936 2430 1162 2487 dicerent,
1188 2430 1379 2478 affectio
1404 2431 1740 2492 temporalium
1765 2430 1908 2479 debet
1930 2431 2135 2494 pedibus
2167 2432 2316 2484 animi

564 2510 660 2558 h.e.
687 2512 977 2573 appetitibus
1014 2511 1299 2559 conculcari.
1377 2511 1439 2558 Et
1463 2512 1575 2560 hinc
1600 2512 1773 2574 legitur
1795 2513 2046 2575 apostolos
2081 2514 2315 2576 sparsisse

563 2592 808 2653 pulverem
833 2608 1029 2640 suorum
1049 2593 1244 2654 pedum,
1265 2593 1463 2654 quando
1487 2602 1807 2657 perceperunt
1831 2595 2009 2643 taliter⁷
2031 2595 2316 2644 obstinatos.

563 2673 705 2721 Multi
746 2674 943 2736 quidem
984 2674 1275 2736 reliquerunt
1315 2674 1476 2736 legem
1518 2675 1720 2723 Domini
1765 2684 1965 2740 propter
2005 2672 2314 2726 affectionem

563 2756 840 2814 indebitam,
874 2772 1022 2818 quam
1056 2756 1236 2804 habent
1271 2757 1321 2803 in
1355 2757 1701 2819 temporalibus
1736 2759 2052 2820 prosperari„
2095 2758 2217 2807 Ideo
2252 2759 2315 2808 ad

564 2837 911 2896 denotandum,
938 2838 1072 2900 quod
1106 2838 1313 2900 apostoli
1346 2853 1447 2886 non
1481 2840 1732 2901 cupierunt
1762 2840 2049 2903 temporalia
2080 2841 2153 2888 sui
2179 2841 2316 2889 audi-

563 2920 669 2967 torii
695 2919 803 2968 sed⁸
829 2936 879 2968 se
912 2921 1062 2982 ipsos,
1099 2921 1149 2967 in
1185 2936 1272 2967 sua
1309 2922 1613 2982 separatione
1650 2922 1711 2969 ab
1746 2922 1830 2980 eis,
1855 2922 2037 2984 pedum
2068 2922 2314 2984 pulverem

562 3002 929 3063 resperserunt⁹.
1000 3002 1063 3049 Et
1098 3002 1282 3049 utinam
1323 3001 1682 3063 pseudofratres
1718 3003 1788 3050 sic
1830 3003 2041 3051 facerent
2079 3003 2227 3053 hodie
2264 3006 2315 3053 in

563 3083 736 3130 effectu
759 3084 768 3130 Ξ
829 3083 955 3131 Cum
981 3097 1098 3145 ergo
1124 3083 1409 3145 temporalia
1433 3098 1462 3130 a
1485 3082 1596 3130 Deo
1622 3085 1832 3131 maxime
1857 3084 2159 3148 elongantur,
2183 3094 2232 3135 et
2263 3088 2314 3135 in

563 3180 623 3212 eo
665 3165 822 3213 solum
865 3173 936 3212 est
978 3164 1386 3212 naturalissimum
1428 3172 1642 3212 mentem
1684 3165 1884 3213 finaliter
1925 3167 2139 3230 quietari,
2181 3176 2313 3231 patet

616 3349 630 3372 ¹
660 3348 799 3401 quem]
821 3348 1041 3400 quomodo,
1063 3349 1135 3394 C.;
1167 3348 1343 3400 quando,
1364 3348 1410 3387 B.
1431 3348 1494 3388 ed.
1514 3362 1575 3400 pr.
1822 3349 1838 3372 ²
1865 3350 2042 3403 appetit]
2063 3351 2240 3404 respicit,
2261 3353 2309 3392 B.

562 3403 761 3442 secundae
781 3416 937 3442 manus.
1048 3403 1063 3426 3
1092 3402 1214 3455 quae]
1237 3403 1343 3454 quia,
1364 3402 1420 3442 D.
1530 3402 1545 3425 4
1574 3402 1936 3444 irrationabilitatis
1955 3410 1996 3444 et
2015 3405 2308 3459 elongationis]

562 3456 890 3496 irrationabiliter
909 3457 1214 3509 relongationis,
1231 3458 1293 3496 ed.
1313 3470 1373 3508 pr.
1486 3457 1500 3479 ⁵
1527 3457 1571 3509 a]
1592 3463 1644 3503 et,
1660 3458 1722 3497 ed.
1736 3471 1796 3510 pr.
1906 3459 1921 3481 ⁶
1949 3458 2117 3512 legitur]
2131 3460 2311 3512 loquitur

563 3516 726 3549 sanctus
747 3513 891 3556 Lucas,
914 3512 1066 3551 A.B.C.
1278 3511 1292 3533 ⁷
1322 3511 1476 3563 taliter]
1498 3511 1724 3558 causaliter,
1746 3513 1791 3551 B.
1812 3513 1966 3565 primae
1984 3527 2140 3559 manus,
2161 3515 2223 3554 ed.
2244 3528 2306 3567 pr.

533 3564 537 3632 J
563 3563 576 3584 ⁸
605 3564 806 3611 auditorii,
830 3565 919 3617 sed]
941 3566 1149 3606 auditione
1168 3566 1304 3611 habet,
1324 3566 1387 3605 ed.
1409 3579 1467 3618 pr.
1586 3567 1601 3590 ⁹
1630 3567 1923 3619 resperserunt]
1945 3567 2230 3619 disperserunt,
2251 3570 2304 3608 A.
