2424 4120
324 433 432 485 422

1013 415 1433 479 JOANNIS
1502 416 1847 466 WICLIF
2167 433 2304 469 clun.

565 551 696 615 quod
721 550 779 598 sit
801 550 1076 597 membrum
1101 549 1262 597 nobile
1283 557 1476 597 sanctae
1496 549 1660 597 matris
1678 549 1925 608 ecclesiae,
1946 548 2080 612 quod
2098 546 2302 596 omnino

562 632 714 680 nescit
739 631 860 679 sicut
884 631 1037 679 nescit
1066 639 1226 678 utrum
1258 631 1511 693 spiritualis
1542 630 1801 693 profectus,
1828 645 1975 693 quem
2005 629 2160 678 intulit
2190 628 2303 676 sub-

557 713 696 774 jectis
721 711 832 769 suis,
857 711 980 759 valet
1014 711 1266 759 dimidium
1290 713 1409 759 tanti
1442 720 1676 774 quantum
1701 711 1959 768 mendicat,
1984 725 2096 758 cum
2117 708 2304 757 valores

559 794 759 840 istorum
794 808 896 841 non
931 800 1137 855 possunt
1171 793 1485 855 proportione
1520 792 1787 840 rationabili
1826 791 1890 839 ad
1923 792 2131 839 invicem
2171 803 2305 838 com-

559 875 730 936 parari.
801 873 861 921 In
896 874 992 922 hoc
1028 889 1146 936 ergo
1181 874 1316 937 quod
1354 873 1675 937 Symoniacus
1711 874 1780 921 sic
1816 873 2024 936 placitat,
2061 871 2304 920 evidenter

559 955 752 1012 indicat,
802 955 937 1017 quod
984 955 1043 1003 sit
1088 955 1315 1017 indignus
1362 955 1573 1017 recipere
1621 954 1755 1016 quod
1801 954 2008 1016 requirit.
2078 951 2305 1015 Apostoli

560 1036 690 1083 enim
726 1043 774 1082 et
808 1035 943 1083 multi
981 1035 1059 1082 alii
1096 1035 1261 1084 fideles
1299 1044 1555 1098 sequentes
1594 1035 1697 1083 sine
1733 1034 1813 1083 tali
1848 1034 2100 1082 exactione
2134 1031 2307 1094 longe¹

561 1116 670 1179 plus
694 1117 893 1164 subditis
917 1116 1211 1178 profuerunt.
1284 1116 1390 1164 Nec
1415 1116 1537 1164 valet
1560 1117 1649 1163 ista
1674 1115 1947 1163 communis
1971 1113 2148 1172 fictitia,
2172 1111 2308 1175 quod

561 1196 709 1244 haee2
744 1198 944 1259 exigunt
979 1213 1008 1244 a
1044 1198 1285 1260 subjectis,
1313 1206 1362 1245 ut
1397 1198 1488 1260 ipsi
1522 1196 1730 1244 evadant
1765 1195 2029 1258 periculum
2051 1202 2099 1242 et
2130 1194 2312 1242 faciant

559 1278 766 1340 justitiae
802 1278 1213 1340 complementum
1227 1294 1239 1336 ;
1295 1279 1407 1340 quia
1443 1278 1648 1340 apostoli
1685 1278 1958 1325 nescierunt
1994 1276 2136 1324 istam
2171 1274 2309 1338 justi-

563 1359 694 1417 tiam,
732 1359 819 1407 sed
859 1374 950 1407 nec
986 1358 1205 1407 Christus
1244 1360 1401 1421 ipsam
1440 1360 1605 1407 docuit
1640 1358 1726 1407 sed
1761 1359 1964 1406 omnino
2000 1356 2305 1405 contrarium.

564 1441 686 1488 Ideo
729 1441 888 1488 multis
930 1440 1113 1488 videtur
1155 1441 1290 1502 quod
1329 1442 1405 1488 isti
1446 1441 1612 1488 volunt
1652 1440 1859 1487 vendere
1901 1452 2044 1487 suum
2083 1437 2309 1484 meritum

564 1522 699 1584 quod
735 1521 983 1579 haberent,
1019 1530 1065 1569 et
1106 1537 1167 1569 eo
1209 1522 1300 1584 ipsi
1337 1530 1450 1569 sunt
1484 1521 1671 1583 indigni
1706 1521 1893 1568 merito.
1964 1518 2097 1568 Nam
2132 1519 2172 1567 si
2206 1532 2311 1566 non

565 1611 675 1650 sunt
716 1603 936 1650 membra
978 1610 1171 1650 sanctae
1211 1603 1374 1650 matris
1417 1603 1647 1650 ecclesiae
1689 1610 1770 1650 aut
1810 1616 1913 1648 non
1951 1599 2163 1648 tantum³
2197 1613 2310 1662 pro-

563 1683 754 1732 fuerunt
800 1684 1029 1746 subjectis
1070 1691 1306 1746 quantum
1346 1683 1471 1732 valet
1510 1698 1697 1732 merces
1745 1697 1893 1746 quam
1939 1681 2152 1744 exigunt,
2193 1687 2311 1729 tunc

565 1766 832 1813 secundum
849 1766 1090 1812 rationem
1107 1765 1278 1814 falsam
1303 1765 1620 1813 contendunt.
1680 1764 1802 1813 Ideo
1823 1764 1862 1811 si
1886 1763 2045 1826 aliqua
2062 1761 2310 1810 contentio

565 1847 624 1893 sit
664 1846 837 1904 illicita,
880 1846 1001 1894 haec
1049 1854 1122 1893 est
1162 1846 1253 1903 illa,
1296 1846 1545 1908 apostolus
1587 1861 1699 1894 cum
1741 1845 1854 1893 dicit
1900 1860 1921 1891 1
1968 1843 2186 1892 Corinth.
2222 1843 2311 1891 vi.:

565 1931 575 1950 ‘
594 1927 795 1974 omnino
834 1927 1061 1974 delictum
1097 1936 1169 1974 est
1204 1928 1255 1974 in
1278 1928 1429 1984 vobis,
1456 1928 1589 1989 quod
1616 1927 1798 1990 judicia
1831 1925 2016 1974 habetis
2047 1926 2172 1973 inter
2194 1939 2282 1972 vos
2297 1939 2312 1983 ;

565 2024 712 2070 quare
754 2023 856 2055 non
898 2006 1054 2070 magis
1095 2008 1342 2070 injuriam⁴
1385 2009 1613 2070 accipitis,
1657 2023 1805 2070 quare
1847 2022 1949 2055 non
1989 2007 2147 2068 magis
2185 2005 2313 2054 frau-

566 2089 702 2137 dem⁵
744 2090 1015 2151 patimini?’
1095 2089 1243 2136 Tales
1291 2097 1451 2137 autem
1499 2091 1648 2137 curati
1696 2088 1919 2136 fraudant
1966 2087 2223 2149 simplices,
2265 2094 2316 2136 et

566 2171 791 2219 cadentes
816 2186 845 2218 a
867 2171 994 2218 facili
1017 2172 1188 2218 merito
1213 2172 1264 2217 in
1288 2171 1555 2233 periculum
1589 2171 1779 2217 animae
1813 2166 1890 2216 se⁶
1913 2168 2177 2217 involvunt.
2249 2166 2314 2215 Et

565 2254 633 2301 sic
674 2252 969 2300 decimantes
1011 2259 1178 2300 coacte
1220 2251 1394 2299 talibus
1435 2250 1795 2298 exactionibus⁷
1835 2249 2155 2298 communiter
2195 2255 2308 2297 sunt

565 2332 793 2395 perplexi,
830 2334 943 2394 quia
977 2347 1007 2379 a
1041 2333 1131 2380 sibi
1168 2332 1497 2394 probabilibus
1535 2332 1739 2389 solvunt,
1777 2332 1951 2393 quibus
1985 2345 2088 2379 non
2121 2330 2314 2389 debent,

565 2423 751 2476 partem
773 2415 1017 2461 bonorum
1041 2413 1272 2461 ecclesiae
1292 2421 1436 2475 atque
1458 2412 1648 2461 Christi.
1718 2412 1782 2460 Et
1804 2412 1910 2460 talis
1936 2411 2110 2460 solutio
2129 2411 2314 2459 videtur

566 2510 668 2543 non
691 2495 977 2543 excusabilis
1001 2495 1050 2541 in
1075 2494 1151 2542 die
1172 2495 1354 2557 judicii,
1381 2510 1493 2542 cum
1520 2494 1735 2543 Christus
1759 2494 2084 2541 remunerabit
2107 2492 2313 2542 activos⁸

567 2592 627 2624 ex
652 2576 746 2624 hoc
780 2576 914 2638 quod
945 2577 1106 2638 ipsum
1136 2576 1186 2623 in
1217 2577 1447 2624 membris
1482 2577 1579 2624 suis
1612 2575 1765 2624 taliter
1797 2575 2075 2633 nutrierunt,
2099 2582 2153 2622 ut
2182 2582 2316 2638 patet

566 2657 738 2705 Matth.
765 2673 889 2716 xxv„
916 2666 962 2705 et
986 2673 1088 2705 non
1113 2673 1173 2704 ex
1197 2657 1292 2705 hoc
1328 2657 1464 2719 quod
1495 2659 1716 2705 membra
1747 2656 1926 2705 diaboli
1958 2664 2127 2704 contra
2151 2655 2315 2706 Chris-

565 2747 669 2787 tum
692 2739 843 2786 taliter
866 2739 1149 2788 refecerunt.

635 2819 784 2867 Tales
826 2827 936 2867 sunt
977 2820 1158 2868 multae
1198 2822 1409 2869 rationes
1446 2820 1670 2879 fidelium,
1712 2827 1910 2883 propter
1954 2834 2075 2882 quas
2115 2827 2316 2883 apparet

567 2901 899 2949 antichristum
945 2916 1058 2948 cum
1106 2902 1203 2950 suis
1249 2902 1435 2964 legibus
1482 2901 1722 2950 fabricatis
1769 2901 1830 2949 de
1878 2900 2077 2949 decimis
2117 2908 2165 2948 et
2211 2900 2315 2950 aliis

566 2983 796 3030 ecclesiae
843 2983 1213 3044 malignantium
1260 2983 1447 3044 legibus
1495 2990 1665 3046 contra
1710 2983 1870 3045 legem
1916 2980 2094 3030 Christi
2139 2990 2187 3030 et
2240 2981 2315 3046 sui

567 3063 775 3125 apostoli
806 3063 1092 3125 praevalere.
1164 3063 1226 3110 Et
1263 3063 1330 3110 sic
1365 3062 1518 3110 fidelis
1556 3062 1868 3111 detestaretur
1890 3063 2043 3111 -istam
2077 3063 2314 3126 argutiam

566 3153 619 3191 ut
653 3144 900 3207 sophisma
932 3143 1136 3192 diaboli:
1178 3144 1268 3192 ista
1297 3144 1504 3192 ecclesia
1527 3144 1748 3192 vendicat
1770 3152 1817 3192 et
1850 3144 2035 3192 obtinet
2062 3143 2154 3192 ista
2181 3144 2314 3191 bona

569 3225 838 3273 secundum
876 3225 1008 3286 leges
1046 3239 1166 3287 quas
1207 3225 1397 3284 statuit3
1451 3239 1568 3287 ergo
1603 3226 1732 3288 juste
1773 3232 1821 3273 et
1854 3225 1980 3274 bene
1994 3241 2007 3285 ;
2063 3239 2175 3273 cum
2215 3223 2313 3272 evi-

625 3346 639 3370 ¹
666 3345 809 3398 longe]
830 3346 977 3399 legem,
998 3346 1068 3392 C.;
1098 3346 1232 3398 legem
1250 3345 1387 3398 longe,
1407 3346 1489 3386 a.b.
1572 3358 1576 3360 “
1672 3345 1689 3368 ²
1715 3346 1837 3398 haec]
1857 3345 1951 3392 hoc,
1971 3347 2017 3386 C.
2182 3345 2199 3368 ³
2225 3349 2313 3385 tan-

570 3400 677 3451 tum]
699 3402 814 3447 bene,
836 3401 883 3441 C.
1010 3399 1025 3422 ⁴
1047 3413 1131 3439 non
1149 3400 1281 3452 magis
1299 3399 1507 3452 injuriam]
1528 3400 1660 3452 magis
1679 3400 1866 3452 injuriam
1884 3413 1982 3447 non,
2002 3399 2053 3440 C.
2184 3399 2201 3423 ⁶
2227 3411 2314 3439 non

571 3454 702 3505 magis
721 3453 924 3506 fraudem]
945 3455 1077 3506 magis
1095 3454 1277 3494 fraudem
1296 3467 1393 3501 non,
1415 3454 1463 3494 C.
1588 3454 1604 3477 ⁶
1630 3455 1790 3494 animae
1805 3454 1868 3506 se]
1889 3454 2024 3495 anime
2045 3466 2114 3494 sue
2133 3453 2312 3506 (animae

574 3508 688 3557 suae)
706 3523 716 3554 ;
747 3509 885 3548 animo
906 3521 961 3554 se,
983 3509 1031 3549 C.
1195 3508 1212 3531 ⁷
1239 3507 1538 3560 exactionibus]
1559 3508 1829 3554 exactoribus,
1851 3508 1904 3547 A.
2087 3506 2103 3530 ⁸
2130 3508 2313 3547 remune-

571 3561 677 3600 rabit
696 3562 870 3614 activos]
892 3562 1214 3604 remunerabitur
1232 3563 1426 3609 actiones,
1448 3562 1496 3604 C.
