<?xml version="1.0" encoding="UTF-8"?>
<!DOCTYPE html PUBLIC "-//W3C//DTD XHTML 1.0 Transitional//EN"
    "http://www.w3.org/TR/xhtml1/DTD/xhtml1-transitional.dtd">
<html xmlns="http://www.w3.org/1999/xhtml" xml:lang="en" lang="en">
 <head>
  <title>
</title>
<meta http-equiv="Content-Type" content="text/html;charset=utf-8" />
  <meta name='ocr-system' content='tesseract 3.04.00' />
  <meta name='ocr-capabilities' content='ocr_page ocr_carea ocr_par ocr_line ocrx_word'/>
</head>
<body>
  <div class='ocr_page' id='page_1' title='image "./trialoguscumsupp00wycluoft_0151.png"; bbox 0 0 2436 4094; ppageno 0'>
   <div class='ocr_carea' id='block_1_1' title="bbox 0 0 103 4094">
    <p class='ocr_par' dir='ltr' id='par_1_1' title="bbox 0 0 103 4094">
     <span class='ocr_line' id='line_1_1' title="bbox 0 0 103 4094; baseline 0 0"><span class='ocrx_word' id='word_1_1' title='bbox 0 0 103 4094; x_wconf 95' lang='lat' dir='ltr'> </span> 
     </span>
    </p>
   </div>
   <div class='ocr_carea' id='block_1_2' title="bbox 46 427 1282 480">
    <p class='ocr_par' dir='ltr' id='par_1_2' title="bbox 46 427 1282 480">
     <span class='ocr_line' id='line_1_2' title="bbox 46 427 1282 480; baseline 0.008 -10"><span class='ocrx_word' id='word_1_2' title='bbox 46 444 246 479; x_wconf 51' lang='lat' dir='ltr'>„cam</span> <span class='ocrx_word' id='word_1_3' title='bbox 710 427 1282 480; x_wconf 79' lang='lat' dir='ltr'><em>TRJALOGUS.</em></span> 
     </span>
    </p>
   </div>
   <div class='ocr_carea' id='block_1_3' title="bbox 23 562 1879 1034">
    <p class='ocr_par' dir='ltr' id='par_1_3' title="bbox 23 562 1879 1034">
     <span class='ocr_line' id='line_1_3' title="bbox 42 562 1873 627; baseline -0.002 -12.024"><span class='ocrx_word' id='word_1_4' title='bbox 42 607 43 612; x_wconf 66' lang='grc'>,</span> <span class='ocrx_word' id='word_1_5' title='bbox 114 563 354 627; x_wconf 81' lang='lat' dir='ltr'>scriptae?</span> <span class='ocrx_word' id='word_1_6' title='bbox 425 562 558 611; x_wconf 90' lang='lat' dir='ltr'>Nam</span> <span class='ocrx_word' id='word_1_7' title='bbox 592 579 682 626; x_wconf 93' lang='lat' dir='ltr'>pro</span> <span class='ocrx_word' id='word_1_8' title='bbox 717 565 893 612; x_wconf 91' lang='lat' dir='ltr'>timore</span> <span class='ocrx_word' id='word_1_9' title='bbox 926 579 1122 627; x_wconf 92' lang='lat' dir='ltr'>poenae</span> <span class='ocrx_word' id='word_1_10' title='bbox 1159 564 1399 613; x_wconf 92' lang='lat' dir='ltr'>sensibilis</span> <span class='ocrx_word' id='word_1_11' title='bbox 1435 564 1595 612; x_wconf 85' lang='lat' dir='ltr'>statim</span> <span class='ocrx_word' id='word_1_12' title='bbox 1632 563 1873 626; x_wconf 86' lang='lat' dir='ltr'>praevari-</span> 
     </span>
     <span class='ocr_line' id='line_1_4' title="bbox 28 643 1874 710; baseline -0.001 -16"><span class='ocrx_word' id='word_1_13' title='bbox 28 647 46 707; x_wconf 78' lang='lat' dir='ltr'>fj</span> <span class='ocrx_word' id='word_1_14' title='bbox 113 645 357 694; x_wconf 81' lang='lat' dir='ltr'>catoribus</span> <span class='ocrx_word' id='word_1_15' title='bbox 379 643 501 707; x_wconf 87' lang='lat' dir='ltr'>legis</span> <span class='ocrx_word' id='word_1_16' title='bbox 524 644 806 693; x_wconf 89' lang='lat' dir='ltr'>hominum¹</span> <span class='ocrx_word' id='word_1_17' title='bbox 824 645 1131 709; x_wconf 90' lang='lat' dir='ltr'>infligendae,</span> <span class='ocrx_word' id='word_1_18' title='bbox 1153 655 1265 695; x_wconf 88' lang='lat' dir='ltr'>sunt</span> <span class='ocrx_word' id='word_1_19' title='bbox 1282 647 1418 710; x_wconf 87' lang='lat' dir='ltr'>ipsae</span> <span class='ocrx_word' id='word_1_20' title='bbox 1440 646 1574 708; x_wconf 89' lang='lat' dir='ltr'>leges</span> <span class='ocrx_word' id='word_1_21' title='bbox 1599 645 1874 707; x_wconf 86' lang='lat' dir='ltr'>diligentius</span> 
     </span>
     <span class='ocr_line' id='line_1_5' title="bbox 38 714 1871 791; baseline -0.003 -12"><span class='ocrx_word' id='word_1_22' title='bbox 38 714 44 779; x_wconf 44' lang='lat' dir='ltr'>s</span> <span class='ocrx_word' id='word_1_23' title='bbox 114 727 413 776; x_wconf 83' lang='lat' dir='ltr'><strong>observatae.</strong></span> <span class='ocrx_word' id='word_1_24' title='bbox 484 726 607 774; x_wconf 92' lang='lat' dir='ltr'>Ideo</span> <span class='ocrx_word' id='word_1_25' title='bbox 639 727 775 785; x_wconf 91' lang='lat' dir='ltr'>fides,</span> <span class='ocrx_word' id='word_1_26' title='bbox 802 743 915 791; x_wconf 91' lang='lat' dir='ltr'>spes</span> <span class='ocrx_word' id='word_1_27' title='bbox 952 736 999 776; x_wconf 91' lang='lat' dir='ltr'>et</span> <span class='ocrx_word' id='word_1_28' title='bbox 1036 728 1208 776; x_wconf 89' lang='lat' dir='ltr'>caritas</span> <span class='ocrx_word' id='word_1_29' title='bbox 1243 729 1294 775; x_wconf 92' lang='lat' dir='ltr'>in</span> <span class='ocrx_word' id='word_1_30' title='bbox 1326 728 1447 790; x_wconf 86' lang='lat' dir='ltr'>legis</span> <span class='ocrx_word' id='word_1_31' title='bbox 1471 727 1675 774; x_wconf 90' lang='lat' dir='ltr'>Domini</span> <span class='ocrx_word' id='word_1_32' title='bbox 1704 727 1871 774; x_wconf 89' lang='lat' dir='ltr'>obser-</span> 
     </span>
     <span class='ocr_line' id='line_1_6' title="bbox 36 809 1876 872; baseline -0.002 -14.024"><span class='ocrx_word' id='word_1_33' title='bbox 36 815 43 822; x_wconf 74' lang='grc'>’·</span> <span class='ocrx_word' id='word_1_34' title='bbox 114 809 278 858; x_wconf 80' lang='lat' dir='ltr'>vantia</span> <span class='ocrx_word' id='word_1_35' title='bbox 301 814 413 857; x_wconf 90' lang='lat' dir='ltr'>sunt</span> <span class='ocrx_word' id='word_1_36' title='bbox 437 809 639 871; x_wconf 86' lang='lat' dir='ltr'><strong>sopitae,</strong></span> <span class='ocrx_word' id='word_1_37' title='bbox 665 824 778 857; x_wconf 93' lang='lat' dir='ltr'>cum</span> <span class='ocrx_word' id='word_1_38' title='bbox 802 824 950 857; x_wconf 91' lang='lat' dir='ltr'>nemo</span> <span class='ocrx_word' id='word_1_39' title='bbox 987 817 1149 872; x_wconf 93' lang='lat' dir='ltr'>potest</span> <span class='ocrx_word' id='word_1_40' title='bbox 1181 809 1472 857; x_wconf 85' lang='lat' dir='ltr'><strong>convincere</strong></span> <span class='ocrx_word' id='word_1_41' title='bbox 1496 809 1696 867; x_wconf 90' lang='lat' dir='ltr'>ratione,</span> <span class='ocrx_word' id='word_1_42' title='bbox 1721 822 1876 870; x_wconf 89' lang='lat' dir='ltr'>quare</span> 
     </span>
     <span class='ocr_line' id='line_1_7' title="bbox 34 889 1879 953; baseline -0.001 -15"><span class='ocrx_word' id='word_1_43' title='bbox 34 904 38 938; x_wconf 76' lang='grc' dir='ltr'>ζ</span> <span class='ocrx_word' id='word_1_44' title='bbox 115 890 310 939; x_wconf 91' lang='lat' dir='ltr'>duobus</span> <span class='ocrx_word' id='word_1_45' title='bbox 333 889 621 953; x_wconf 84' lang='lat' dir='ltr'>eligibilibus</span> <span class='ocrx_word' id='word_1_46' title='bbox 653 891 919 953; x_wconf 91' lang='lat' dir='ltr'>propositis</span> <span class='ocrx_word' id='word_1_47' title='bbox 955 890 1107 938; x_wconf 93' lang='lat' dir='ltr'>homo</span> <span class='ocrx_word' id='word_1_48' title='bbox 1141 906 1294 938; x_wconf 90' lang='lat' dir='ltr'>unum</span> <span class='ocrx_word' id='word_1_49' title='bbox 1329 891 1638 953; x_wconf 89' lang='lat' dir='ltr'>prosequitur</span> <span class='ocrx_word' id='word_1_50' title='bbox 1667 898 1717 938; x_wconf 93' lang='lat' dir='ltr'>et</span> <span class='ocrx_word' id='word_1_51' title='bbox 1748 889 1879 938; x_wconf 92' lang='lat' dir='ltr'>aliud</span> 
     </span>
     <span class='ocr_line' id='line_1_8' title="bbox 23 970 1878 1034; baseline -0.002 -13"><span class='ocrx_word' id='word_1_52' title='bbox 23 994 33 1013; x_wconf 66' lang='grc' dir='ltr'>ε</span> <span class='ocrx_word' id='word_1_53' title='bbox 115 972 310 1021; x_wconf 78' lang='lat' dir='ltr'>dimittit</span> <span class='ocrx_word' id='word_1_54' title='bbox 343 971 420 1020; x_wconf 87' lang='lat' dir='ltr'>vel</span> <span class='ocrx_word' id='word_1_55' title='bbox 453 986 558 1020; x_wconf 90' lang='lat' dir='ltr'>non</span> <span class='ocrx_word' id='word_1_56' title='bbox 592 973 659 1020; x_wconf 90' lang='lat' dir='ltr'>ita</span> <span class='ocrx_word' id='word_1_57' title='bbox 694 972 861 1021; x_wconf 91' lang='lat' dir='ltr'>sedule</span> <span class='ocrx_word' id='word_1_58' title='bbox 897 973 1132 1029; x_wconf 89' lang='lat' dir='ltr'>observat,</span> <span class='ocrx_word' id='word_1_59' title='bbox 1170 972 1262 1019; x_wconf 91' lang='lat' dir='ltr'>nisi</span> <span class='ocrx_word' id='word_1_60' title='bbox 1291 972 1408 1020; x_wconf 89' lang='lat' dir='ltr'>illud</span> <span class='ocrx_word' id='word_1_61' title='bbox 1439 972 1769 1034; x_wconf 92' lang='lat' dir='ltr'>postpositum</span> <span class='ocrx_word' id='word_1_62' title='bbox 1802 970 1878 1018; x_wconf 90' lang='lat' dir='ltr'>vel</span> 
     </span>
    </p>
   </div>
   <div class='ocr_carea' id='block_1_4' title="bbox 115 1050 1878 1117">
    <p class='ocr_par' dir='ltr' id='par_1_4' title="bbox 115 1050 1878 1117">
     <span class='ocr_line' id='line_1_9' title="bbox 115 1050 1878 1117; baseline -0.002 -14"><span class='ocrx_word' id='word_1_63' title='bbox 115 1069 220 1103; x_wconf 86' lang='lat' dir='ltr'>non</span> <span class='ocrx_word' id='word_1_64' title='bbox 261 1061 391 1102; x_wconf 90' lang='lat' dir='ltr'>amat</span> <span class='ocrx_word' id='word_1_65' title='bbox 427 1054 622 1117; x_wconf 87' lang='lat' dir='ltr'>penitus</span> <span class='ocrx_word' id='word_1_66' title='bbox 657 1054 732 1102; x_wconf 90' lang='lat' dir='ltr'>vel</span> <span class='ocrx_word' id='word_1_67' title='bbox 763 1054 926 1102; x_wconf 92' lang='lat' dir='ltr'>minus</span> <span class='ocrx_word' id='word_1_68' title='bbox 963 1050 1155 1116; x_wconf 80' lang='lat' dir='ltr'>diligit2.</span> <span class='ocrx_word' id='word_1_69' title='bbox 1227 1053 1291 1101; x_wconf 92' lang='lat' dir='ltr'>Et</span> <span class='ocrx_word' id='word_1_70' title='bbox 1327 1055 1396 1102; x_wconf 92' lang='lat' dir='ltr'>sic</span> <span class='ocrx_word' id='word_1_71' title='bbox 1433 1063 1507 1101; x_wconf 89' lang='lat' dir='ltr'>est</span> <span class='ocrx_word' id='word_1_72' title='bbox 1542 1053 1603 1102; x_wconf 89' lang='lat' dir='ltr'>de</span> <span class='ocrx_word' id='word_1_73' title='bbox 1638 1053 1878 1101; x_wconf 91' lang='lat' dir='ltr'>mundum</span> 
     </span>
    </p>
   </div>
   <div class='ocr_carea' id='block_1_5' title="bbox 28 1133 1880 1280">
    <p class='ocr_par' dir='ltr' id='par_1_5' title="bbox 28 1133 1880 1280">
     <span class='ocr_line' id='line_1_10' title="bbox 28 1133 1878 1199; baseline -0.003 -13"><span class='ocrx_word' id='word_1_74' title='bbox 28 1163 35 1175; x_wconf 60' lang='grc' dir='ltr'>ι</span> <span class='ocrx_word' id='word_1_75' title='bbox 113 1135 424 1199; x_wconf 82' lang='lat' dir='ltr'>diligentibus</span> <span class='ocrx_word' id='word_1_76' title='bbox 455 1136 555 1184; x_wconf 88' lang='lat' dir='ltr'>sive</span> <span class='ocrx_word' id='word_1_77' title='bbox 589 1151 801 1194; x_wconf 88' lang='lat' dir='ltr'>carnem,</span> <span class='ocrx_word' id='word_1_78' title='bbox 827 1150 927 1198; x_wconf 93' lang='lat' dir='ltr'>quo</span> <span class='ocrx_word' id='word_1_79' title='bbox 962 1135 1025 1183; x_wconf 90' lang='lat' dir='ltr'>ad</span> <span class='ocrx_word' id='word_1_80' title='bbox 1053 1134 1148 1183; x_wconf 92' lang='lat' dir='ltr'>Dei</span> <span class='ocrx_word' id='word_1_81' title='bbox 1181 1135 1519 1194; x_wconf 87' lang='lat' dir='ltr'>dilectionem;</span> <span class='ocrx_word' id='word_1_82' title='bbox 1570 1143 1617 1182; x_wconf 91' lang='lat' dir='ltr'>et</span> <span class='ocrx_word' id='word_1_83' title='bbox 1654 1135 1723 1182; x_wconf 89' lang='lat' dir='ltr'>sic</span> <span class='ocrx_word' id='word_1_84' title='bbox 1759 1133 1878 1181; x_wconf 89' lang='lat' dir='ltr'>istae</span> 
     </span>
     <span class='ocr_line' id='line_1_11' title="bbox 30 1215 1880 1280; baseline -0.002 -13"><span class='ocrx_word' id='word_1_85' title='bbox 30 1266 33 1267; x_wconf 10' lang='grc' dir='ltr'><em>γ</em></span> <span class='ocrx_word' id='word_1_86' title='bbox 114 1225 213 1267; x_wconf 85' lang='lat' dir='ltr'>tres</span> <span class='ocrx_word' id='word_1_87' title='bbox 251 1219 451 1266; x_wconf 89' lang='lat' dir='ltr'>virtutes</span> <span class='ocrx_word' id='word_1_88' title='bbox 491 1217 796 1280; x_wconf 84' lang='lat' dir='ltr'>theologicae</span> <span class='ocrx_word' id='word_1_89' title='bbox 833 1217 1165 1279; x_wconf 89' lang='lat' dir='ltr'>refrigescunt.</span> <span class='ocrx_word' id='word_1_90' title='bbox 1238 1216 1363 1275; x_wconf 86' lang='lat' dir='ltr'>Quis</span> <span class='ocrx_word' id='word_1_91' title='bbox 1405 1231 1589 1279; x_wconf 83' lang='lat' dir='ltr'>quaeso</span> <span class='ocrx_word' id='word_1_92' title='bbox 1626 1215 1677 1263; x_wconf 92' lang='lat' dir='ltr'>in</span> <span class='ocrx_word' id='word_1_93' title='bbox 1715 1215 1880 1264; x_wconf 91' lang='lat' dir='ltr'>Scotia</span> 
     </span>
    </p>
   </div>
   <div class='ocr_carea' id='block_1_6' title="bbox 113 1298 1880 1364">
    <p class='ocr_par' dir='ltr' id='par_1_6' title="bbox 113 1298 1880 1364">
     <span class='ocr_line' id='line_1_12' title="bbox 113 1298 1880 1364; baseline -0.002 -16"><span class='ocrx_word' id='word_1_94' title='bbox 113 1307 316 1364; x_wconf 90' lang='lat' dir='ltr'>propter</span> <span class='ocrx_word' id='word_1_95' title='bbox 338 1299 461 1362; x_wconf 87' lang='lat' dir='ltr'>legis</span> <span class='ocrx_word' id='word_1_96' title='bbox 484 1299 755 1348; x_wconf 90' lang='lat' dir='ltr'>libertatem</span> <span class='ocrx_word' id='word_1_97' title='bbox 779 1307 828 1347; x_wconf 89' lang='lat' dir='ltr'>et</span> <span class='ocrx_word' id='word_1_98' title='bbox 851 1299 1100 1362; x_wconf 84' lang='lat' dir='ltr'>privilegia</span> <span class='ocrx_word' id='word_1_99' title='bbox 1123 1299 1253 1361; x_wconf 88' lang='lat' dir='ltr'>regis</span> <span class='ocrx_word' id='word_1_100' title='bbox 1276 1298 1487 1361; x_wconf 88' lang='lat' dir='ltr'>Angliae</span> <span class='ocrx_word' id='word_1_101' title='bbox 1512 1313 1615 1345; x_wconf 92' lang='lat' dir='ltr'>non</span> <span class='ocrx_word' id='word_1_102' title='bbox 1647 1298 1880 1346; x_wconf 87' lang='lat' dir='ltr'>laetanter</span> 
     </span>
    </p>
   </div>
   <div class='ocr_carea' id='block_1_7' title="bbox 24 1374 1882 1527">
    <p class='ocr_par' dir='ltr' id='par_1_7' title="bbox 22 1374 1882 1527">
     <span class='ocr_line' id='line_1_13' title="bbox 24 1374 1880 1446; baseline -0.002 -16"><span class='ocrx_word' id='word_1_103' title='bbox 24 1374 29 1377; x_wconf 31' lang='lat'>*¹</span> <span class='ocrx_word' id='word_1_104' title='bbox 115 1389 372 1446; x_wconf 82' lang='lat' dir='ltr'>pateretur,</span> <span class='ocrx_word' id='word_1_105' title='bbox 398 1381 440 1430; x_wconf 91' lang='lat' dir='ltr'>si</span> <span class='ocrx_word' id='word_1_106' title='bbox 463 1396 576 1430; x_wconf 90' lang='lat' dir='ltr'>cum</span> <span class='ocrx_word' id='word_1_107' title='bbox 598 1381 695 1429; x_wconf 90' lang='lat' dir='ltr'>hoc</span> <span class='ocrx_word' id='word_1_108' title='bbox 720 1380 842 1429; x_wconf 90' lang='lat' dir='ltr'>foret</span> <span class='ocrx_word' id='word_1_109' title='bbox 867 1395 1078 1438; x_wconf 89' lang='lat' dir='ltr'>securus,</span> <span class='ocrx_word' id='word_1_110' title='bbox 1105 1380 1238 1442; x_wconf 94' lang='lat' dir='ltr'>quod</span> <span class='ocrx_word' id='word_1_111' title='bbox 1262 1380 1448 1443; x_wconf 89' lang='lat' dir='ltr'>integer</span> <span class='ocrx_word' id='word_1_112' title='bbox 1471 1388 1518 1428; x_wconf 91' lang='lat' dir='ltr'>et</span> <span class='ocrx_word' id='word_1_113' title='bbox 1541 1380 1679 1428; x_wconf 88' lang='lat' dir='ltr'>vivax</span> <span class='ocrx_word' id='word_1_114' title='bbox 1703 1379 1880 1427; x_wconf 89' lang='lat' dir='ltr'>rediret</span> 
     </span>
     <span class='ocr_line' id='line_1_14' title="bbox 30 1460 1882 1527; baseline -0.003 -14.022"><span class='ocrx_word' id='word_1_115' title='bbox 30 1482 34 1487; x_wconf 88' lang='lat'><strong>·</strong></span> <span class='ocrx_word' id='word_1_116' title='bbox 117 1463 171 1513; x_wconf 84' lang='lat' dir='ltr'>in</span> <span class='ocrx_word' id='word_1_117' title='bbox 202 1462 436 1527; x_wconf 86' lang='lat' dir='ltr'>Angliam</span> <span class='ocrx_word' id='word_1_118' title='bbox 470 1462 947 1526; x_wconf 90' lang='lat' dir='ltr'>proportionabiliter</span> <span class='ocrx_word' id='word_1_119' title='bbox 982 1462 1044 1509; x_wconf 90' lang='lat' dir='ltr'>ad</span> <span class='ocrx_word' id='word_1_120' title='bbox 1079 1462 1385 1524; x_wconf 88' lang='lat' dir='ltr'>punitionem</span> <span class='ocrx_word' id='word_1_121' title='bbox 1422 1477 1452 1509; x_wconf 94' lang='lat' dir='ltr'>a</span> <span class='ocrx_word' id='word_1_122' title='bbox 1493 1461 1638 1524; x_wconf 81' lang='lat' dir='ltr'>rege³</span> <span class='ocrx_word' id='word_1_123' title='bbox 1672 1460 1882 1523; x_wconf 90' lang='lat' dir='ltr'>Angliae</span> 
     </span>
    </p>
   </div>
   <div class='ocr_carea' id='block_1_8' title="bbox 117 1540 1881 1608">
    <p class='ocr_par' dir='ltr' id='par_1_8' title="bbox 117 1540 1881 1608">
     <span class='ocr_line' id='line_1_15' title="bbox 117 1540 1881 1608; baseline -0.002 -15"><span class='ocrx_word' id='word_1_124' title='bbox 117 1544 495 1608; x_wconf 85' lang='lat' dir='ltr'>praemiandus?</span> <span class='ocrx_word' id='word_1_125' title='bbox 541 1545 649 1593; x_wconf 90' lang='lat' dir='ltr'>talis</span> <span class='ocrx_word' id='word_1_126' title='bbox 680 1540 907 1607; x_wconf 78' lang='lat' dir='ltr'>inquam4</span> <span class='ocrx_word' id='word_1_127' title='bbox 930 1551 1174 1606; x_wconf 85' lang='lat' dir='ltr'>gratanter</span> <span class='ocrx_word' id='word_1_128' title='bbox 1206 1544 1440 1606; x_wconf 89' lang='lat' dir='ltr'>reciperet</span> <span class='ocrx_word' id='word_1_129' title='bbox 1474 1543 1806 1592; x_wconf 87' lang='lat' dir='ltr'>tribulationes</span> <span class='ocrx_word' id='word_1_130' title='bbox 1830 1543 1881 1589; x_wconf 92' lang='lat' dir='ltr'>in</span> 
     </span>
    </p>
   </div>
   <div class='ocr_carea' id='block_1_9' title="bbox 27 1625 1881 1690">
    <p class='ocr_par' dir='ltr' id='par_1_9' title="bbox 27 1625 1881 1690">
     <span class='ocr_line' id='line_1_16' title="bbox 27 1625 1881 1690; baseline -0.003 -14"><span class='ocrx_word' id='word_1_131' title='bbox 27 1683 34 1690; x_wconf 13' lang='grc' dir='ltr'>Α,</span> <span class='ocrx_word' id='word_1_132' title='bbox 120 1625 286 1676; x_wconf 89' lang='lat' dir='ltr'>Scotia</span> <span class='ocrx_word' id='word_1_133' title='bbox 308 1641 400 1690; x_wconf 90' lang='lat' dir='ltr'>pro</span> <span class='ocrx_word' id='word_1_134' title='bbox 427 1642 514 1690; x_wconf 93' lang='lat' dir='ltr'>spe</span> <span class='ocrx_word' id='word_1_135' title='bbox 537 1627 741 1690; x_wconf 89' lang='lat' dir='ltr'>praemii</span> <span class='ocrx_word' id='word_1_136' title='bbox 765 1627 815 1674; x_wconf 93' lang='lat' dir='ltr'>in</span> <span class='ocrx_word' id='word_1_137' title='bbox 834 1625 1015 1687; x_wconf 88' lang='lat' dir='ltr'>Anglia</span> <span class='ocrx_word' id='word_1_138' title='bbox 1037 1626 1386 1688; x_wconf 90' lang='lat' dir='ltr'>consequendi.</span> <span class='ocrx_word' id='word_1_139' title='bbox 1457 1626 1521 1673; x_wconf 85' lang='lat' dir='ltr'>Et</span> <span class='ocrx_word' id='word_1_140' title='bbox 1545 1626 1698 1673; x_wconf 92' lang='lat' dir='ltr'>multo</span> <span class='ocrx_word' id='word_1_141' title='bbox 1723 1625 1881 1687; x_wconf 90' lang='lat' dir='ltr'>magis</span> 
     </span>
    </p>
   </div>
   <div class='ocr_carea' id='block_1_10' title="bbox 118 1706 1881 1771">
    <p class='ocr_par' dir='ltr' id='par_1_10' title="bbox 118 1706 1881 1771">
     <span class='ocr_line' id='line_1_17' title="bbox 118 1706 1881 1771; baseline -0.002 -14"><span class='ocrx_word' id='word_1_142' title='bbox 118 1708 369 1757; x_wconf 87' lang='lat' dir='ltr'>tribulatus</span> <span class='ocrx_word' id='word_1_143' title='bbox 409 1709 460 1757; x_wconf 90' lang='lat' dir='ltr'>in</span> <span class='ocrx_word' id='word_1_144' title='bbox 500 1708 622 1756; x_wconf 90' lang='lat' dir='ltr'>valle</span> <span class='ocrx_word' id='word_1_145' title='bbox 663 1708 808 1771; x_wconf 84' lang='lat' dir='ltr'>hujus</span> <span class='ocrx_word' id='word_1_146' title='bbox 846 1706 1082 1764; x_wconf 89' lang='lat' dir='ltr'>miseriae,</span> <span class='ocrx_word' id='word_1_147' title='bbox 1123 1715 1170 1754; x_wconf 92' lang='lat' dir='ltr'>et</span> <span class='ocrx_word' id='word_1_148' title='bbox 1210 1707 1572 1756; x_wconf 89' lang='lat' dir='ltr'>transferendus</span> <span class='ocrx_word' id='word_1_149' title='bbox 1613 1708 1678 1756; x_wconf 91' lang='lat' dir='ltr'>ad</span> <span class='ocrx_word' id='word_1_150' title='bbox 1717 1707 1881 1755; x_wconf 91' lang='lat' dir='ltr'>locum</span> 
     </span>
    </p>
   </div>
   <div class='ocr_carea' id='block_1_11' title="bbox 26 1789 1882 1930">
    <p class='ocr_par' dir='ltr' id='par_1_11' title="bbox 26 1789 1882 1930">
     <span class='ocr_line' id='line_1_18' title="bbox 26 1789 1880 1854; baseline -0.001 -15"><span class='ocrx_word' id='word_1_151' title='bbox 26 1807 30 1838; x_wconf 83' lang='grc' dir='ltr'><strong><em>ῑ</em></strong></span> <span class='ocrx_word' id='word_1_152' title='bbox 119 1790 318 1854; x_wconf 83' lang='lat' dir='ltr'>patriae,</span> <span class='ocrx_word' id='word_1_153' title='bbox 344 1798 503 1839; x_wconf 88' lang='lat' dir='ltr'>stante</span> <span class='ocrx_word' id='word_1_154' title='bbox 528 1790 638 1848; x_wconf 92' lang='lat' dir='ltr'>fide,</span> <span class='ocrx_word' id='word_1_155' title='bbox 665 1805 753 1852; x_wconf 90' lang='lat' dir='ltr'>spe</span> <span class='ocrx_word' id='word_1_156' title='bbox 777 1797 826 1837; x_wconf 89' lang='lat' dir='ltr'>et</span> <span class='ocrx_word' id='word_1_157' title='bbox 857 1789 1069 1846; x_wconf 89' lang='lat' dir='ltr'>caritate,</span> <span class='ocrx_word' id='word_1_158' title='bbox 1097 1797 1299 1837; x_wconf 90' lang='lat' dir='ltr'>certaret</span> <span class='ocrx_word' id='word_1_159' title='bbox 1322 1790 1516 1837; x_wconf 91' lang='lat' dir='ltr'>viriliter</span> <span class='ocrx_word' id='word_1_160' title='bbox 1546 1805 1637 1853; x_wconf 92' lang='lat' dir='ltr'>pro</span> <span class='ocrx_word' id='word_1_161' title='bbox 1661 1789 1880 1852; x_wconf 90' lang='lat' dir='ltr'>praemio</span> 
     </span>
     <span class='ocr_line' id='line_1_19' title="bbox 33 1866 1882 1930; baseline -0.001 -13"><span class='ocrx_word' id='word_1_162' title='bbox 33 1899 35 1902; x_wconf 81' lang='lat'><em>.</em></span> <span class='ocrx_word' id='word_1_163' title='bbox 118 1867 429 1917; x_wconf 84' lang='lat' dir='ltr'>beatitudinis</span> <span class='ocrx_word' id='word_1_164' title='bbox 453 1867 818 1930; x_wconf 89' lang='lat' dir='ltr'>consequendo,</span> <span class='ocrx_word' id='word_1_165' title='bbox 840 1881 953 1915; x_wconf 92' lang='lat' dir='ltr'>cum</span> <span class='ocrx_word' id='word_1_166' title='bbox 978 1866 1095 1914; x_wconf 90' lang='lat' dir='ltr'>certi</span> <span class='ocrx_word' id='word_1_167' title='bbox 1120 1881 1288 1915; x_wconf 89' lang='lat' dir='ltr'>sumus</span> <span class='ocrx_word' id='word_1_168' title='bbox 1313 1883 1374 1915; x_wconf 86' lang='lat' dir='ltr'>ex</span> <span class='ocrx_word' id='word_1_169' title='bbox 1399 1868 1508 1926; x_wconf 92' lang='lat' dir='ltr'>fide,</span> <span class='ocrx_word' id='word_1_170' title='bbox 1531 1868 1666 1930; x_wconf 93' lang='lat' dir='ltr'>quod</span> <span class='ocrx_word' id='word_1_171' title='bbox 1689 1875 1882 1930; x_wconf 91' lang='lat' dir='ltr'>oportet</span> 
     </span>
    </p>
   </div>
   <div class='ocr_carea' id='block_1_12' title="bbox 27 1943 1882 2012">
    <p class='ocr_par' dir='ltr' id='par_1_12' title="bbox 2 1943 1882 2012">
     <span class='ocr_line' id='line_1_20' title="bbox 27 1943 1882 2012; baseline -0.002 -13.04"><span class='ocrx_word' id='word_1_172' title='bbox 27 1943 32 1945; x_wconf 40' lang='grc'>“</span> <span class='ocrx_word' id='word_1_173' title='bbox 118 1964 213 1999; x_wconf 87' lang='lat' dir='ltr'>nos</span> <span class='ocrx_word' id='word_1_174' title='bbox 235 1965 267 1999; x_wconf 91' lang='lat' dir='ltr'>a</span> <span class='ocrx_word' id='word_1_175' title='bbox 290 1949 454 1998; x_wconf 89' lang='lat' dir='ltr'>Scotia</span> <span class='ocrx_word' id='word_1_176' title='bbox 475 1949 592 1999; x_wconf 84' lang='lat' dir='ltr'>ista‘5</span> <span class='ocrx_word' id='word_1_177' title='bbox 614 1949 855 2006; x_wconf 89' lang='lat' dir='ltr'>recedere,</span> <span class='ocrx_word' id='word_1_178' title='bbox 881 1955 929 1995; x_wconf 94' lang='lat' dir='ltr'>et</span> <span class='ocrx_word' id='word_1_179' title='bbox 954 1945 1418 2010; x_wconf 82' lang='lat' dir='ltr'>correspondenter⁶</span> <span class='ocrx_word' id='word_1_180' title='bbox 1441 1949 1505 1997; x_wconf 93' lang='lat' dir='ltr'>ad</span> <span class='ocrx_word' id='word_1_181' title='bbox 1538 1950 1882 2012; x_wconf 87' lang='lat' dir='ltr'>gratitudinem</span> 
     </span>
    </p>
   </div>
   <div class='ocr_carea' id='block_1_13' title="bbox 122 2029 1882 2094">
    <p class='ocr_par' dir='ltr' id='par_1_13' title="bbox 122 2029 1882 2094">
     <span class='ocr_line' id='line_1_21' title="bbox 122 2029 1882 2094; baseline -0.001 -15"><span class='ocrx_word' id='word_1_182' title='bbox 122 2044 214 2094; x_wconf 91' lang='lat' dir='ltr'>pro</span> <span class='ocrx_word' id='word_1_183' title='bbox 237 2030 466 2094; x_wconf 86' lang='lat' dir='ltr'>passione</span> <span class='ocrx_word' id='word_1_184' title='bbox 494 2031 815 2079; x_wconf 88' lang='lat' dir='ltr'>tribulationis</span> <span class='ocrx_word' id='word_1_185' title='bbox 846 2029 1072 2078; x_wconf 91' lang='lat' dir='ltr'>coelestis</span> <span class='ocrx_word' id='word_1_186' title='bbox 1103 2029 1312 2092; x_wconf 88' lang='lat' dir='ltr'>Angliae</span> <span class='ocrx_word' id='word_1_187' title='bbox 1343 2039 1579 2093; x_wconf 90' lang='lat' dir='ltr'>perpetuo</span> <span class='ocrx_word' id='word_1_188' title='bbox 1612 2030 1882 2093; x_wconf 91' lang='lat' dir='ltr'>praemiari,</span> 
     </span>
    </p>
   </div>
   <div class='ocr_carea' id='block_1_14' title="bbox 19 2107 1883 2176">
    <p class='ocr_par' dir='ltr' id='par_1_14' title="bbox 19 2107 1883 2176">
     <span class='ocr_line' id='line_1_22' title="bbox 19 2107 1883 2176; baseline -0.002 -13"><span class='ocrx_word' id='word_1_189' title='bbox 19 2156 22 2163; x_wconf 92' lang='lat'><em>.</em></span> <span class='ocrx_word' id='word_1_190' title='bbox 52 2107 56 2110; x_wconf 45' lang='lat'><strong>⁴</strong></span> <span class='ocrx_word' id='word_1_191' title='bbox 121 2112 198 2161; x_wconf 87' lang='lat' dir='ltr'>vel</span> <span class='ocrx_word' id='word_1_192' title='bbox 231 2127 322 2176; x_wconf 90' lang='lat' dir='ltr'>pro</span> <span class='ocrx_word' id='word_1_193' title='bbox 355 2113 698 2176; x_wconf 88' lang='lat' dir='ltr'>ingratitudine</span> <span class='ocrx_word' id='word_1_194' title='bbox 732 2121 969 2176; x_wconf 90' lang='lat' dir='ltr'>perpetuo</span> <span class='ocrx_word' id='word_1_195' title='bbox 1008 2113 1220 2161; x_wconf 89' lang='lat' dir='ltr'>cruciari.</span> <span class='ocrx_word' id='word_1_196' title='bbox 1294 2112 1542 2160; x_wconf 88' lang='lat' dir='ltr'>Stantibus</span> <span class='ocrx_word' id='word_1_197' title='bbox 1579 2120 1743 2161; x_wconf 89' lang='lat' dir='ltr'>autem</span> <span class='ocrx_word' id='word_1_198' title='bbox 1781 2112 1883 2160; x_wconf 89' lang='lat' dir='ltr'>istis</span> 
     </span>
    </p>
   </div>
   <div class='ocr_carea' id='block_1_15' title="bbox 62 2194 1886 2504">
    <p class='ocr_par' dir='ltr' id='par_1_15' title="bbox 62 2194 1886 2504">
     <span class='ocr_line' id='line_1_23' title="bbox 122 2194 1883 2259; baseline 0 -17"><span class='ocrx_word' id='word_1_199' title='bbox 122 2194 388 2254; x_wconf 83' lang='lat' dir='ltr'>virtutibuS,</span> <span class='ocrx_word' id='word_1_200' title='bbox 425 2209 529 2244; x_wconf 90' lang='lat' dir='ltr'>non</span> <span class='ocrx_word' id='word_1_201' title='bbox 567 2195 732 2244; x_wconf 89' lang='lat' dir='ltr'>subest</span> <span class='ocrx_word' id='word_1_202' title='bbox 770 2194 1022 2259; x_wconf 87' lang='lat' dir='ltr'>aufugium</span> <span class='ocrx_word' id='word_1_203' title='bbox 1061 2195 1356 2255; x_wconf 83' lang='lat' dir='ltr'>excusandi;</span> <span class='ocrx_word' id='word_1_204' title='bbox 1410 2195 1524 2243; x_wconf 91' lang='lat' dir='ltr'>ideo</span> <span class='ocrx_word' id='word_1_205' title='bbox 1567 2202 1754 2243; x_wconf 88' lang='lat' dir='ltr'>certum</span> <span class='ocrx_word' id='word_1_206' title='bbox 1795 2202 1883 2252; x_wconf 92' lang='lat' dir='ltr'>est,</span> 
     </span>
     <span class='ocr_line' id='line_1_24' title="bbox 122 2275 1882 2342; baseline 0 -18"><span class='ocrx_word' id='word_1_207' title='bbox 122 2275 259 2340; x_wconf 88' lang='lat' dir='ltr'>quod</span> <span class='ocrx_word' id='word_1_208' title='bbox 293 2276 415 2326; x_wconf 91' lang='lat' dir='ltr'>sicut</span> <span class='ocrx_word' id='word_1_209' title='bbox 453 2277 723 2326; x_wconf 88' lang='lat' dir='ltr'>secundum</span> <span class='ocrx_word' id='word_1_210' title='bbox 765 2277 1086 2342; x_wconf 91' lang='lat' dir='ltr'>philosophos</span> <span class='ocrx_word' id='word_1_211' title='bbox 1120 2284 1222 2325; x_wconf 90' lang='lat' dir='ltr'>tam</span> <span class='ocrx_word' id='word_1_212' title='bbox 1258 2279 1452 2325; x_wconf 89' lang='lat' dir='ltr'>virtutes</span> <span class='ocrx_word' id='word_1_213' title='bbox 1489 2277 1698 2325; x_wconf 84' lang='lat' dir='ltr'>morales</span> <span class='ocrx_word' id='word_1_214' title='bbox 1734 2292 1882 2340; x_wconf 91' lang='lat' dir='ltr'>quam</span> 
     </span>
     <span class='ocr_line' id='line_1_25' title="bbox 124 2357 1886 2422; baseline 0 -16"><span class='ocrx_word' id='word_1_215' title='bbox 124 2357 237 2407; x_wconf 81' lang='lat' dir='ltr'>vitia</span> <span class='ocrx_word' id='word_1_216' title='bbox 258 2358 332 2407; x_wconf 90' lang='lat' dir='ltr'>eis</span> <span class='ocrx_word' id='word_1_217' title='bbox 355 2358 584 2422; x_wconf 87' lang='lat' dir='ltr'>opposita</span> <span class='ocrx_word' id='word_1_218' title='bbox 619 2367 732 2407; x_wconf 91' lang='lat' dir='ltr'>sunt</span> <span class='ocrx_word' id='word_1_219' title='bbox 769 2374 1007 2418; x_wconf 86' lang='lat' dir='ltr'>connexa,</span> <span class='ocrx_word' id='word_1_220' title='bbox 1035 2360 1103 2408; x_wconf 91' lang='lat' dir='ltr'>sic</span> <span class='ocrx_word' id='word_1_221' title='bbox 1128 2367 1201 2407; x_wconf 90' lang='lat' dir='ltr'>est</span> <span class='ocrx_word' id='word_1_222' title='bbox 1226 2359 1288 2408; x_wconf 94' lang='lat' dir='ltr'>de</span> <span class='ocrx_word' id='word_1_223' title='bbox 1312 2360 1415 2408; x_wconf 91' lang='lat' dir='ltr'>istis</span> <span class='ocrx_word' id='word_1_224' title='bbox 1446 2360 1597 2408; x_wconf 87' lang='lat' dir='ltr'>tribus</span> <span class='ocrx_word' id='word_1_225' title='bbox 1631 2359 1886 2408; x_wconf 89' lang='lat' dir='ltr'>virtutibus</span> 
     </span>
     <span class='ocr_line' id='line_1_26' title="bbox 62 2438 1221 2504; baseline 0.001 -16"><span class='ocrx_word' id='word_1_226' title='bbox 62 2440 64 2443; x_wconf 83' lang='grc'><strong>’</strong></span> <span class='ocrx_word' id='word_1_227' title='bbox 125 2438 415 2504; x_wconf 85' lang='lat' dir='ltr'>theologicis</span> <span class='ocrx_word' id='word_1_228' title='bbox 438 2449 486 2489; x_wconf 90' lang='lat' dir='ltr'>et</span> <span class='ocrx_word' id='word_1_229' title='bbox 509 2441 607 2490; x_wconf 87' lang='lat' dir='ltr'>suis</span> <span class='ocrx_word' id='word_1_230' title='bbox 631 2441 872 2504; x_wconf 90' lang='lat' dir='ltr'>oppositis</span> <span class='ocrx_word' id='word_1_231' title='bbox 898 2442 1221 2491; x_wconf 90' lang='lat' dir='ltr'>sentiendum.</span> 
     </span>
    </p>
   </div>
   <div class='ocr_carea' id='block_1_16' title="bbox 873 2705 1159 2755">
    <p class='ocr_par' dir='ltr' id='par_1_16' title="bbox 873 2705 1159 2755">
     <span class='ocr_line' id='line_1_27' title="bbox 873 2705 1159 2755; baseline -0.007 0"><span class='ocrx_word' id='word_1_232' title='bbox 873 2705 1031 2755; x_wconf 89' lang='lat' dir='ltr'><strong>CAP.</strong></span> <span class='ocrx_word' id='word_1_233' title='bbox 1072 2706 1159 2754; x_wconf 91' lang='lat' dir='ltr'>IV.</span> 
     </span>
    </p>
   </div>
   <div class='ocr_carea' id='block_1_17' title="bbox 777 2822 1256 2885">
    <p class='ocr_par' dir='ltr' id='par_1_17' title="bbox 777 2822 1256 2885">
     <span class='ocr_line' id='line_1_28' title="bbox 777 2822 1256 2885; baseline -0.004 -14"><span class='ocrx_word' id='word_1_234' title='bbox 777 2822 852 2871; x_wconf 84' lang='lat' dir='ltr'>De</span> <span class='ocrx_word' id='word_1_235' title='bbox 876 2830 1051 2871; x_wconf 80' lang='lat' dir='ltr'>natura</span> <span class='ocrx_word' id='word_1_236' title='bbox 1067 2823 1256 2885; x_wconf 79' lang='lat' dir='ltr'>peccati.</span> 
     </span>
    </p>
   </div>
   <div class='ocr_carea' id='block_1_18' title="bbox 68 2936 1898 3252">
    <p class='ocr_par' dir='ltr' id='par_1_18' title="bbox 68 2936 1898 3252">
     <span class='ocr_line' id='line_1_29' title="bbox 201 2936 1898 2999; baseline -0.004 -9"><span class='ocrx_word' id='word_1_237' title='bbox 201 2941 404 2990; x_wconf 81' lang='lat' dir='ltr'>Alithz&#39;a.</span> <span class='ocrx_word' id='word_1_238' title='bbox 474 2940 761 2999; x_wconf 90' lang='lat' dir='ltr'>Contentor‚</span> <span class='ocrx_word' id='word_1_239' title='bbox 786 2941 855 2988; x_wconf 92' lang='lat' dir='ltr'>mi</span> <span class='ocrx_word' id='word_1_240' title='bbox 880 2939 1024 2988; x_wconf 90' lang='lat' dir='ltr'>frater</span> <span class='ocrx_word' id='word_1_241' title='bbox 1047 2938 1324 2995; x_wconf 89' lang='lat' dir='ltr'>Phronesis,</span> <span class='ocrx_word' id='word_1_242' title='bbox 1351 2936 1411 2985; x_wconf 88' lang='lat' dir='ltr'>de</span> <span class='ocrx_word' id='word_1_243' title='bbox 1446 2937 1536 2986; x_wconf 90' lang='lat' dir='ltr'>ista</span> <span class='ocrx_word' id='word_1_244' title='bbox 1569 2937 1822 2995; x_wconf 88' lang='lat' dir='ltr'>sententia,</span> <span class='ocrx_word' id='word_1_245' title='bbox 1849 2945 1898 2985; x_wconf 91' lang='lat' dir='ltr'>et</span> 
     </span>
     <span class='ocr_line' id='line_1_30' title="bbox 68 3019 1895 3088; baseline -0.004 -14"><span class='ocrx_word' id='word_1_246' title='bbox 68 3035 74 3056; x_wconf 68' lang='lat'><em>⁴</em></span> <span class='ocrx_word' id='word_1_247' title='bbox 135 3024 395 3074; x_wconf 87' lang='lat' dir='ltr'>considero</span> <span class='ocrx_word' id='word_1_248' title='bbox 419 3025 555 3088; x_wconf 91' lang='lat' dir='ltr'>quod</span> <span class='ocrx_word' id='word_1_249' title='bbox 579 3024 722 3087; x_wconf 89' lang='lat' dir='ltr'>pauci</span> <span class='ocrx_word' id='word_1_250' title='bbox 746 3023 932 3071; x_wconf 90' lang='lat' dir='ltr'>viantes</span> <span class='ocrx_word' id='word_1_251' title='bbox 959 3030 1072 3070; x_wconf 92' lang='lat' dir='ltr'>sunt</span> <span class='ocrx_word' id='word_1_252' title='bbox 1096 3021 1226 3070; x_wconf 81' lang='lat' dir='ltr'>istis⁷</span> <span class='ocrx_word' id='word_1_253' title='bbox 1252 3021 1503 3068; x_wconf 90' lang='lat' dir='ltr'>virtutibus</span> <span class='ocrx_word' id='word_1_254' title='bbox 1524 3019 1752 3077; x_wconf 90' lang='lat' dir='ltr'>decorati,</span> <span class='ocrx_word' id='word_1_255' title='bbox 1778 3019 1895 3082; x_wconf 92' lang='lat' dir='ltr'>quin</span> 
     </span>
     <span class='ocr_line' id='line_1_31' title="bbox 133 3100 1893 3171; baseline -0.005 -16"><span class='ocrx_word' id='word_1_256' title='bbox 133 3106 311 3171; x_wconf 82' lang='lat' dir='ltr'>potiuS,</span> <span class='ocrx_word' id='word_1_257' title='bbox 331 3107 550 3170; x_wconf 91' lang='lat' dir='ltr'>quamvis</span> <span class='ocrx_word' id='word_1_258' title='bbox 567 3107 723 3154; x_wconf 89' lang='lat' dir='ltr'>verbis</span> <span class='ocrx_word' id='word_1_259' title='bbox 743 3104 1070 3168; x_wconf 90' lang='lat' dir='ltr'>superaddant</span> <span class='ocrx_word' id='word_1_260' title='bbox 1087 3103 1358 3160; x_wconf 89' lang='lat' dir='ltr'>mendacia,</span> <span class='ocrx_word' id='word_1_261' title='bbox 1379 3110 1490 3150; x_wconf 92' lang='lat' dir='ltr'>sunt</span> <span class='ocrx_word' id='word_1_262' title='bbox 1507 3110 1672 3149; x_wconf 87' lang='lat' dir='ltr'>tamen</span> <span class='ocrx_word' id='word_1_263' title='bbox 1689 3100 1893 3159; x_wconf 90' lang='lat' dir='ltr'>haeresi,</span> 
     </span>
     <span class='ocr_line' id='line_1_32' title="bbox 137 3181 1896 3252; baseline -0.003 -15"><span class='ocrx_word' id='word_1_264' title='bbox 137 3189 382 3252; x_wconf 86' lang='lat' dir='ltr'>apostasia</span> <span class='ocrx_word' id='word_1_265' title='bbox 415 3197 463 3237; x_wconf 92' lang='lat' dir='ltr'>et</span> <span class='ocrx_word' id='word_1_266' title='bbox 496 3186 825 3251; x_wconf 85' lang='lat' dir='ltr'>blasphemia⁸</span> <span class='ocrx_word' id='word_1_267' title='bbox 860 3186 1111 3249; x_wconf 88' lang='lat' dir='ltr'>deturpati.</span> <span class='ocrx_word' id='word_1_268' title='bbox 1182 3185 1247 3232; x_wconf 92' lang='lat' dir='ltr'>Et</span> <span class='ocrx_word' id='word_1_269' title='bbox 1270 3184 1718 3247; x_wconf 90' lang='lat' dir='ltr'>quomodocunque</span> <span class='ocrx_word' id='word_1_270' title='bbox 1753 3181 1896 3231; x_wconf 90' lang='lat' dir='ltr'>fuerit</span> 
     </span>
    </p>
   </div>
   <div class='ocr_carea' id='block_1_19' title="bbox 138 3304 1896 3635">
    <p class='ocr_par' dir='ltr' id='par_1_19' title="bbox 138 3304 1896 3442">
     <span class='ocr_line' id='line_1_33' title="bbox 193 3304 1896 3364; baseline -0.004 -13"><span class='ocrx_word' id='word_1_271' title='bbox 193 3311 209 3336; x_wconf 88' lang='lat'>¹</span> <span class='ocrx_word' id='word_1_272' title='bbox 236 3309 630 3364; x_wconf 78' lang='lat' dir='ltr'>praevaricatoribus</span> <span class='ocrx_word' id='word_1_273' title='bbox 642 3308 747 3364; x_wconf 89' lang='lat' dir='ltr'>legis</span> <span class='ocrx_word' id='word_1_274' title='bbox 758 3307 994 3361; x_wconf 89' lang='lat' dir='ltr'>hominum]</span> <span class='ocrx_word' id='word_1_275' title='bbox 1008 3306 1382 3361; x_wconf 87' lang='lat' dir='ltr'>praevaricantibus</span> <span class='ocrx_word' id='word_1_276' title='bbox 1397 3305 1508 3358; x_wconf 86' lang='lat' dir='ltr'>leges</span> <span class='ocrx_word' id='word_1_277' title='bbox 1528 3305 1756 3351; x_wconf 89' lang='lat' dir='ltr'>hominum,</span> <span class='ocrx_word' id='word_1_278' title='bbox 1772 3304 1896 3352; x_wconf 85' lang='lat' dir='ltr'><strong>A.C.;</strong></span> 
     </span>
     <span class='ocr_line' id='line_1_34' title="bbox 138 3359 1896 3442; baseline -0.004 -37"><span class='ocrx_word' id='word_1_279' title='bbox 138 3364 515 3442; x_wconf 65' lang='lat' dir='ltr'>praevaricantibus</span> <span class='ocrx_word' id='word_1_280' title='bbox 539 3364 643 3418; x_wconf 87' lang='lat' dir='ltr'>legis</span> <span class='ocrx_word' id='word_1_281' title='bbox 668 3364 838 3410; x_wconf 89' lang='lat' dir='ltr'>homini,</span> <span class='ocrx_word' id='word_1_282' title='bbox 864 3364 927 3404; x_wconf 87' lang='lat' dir='ltr'>ed.</span> <span class='ocrx_word' id='word_1_283' title='bbox 954 3376 1016 3416; x_wconf 88' lang='lat' dir='ltr'>pr.</span> <span class='ocrx_word' id='word_1_284' title='bbox 1356 3360 1372 3383; x_wconf 81' lang='lat'>²</span> <span class='ocrx_word' id='word_1_285' title='bbox 1400 3359 1553 3412; x_wconf 87' lang='lat' dir='ltr'>diligit]</span> <span class='ocrx_word' id='word_1_286' title='bbox 1574 3359 1730 3437; x_wconf 60' lang='lat' dir='ltr'>dffiffat’</span> <span class='ocrx_word' id='word_1_287' title='bbox 1750 3360 1815 3400; x_wconf 88' lang='lat' dir='ltr'>ed.</span> <span class='ocrx_word' id='word_1_288' title='bbox 1835 3373 1896 3413; x_wconf 86' lang='lat' dir='ltr'>pr.</span> 
     </span>
    </p>

    <p class='ocr_par' dir='ltr' id='par_1_20' title="bbox 139 3414 1895 3635">
     <span class='ocr_line' id='line_1_35' title="bbox 175 3414 1895 3472; baseline -0.002 -13"><span class='ocrx_word' id='word_1_289' title='bbox 175 3431 204 3459; x_wconf 82' lang='lat' dir='ltr'>a</span> <span class='ocrx_word' id='word_1_290' title='bbox 221 3418 337 3472; x_wconf 84' lang='lat' dir='ltr'>rege]</span> <span class='ocrx_word' id='word_1_291' title='bbox 357 3418 478 3472; x_wconf 85' lang='lat' dir='ltr'>regis,</span> <span class='ocrx_word' id='word_1_292' title='bbox 497 3418 562 3459; x_wconf 88' lang='lat' dir='ltr'>ed.</span> <span class='ocrx_word' id='word_1_293' title='bbox 581 3431 643 3471; x_wconf 90' lang='lat' dir='ltr'>pr.</span> <span class='ocrx_word' id='word_1_294' title='bbox 827 3417 842 3442; x_wconf 78' lang='lat'><strong>⁴</strong></span> <span class='ocrx_word' id='word_1_295' title='bbox 868 3417 1054 3470; x_wconf 89' lang='lat' dir='ltr'>inquam]</span> <span class='ocrx_word' id='word_1_296' title='bbox 1076 3418 1225 3469; x_wconf 87' lang='lat' dir='ltr'>itaque,</span> <span class='ocrx_word' id='word_1_297' title='bbox 1247 3414 1403 3455; x_wconf 91' lang='lat' dir='ltr'><strong>A.B.C.</strong></span> <span class='ocrx_word' id='word_1_298' title='bbox 1692 3414 1791 3467; x_wconf 81' lang='lat' dir='ltr'>ista]</span> <span class='ocrx_word' id='word_1_299' title='bbox 1812 3427 1895 3455; x_wconf 88' lang='lat' dir='ltr'>om.</span> 
     </span>
     <span class='ocr_line' id='line_1_36' title="bbox 139 3468 1894 3526; baseline -0.003 -12"><span class='ocrx_word' id='word_1_300' title='bbox 139 3472 205 3514; x_wconf 82' lang='lat' dir='ltr'>ed.</span> <span class='ocrx_word' id='word_1_301' title='bbox 223 3485 287 3526; x_wconf 85' lang='lat' dir='ltr'>pr.</span> <span class='ocrx_word' id='word_1_302' title='bbox 532 3472 550 3496; x_wconf 78' lang='lat'><strong>⁶</strong></span> <span class='ocrx_word' id='word_1_303' title='bbox 576 3472 962 3526; x_wconf 89' lang='lat' dir='ltr'>correspondenter]</span> <span class='ocrx_word' id='word_1_304' title='bbox 976 3475 1280 3523; x_wconf 87' lang='lat' dir='ltr'>consequenter,</span> <span class='ocrx_word' id='word_1_305' title='bbox 1296 3468 1420 3515; x_wconf 89' lang='lat' dir='ltr'><strong>A.B.;</strong></span> <span class='ocrx_word' id='word_1_306' title='bbox 1455 3481 1600 3508; x_wconf 86' lang='lat' dir='ltr'>manus</span> <span class='ocrx_word' id='word_1_307' title='bbox 1614 3468 1828 3514; x_wconf 83' lang='lat' dir='ltr'>secundae,</span> <span class='ocrx_word' id='word_1_308' title='bbox 1845 3468 1894 3510; x_wconf 93' lang='lat' dir='ltr'>C.</span> 
     </span>
     <span class='ocr_line' id='line_1_37' title="bbox 139 3522 1895 3580; baseline -0.003 -12"><span class='ocrx_word' id='word_1_309' title='bbox 139 3525 156 3550; x_wconf 86' lang='lat'>⁷</span> <span class='ocrx_word' id='word_1_310' title='bbox 183 3526 292 3580; x_wconf 84' lang='lat' dir='ltr'>istis]</span> <span class='ocrx_word' id='word_1_311' title='bbox 311 3527 355 3568; x_wconf 87' lang='lat' dir='ltr'>in</span> <span class='ocrx_word' id='word_1_312' title='bbox 374 3526 474 3573; x_wconf 88' lang='lat' dir='ltr'>istis,</span> <span class='ocrx_word' id='word_1_313' title='bbox 498 3526 652 3567; x_wconf 89' lang='lat' dir='ltr'>B.C.A.</span> <span class='ocrx_word' id='word_1_314' title='bbox 673 3527 829 3580; x_wconf 80' lang='lat' dir='ltr'>piimae</span> <span class='ocrx_word' id='word_1_315' title='bbox 848 3539 1006 3566; x_wconf 89' lang='lat' dir='ltr'>manus.</span> <span class='ocrx_word' id='word_1_316' title='bbox 1283 3524 1298 3547; x_wconf 65' lang='grc' dir='ltr'><strong>Β</strong></span> <span class='ocrx_word' id='word_1_317' title='bbox 1326 3522 1481 3563; x_wconf 82' lang='lat' dir='ltr'>haeresi</span> <span class='ocrx_word' id='word_1_318' title='bbox 1500 3523 1708 3576; x_wconf 88' lang='lat' dir='ltr'>apostasia</span> <span class='ocrx_word' id='word_1_319' title='bbox 1727 3528 1768 3563; x_wconf 88' lang='lat' dir='ltr'>et</span> <span class='ocrx_word' id='word_1_320' title='bbox 1787 3522 1895 3563; x_wconf 78' lang='lat' dir='ltr'>blas-</span> 
     </span>
     <span class='ocr_line' id='line_1_38' title="bbox 139 3577 1768 3635; baseline -0.001 -14"><span class='ocrx_word' id='word_1_321' title='bbox 139 3579 325 3635; x_wconf 88' lang='lat' dir='ltr'>phemia]</span> <span class='ocrx_word' id='word_1_322' title='bbox 345 3581 502 3623; x_wconf 88' lang='lat' dir='ltr'>haeresi</span> <span class='ocrx_word' id='word_1_323' title='bbox 521 3581 778 3634; x_wconf 86' lang='lat' dir='ltr'>apostasiaca</span> <span class='ocrx_word' id='word_1_324' title='bbox 798 3587 840 3622; x_wconf 91' lang='lat' dir='ltr'>et</span> <span class='ocrx_word' id='word_1_325' title='bbox 858 3580 1174 3633; x_wconf 86' lang='lat' dir='ltr'>blasphemiaca,</span> <span class='ocrx_word' id='word_1_326' title='bbox 1196 3577 1299 3618; x_wconf 86' lang='lat' dir='ltr'>A.13.</span> <span class='ocrx_word' id='word_1_327' title='bbox 1320 3590 1465 3617; x_wconf 84' lang='lat' dir='ltr'>manus</span> <span class='ocrx_word' id='word_1_328' title='bbox 1485 3577 1699 3623; x_wconf 86' lang='lat' dir='ltr'>secundae,</span> <span class='ocrx_word' id='word_1_329' title='bbox 1719 3577 1768 3619; x_wconf 88' lang='lat' dir='ltr'>C.</span> 
     </span>
    </p>
   </div>
   <div class='ocr_carea' id='block_1_20' title="bbox 2012 443 2113 498">
    <p class='ocr_par' dir='ltr' id='par_1_21' title="bbox 2012 443 2113 498">
     <span class='ocr_line' id='line_1_39' title="bbox 2012 443 2113 498; baseline -0.01 0"><span class='ocrx_word' id='word_1_330' title='bbox 2012 443 2113 498; x_wconf 84' lang='lat'>139</span> 
     </span>
    </p>
   </div>
  </div>
 </body>
</html>
