2436 4094
142 460 293 497 caiam.
629 467 631 470 ⁴
721 444 1311 496 ‘TRIALOGUS

144 580 350 628 strictius
374 580 586 643 obligati,
612 580 724 643 quia
755 580 891 644 quod
923 577 1130 642 amplius
1164 589 1250 639 est,
1276 581 1458 629 nedum
1484 596 1513 630 a
1535 581 1666 629 malo
1699 588 1783 638 est,
1811 580 1898 629 sed

143 661 268 724 s‘apit
301 661 545 710 avaritiam
585 670 634 710 et
674 662 874 724 exponit
914 661 1146 724 cupidum
1187 663 1402 726 periculo
1446 663 1691 726 spirituali.
1763 663 1896 710 Nam

143 742 262 805 quid
284 743 409 792 valet
431 743 548 792 illud
571 743 705 806 quod
729 751 961 806 superest,
987 759 1099 791 cum
1123 759 1226 791 non
1258 744 1456 807 prodest
1487 745 1679 807 corpori
1703 751 1897 792 mortuo

143 812 196 872 in
230 824 487 888 sepulchro
516 840 609 873 nec
639 811 844 884 animae,
871 825 963 873 nisi
988 825 1049 872 de
1085 834 1268 887 quanto
1296 826 1385 873 sibi
1420 827 1634 888 proderit
1669 826 1731 875 ad
1755 824 1898 873 meri-

82 914 86 919 ’
136 913 248 955 ‘tum
271 906 368 954 sive
393 907 646 955 virtutem?

207 985 434 1035 Pseustzlr.
505 987 665 1036 Video
681 988 814 1051 quod
833 989 1011 1051 allegas
1027 990 1313 1052 scripturam
1333 990 1581 1052 antiquam
1597 988 1897 1053 corruptaml

135 1077 288 1132 ‘atque
334 1068 642 1118 falsissimam
689 1077 735 1118 et
783 1070 1019 1118 dotationi
1066 1072 1363 1133 approbatae
1412 1072 1735 1130 contrariam;
1791 1071 1898 1134 quis

141 1151 275 1199 enim
298 1150 484 1200 dubitat
506 1152 625 1213 quin
647 1151 822 1200 falsum
848 1153 920 1210 sit,
946 1152 1081 1215 quod
1104 1153 1222 1200 nihil
1245 1153 1492 1200 intulimus
1517 1153 1568 1199 in
1599 1152 1730 1200 hunc
1755 1168 1897 1200 mun-

141 1231 275 1292 dum,
300 1235 413 1281 'curn
436 1241 622 1282 eertum
645 1234 718 1293 sit,
739 1234 874 1297 quod
897 1249 1071 1282 omnes
1095 1234 1336 1296 potentias
1362 1235 1552 1281 animae
1577 1242 1770 1283 nostrae
1795 1250 1898 1282 non

131 1314 413 1378 organicaS,
437 1322 484 1364 et
506 1330 595 1378 per
617 1330 925 1378 consequens
943 1317 1136 1363 virtutes
1160 1316 1400 1364 naturales
1423 1315 1670 1364 intulimus
1695 1316 1744 1363 in
1768 1316 1898 1364 hunc

143 1388 418 1464 mundum?
477 1395 641 1455 Quam
660 1396 834 1446 falsum
854 1412 971 1460 ergo
991 1406 1063 1446 est
1087 1397 1221 1460 quod
1245 1397 1362 1445 nihil
1386 1397 1659 1446 intulimus!
1714 1397 1778 1445 Et
1801 1397 1898 1445 evi-

142 1474 335 1525 dentius
357 1476 478 1526 falsa
501 1485 575 1526 est
600 1479 800 1544 ⁴secunda
831 1478 1065 1541 particula
1095 1486 1254 1526 textus
1287 1478 1495 1541 apostoli
1520 1492 1671 1540 quarn
1705 1477 1899 1539 allegas,

143 1557 338 1617 scilicet,
363 1558 498 1621 quod
533 1573 636 1606 non
678 1559 880 1607 dubium
915 1558 1032 1608 nihil
1068 1559 1209 1607 inde2
1244 1559 1427 1607 auferre
1463 1574 1725 1622 possumus
1734 1558 1765 1617 ³,
1794 1566 1899 1606 tum

143 1640 258 1702 quia
274 1639 517 1703 potentias
535 1641 774 1689 naturales
793 1641 984 1688 animae
1004 1640 1190 1688 auferre
1209 1655 1470 1703 possumus
1491 1641 1552 1689 de
1576 1640 1671 1688 hoc
1696 1640 1898 1698 mundo,

141 1721 405 1784 inquibus
441 1710 709 1770 secundum
733 1730 871 1770 tuum
903 1722 1151 1769 arbitrium
1186 1722 1599 1785 praemiabimur4,
1625 1721 1700 1769 vel
1724 1721 1763 1769 si
1787 1736 1899 1769 nos-

142 1810 294 1872 trum*-
302 1802 591 1851 demeritum
622 1803 797 1865 exiget,
833 1803 1090 1865 puniemur
1098 1802 1128 1860 ⁵,
1165 1810 1270 1850 tum
1305 1803 1451 1850 etiam
1484 1803 1598 1864 quia
1631 1803 1900 1850 secundum

130 1883 294 1932 'fidem
335 1891 555 1932 nostram
592 1888 604 1909 ‘
619 1899 771 1946 opera
811 1883 1004 1931 illorum
1044 1891 1308 1946 sequuntur
1347 1882 1511 1941 illos⁶‚'
1549 1891 1597 1931 et
1633 1884 1702 1931 sic
1731 1883 1902 1931 merita

144 1965 244 2013 sive
286 1964 519 2015 demerita
559 1964 745 2013 auferre
785 1980 1048 2027 possumus
1090 1965 1151 2013 de
1192 1965 1289 2013 hoc
1326 1965 1525 2012 mundo.
1597 1964 1662 2012 Et
1697 1979 1796 2027 quo
1839 1964 1902 2012 ad

143 2047 328 2095 tertiam
364 2046 647 2109 particulam
689 2054 847 2095 textus
889 2047 1111 2109 apostoli,
1149 2047 1285 2109 quod
1319 2045 1554 2094 habentes
1589 2046 1817 2094 alimenta
1856 2054 1903 2094 et

143 2128 451 2192 tegumenta⁷
496 2127 558 2176 de
603 2128 692 2176 illis
740 2128 976 2176 debemus
1033 2128 1097 2176 ad
1147 2129 1416 2176 maximum
1463 2130 1746 2186 contentari,
1795 2128 1904 2190 quis

145 2209 332 2259 dubitat
365 2209 483 2274 quin
505 2210 707 2258 verbum
741 2209 857 2258 illud
882 2210 942 2258 sit
965 2209 1227 2272 insipidum
1262 2218 1310 2257 et
1344 2209 1592 2268 incultum,
1609 2211 1768 2271 primo
1792 2209 1906 2271 quia

146 2291 209 2341 de
232 2291 528 2340 naturalibus
551 2291 781 2354 potentiis
815 2291 1005 2339 animae
1038 2299 1086 2339 et
1119 2290 1180 2338 de
1212 2291 1455 2339 habitibus
1480 2292 1549 2339 eis
1578 2291 1731 2339 insitis
1755 2291 1904 2339 debe-

145 2388 256 2422 mus
290 2373 496 2436 a'mplius
530 2373 833 2422 contentari?
904 2372 1028 2431 Quis
1065 2373 1251 2421 dubitat
1286 2374 1405 2436 quin
1440 2374 1642 2421 verbum
1678 2373 1796 2421 illud
1838 2389 1905 2419 se-

145 2455 293 2503 cundo
316 2454 376 2503 sit
398 2454 588 2514 falsum,
613 2455 727 2517 quia
750 2455 811 2504 de
836 2456 1016 2504 meritis
1040 2457 1230 2514 nostriS,
1256 2471 1381 2518 quae
1406 2471 1509 2504 non
1534 2464 1646 2504 sunt
1679 2456 1908 2504 alimenta

146 2535 223 2584 vel
245 2543 540 2598 tegumenta,
561 2536 796 2584 debemus
822 2537 1150 2585 contentariss?
1217 2536 1372 2585 Tertio
1391 2538 1517 2599 quia,
1539 2553 1652 2585 cum
1676 2538 1906 2585 alimenta

146 2617 239 2667 ista
260 2624 309 2664 et
331 2624 613 2679 tegumenta
635 2631 738 2665 non
763 2617 858 2664 sint
882 2619 1026 2666 nobis
1050 2618 1192 2667 finale
1224 2618 1508 2680 praemium,
1536 2634 1639 2666 non
1673 2618 1908 2666 debemus

148 2706 261 2748 ante
293 2698 631 2748 executionem
662 2698 786 2747 illius
820 2700 1021 2762 praemii
1041 2700 1260 2763 finaliter
1283 2701 1564 2748 contentari.
1635 2699 1699 2748 Et
1734 2700 1908 2757 ultima

148 2796 264 2831 cum
286 2793 434 2829 nemo
459 2780 519 2829 sit
542 2781 758 2844 prudens
781 2781 864 2843 qui
888 2780 1006 2828 nihil
1028 2781 1174 2829 habet
1197 2797 1312 2844 prae
1336 2781 1562 2829 manibus
1587 2780 1722 2844 quod
1746 2781 1907 2843 ipsum

150 2876 253 2911 non
276 2869 410 2925 tegat
432 2862 507 2910 vel
538 2862 727 2920 nutriat,
753 2877 856 2909 non
889 2862 1126 2910 debemus
1160 2862 1431 2924 adaequate
1465 2862 1525 2909 de
1558 2862 1647 2910 illis
1672 2861 1908 2908 alimentis

138 2951 199 2992 -et
233 2943 523 3007 tegumentis
557 2943 609 2991 in
642 2941 739 2992 hoc
772 2943 936 2991 seculo
969 2943 1251 2992 contentari.
1322 2942 1456 3001 Quid
1490 2942 1638 3005 rogo⁹
1672 2942 1795 2990 valet
1830 2941 1910 2990 illa

151 3033 379 3090 corrupta
403 3025 641 3074 sententia
663 3032 822 3073 textus
847 3026 1055 3088 apostoli
1080 3040 1226 3087 quarn
1251 3025 1465 3086 allegas?

141 3122 144 3126 ’
218 3106 492 3155 Phrenesis.
564 3106 726 3155 Video
774 3107 909 3169 quod
952 3106 1168 3169 captiose
1210 3107 1367 3154 latitas
1409 3105 1471 3153 ad
1517 3105 1907 3168 impugnandum

150 3196 336 3238 textum
353 3187 466 3237 fidei
484 3189 746 3251 scripturae
765 3202 912 3250 quem
938 3202 1039 3235 non
1059 3187 1295 3249 intelligiS.
1369 3187 1490 3235 Ideo
1515 3188 1725 3249 primum
1750 3187 1908 3236 discas

208 3369 222 3392 ¹
251 3366 508 3420 corruptam]
522 3367 765 3419 scripturam
778 3372 1027 3420 corruptam,
1048 3368 1095 3407 C.
1113 3368 1313 3408 secundae
1328 3380 1486 3413 manus,
1499 3368 1561 3406 ed.
1578 3380 1638 3419 pr.
1749 3367 1765 3391 ²
1792 3367 1907 3421 inde]

153 3434 237 3463 om.
268 3421 425 3462 A.B.c.
534 3421 550 3444 ³
577 3420 814 3473 possumus]
846 3433 1064 3473 possumus
1097 3422 1148 3460 de
1181 3422 1260 3461 hoc
1288 3422 1456 3467 mundo,
1487 3421 1642 3461 A.B.C.
1752 3421 1768 3445 ⁴
1795 3434 1910 3475 prae-

154 3474 394 3528 miabimur]
414 3475 762 3528 praemiabuntur,
783 3474 846 3514 ed.
867 3488 928 3527 pr.
1211 3476 1227 3498 ⁶
1254 3475 1488 3527 puniemur]
1510 3476 1740 3528 punientur,
1761 3477 1826 3517 ed.
1847 3491 1909 3530 pr.

155 3529 172 3553 ⁶
198 3529 251 3571 cf.
271 3529 310 3569 A
342 3542 405 3570 oc.
424 3529 504 3569 xiv.
524 3540 587 3579 13.
764 3527 780 3551 ⁷
809 3533 849 3568 et
870 3529 1125 3582 tegumenta]
1148 3543 1228 3569 om.
1251 3530 1406 3570 A.B.C.
1430 3530 1492 3569 ed.
1514 3543 1575 3582 pr.
1770 3531 1785 3554 ⁸
1813 3545 1923 3582 cons

157 3583 306 3624 tentari
346 3582 503 3637 plurius
522 3583 763 3627 contentari,
784 3582 846 3622 ed.
867 3595 926 3635 pr.
1043 3588 1047 3590 ’
1092 3584 1108 3606 ⁹
1140 3583 1260 3635 rogo]
1283 3596 1393 3635 ergo,
1416 3583 1470 3623 D.
1917 3591 1923 3608 ³

227 3666 525 3702 TRIALOGUS.
1030 3668 1060 3698 O

2037 459 2138 513 193

1956 997 2106 1033 ArgutIae
2118 1005 2188 1032 pro-

1955 1032 2096 1061 feruntur
2106 1040 2115 1066 ς

1965 3120 2094 3147 eaedem
2106 3120 2209 3148 redar-

1965 3158 2109 3188 guuntur.
