2424 4120
54 431 268 472 can„
709 414 1275 464 TRIALOGUS.

120 546 332 613 quanto¹
378 548 605 596 verbum²
650 548 711 598 de
766 550 1114 598 resurrectione
1163 549 1355 608 Christi,
1404 549 1538 613 quod
1589 565 1651 597 ex
1698 549 1871 598 causa³

41 646 48 671 ἰ
121 629 315 679 notoria
361 629 506 678 debet
550 629 695 679 latere
745 644 916 679 sensus
956 630 1224 688 hominum,
1266 646 1327 678 ex
1368 639 1467 679 tam
1515 630 1698 680 efficaci
1739 632 1871 680 testi-

40 758 42 760 .
107 709 292 759 *monio
328 717 402 759 est
440 710 740 773 probatum*⁸
813 709 910 758 Sex
950 710 1082 757 enim
1120 711 1366 773 praedicta
1405 711 1697 760 testimonia
1732 727 1870 760 sanc·
1917 740 1919 742 -

6 812 9 813 ⁷
45 832 47 834 .
119 799 283 842 torum
305 799 407 842 tam
429 800 558 842 recte
585 793 845 841 viventium
881 792 1122 841 sufficiunt
1156 794 1219 842 ad
1255 794 1435 843 dictum
1472 794 1582 843 fidei
1619 795 1871 844 articulum

46 903 49 905 ,
118 874 460 923 attestandum.
528 873 592 921 Et
626 873 739 922 hinc
774 873 1026 936 apostolus
1067 883 1419 924 commemorat
1464 877 1583 925 istos
1631 878 1870 936 articuIOS‚

38 947 47 994 s
118 955 204 1019 qui
228 969 290 1004 ex
318 955 415 1014 fide
449 955 710 1018 scripturae
746 963 794 1023 et
828 970 932 1003 non
968 956 1330 1017 experimentali
1368 959 1641 1006 sensatione
1677 960 1872 1021 probari

59 1080 66 1084 ,
121 1037 316 1096 debent,
359 1036 492 1101 quod
539 1037 610 1085 sic
658 1037 922 1100 contingit⁶
964 1037 1233 1085 secundum
1274 1038 1546 1100 scripturas,
1589 1048 1642 1087 ut
1682 1041 1757 1088 vel
1804 1041 1872 1089 sic
1920 1058 1925 1062 “

47 1151 49 1153 -
125 1119 373 1168 discamus
395 1127 646 1182 expertam
662 1133 750 1181 per
768 1119 926 1167 lucem
946 1118 1222 1167 sensibilem
1240 1121 1487 1168 veritatem
1508 1122 1644 1184 sequi
1654 1122 1685 1180 ⁶,
1706 1123 1872 1170 creda-

119 1213 230 1251 mus
252 1215 341 1264 per
363 1199 512 1249 fidem
544 1200 820 1263 scripturae,
846 1200 980 1263 quod
1003 1201 1176 1249 veritas
1210 1202 1430 1250 sensibus
1463 1203 1640 1251 nostris
1665 1204 1874 1251 abscon-

46 1299 62 1311 ”
120 1281 221 1332 dita
254 1289 329 1331 est
362 1290 412 1330 et
445 1289 587 1331 certa.
658 1281 788 1330 Cum
822 1283 953 1330 enim
988 1297 1090 1330 non
1126 1282 1360 1331 debemus
1396 1284 1601 1346 experiri
1636 1298 1873 1332 resurrec-

43 1352 50 1355 ⁴
123 1363 311 1413 tionem
335 1362 513 1412 Christi
536 1378 629 1414 nec
660 1371 869 1411 mortem
902 1364 1005 1427 ejus
1037 1379 1128 1426 pro
1162 1365 1373 1426 peccatis
1405 1366 1595 1422 nostriS,
1623 1366 1873 1427 signanter

118 1444 337 1496 annectit
377 1444 628 1508 apostolus
669 1445 732 1492 ad
772 1445 893 1493 haec
941 1445 1038 1493 duo
1081 1446 1214 1508 quod
1262 1446 1357 1494 sic⁷
1396 1446 1554 1494 evenit
1602 1446 1874 1495 secundum

34 1522 39 1577 Ϊ
117 1526 455 1576 testimonium
480 1526 835 1589 scripturarum.

186 1606 334 1656 Unde
351 1608 542 1656 secundo
561 1608 812 1670 apostolus
836 1623 924 1670 per
940 1608 1191 1671 multiplex
1216 1608 1464 1657 deducens
1488 1608 1550 1657 ad
1574 1609 1876 1672 impossibile

39 1699 47 1752 j
120 1689 296 1754 probat
325 1689 454 1737 hanc
487 1687 667 1738 Christi
697 1690 1126 1737 resurrectionem:
1170 1693 1182 1715 ‘
1200 1689 1264 1747 Si,
1290 1690 1459 1752 inquit,
1485 1690 1704 1739 Christus
1735 1705 1876 1752 prae-

36 1798 39 1802 >
120 1770 309 1820 dicatur
347 1769 482 1833 quod
522 1770 779 1818 resurrexit
813 1786 842 1818 a
876 1771 1092 1829 mortuiS‚
1129 1771 1382 1833 quomodo
1419 1771 1620 1833 quidam
1650 1772 1701 1818 in
1736 1772 1876 1819 vobis

32 1856 36 1918 ξ
120 1851 300 1911 dicunt,
333 1851 469 1916 quod
499 1852 783 1900 resurrectio
815 1859 1120 1900 mortuorum
1152 1867 1255 1899 non
1286 1854 1390 1900 est?
1440 1852 1490 1900 Si
1522 1859 1684 1900 autem
1720 1868 1877 1901 resur-

43 1985 45 1989 ,
117 1933 270 1983 rectio
294 1941 598 1998 mortuorum
622 1947 725 1981 non
756 1940 844 1991 est,
870 1948 1029 1996 neque
1054 1932 1273 1982 Christus
1296 1934 1566 1982 resurrexit.
1638 1934 1690 1981 Si
1715 1943 1879 1982 autem

37 2023 44 2055 ἵ
121 2011 342 2065 Christus
364 2030 469 2064 non
487 2000 768 2074 resurrexit,
794 2015 951 2063 inanis
975 2023 1048 2063 est
1079 2016 1375 2077 praedicatio
1410 2024 1590 2074 nostra,
1615 2016 1774 2064 inanis
1807 2023 1880 2063 est

120 2105 169 2147 et
191 2096 314 2146 fides
345 2103 528 2155 nostra,
553 2095 876 2144 inveniemur⁸
901 2105 1062 2146 autem
1095 2096 1203 2145 falsi
1234 2105 1383 2145 testes
1406 2097 1515 2156 Dei,
1541 2098 1624 2159 qui
1657 2097 1879 2146 testifica-

37 2173 39 2175 *
119 2179 307 2228 tionem
357 2177 568 2227 diximus
609 2178 839 2226 adversus
879 2177 1043 2227 Deum
1083 2178 1219 2241 quod
1259 2178 1576 2228 suscitaverit⁹
1618 2178 1879 2236 Christum,

120 2274 399 2325 quem-non
421 2259 720 2318 suscitavit10,
745 2261 784 2308 si
807 2261 984 2308 mortui
1008 2274 1111 2308 non
1137 2269 1408 2325 resurgunt.
1479 2260 1611 2308 Nam
1636 2260 1676 2309 si
1700 2260 1879 2307 mortui

27 2337 43 2411 J
120 2356 227 2392 non
261 2350 532 2404 resurgunt,
557 2356 718 2405 neque
743 2340 962 2390 Christus
985 2343 1267 2402 resurrexit3
1306 2342 1442 2404 quod
1467 2342 1506 2390 si
1532 2341 1752 2392 Christus
1777 2356 1881 2389 non

34 2409 48 2480 ¹1
120 2423 396 2482 resurrexit,
436 2438 563 2471 vana
603 2430 677 2471 est
717 2422 840 2471 fides
882 2431 1062 2482 nostra,
1105 2438 1223 2486 ergo
1266 2431 1314 2471 et
1356 2423 1440 2485 qui
1482 2423 1783 2472 dormierunt
1831 2423 1881 2470 in

39 2503 45 2550 .'·
121 2504 322 2556 Christo
335 2505 594 2568 perierunt.
655 2503 737 2564 Si:
757 2505 923 2567 inquit,
944 2505 1022 2551 ‘in
1039 2504 1133 2552 hac
1151 2505 1246 2552 vita
1263 2513 1450 2552 tantum
1473 2505 1525 2552 in
1549 2504 1744 2553 Christo
1770 2519 1884 2566 spe-

28 2606 40 2638 1
108 2595 287 2637 'rantes
312 2601 492 2646 sumus,
524 2585 894 2635 miserabiliores
919 2600 1089 2638 sumus
1111 2587 1338 2634 omnibus
1370 2586 1664 2635 hominibus,
1736 2585 1882 2635 Nunc

33 3173 53 3221 ’.ν
84 3184 91 3209 ὁ

2 2670 3 2674 ’
32 2707 38 2710 ¹-
75 2687 78 2690 ⁴
120 2677 286 2719 autem
304 2667 530 2718 Christus
552 2667 810 2717 resurrexit
834 2682 864 2715 a
886 2668 1090 2715 mortuis
1114 2667 1351 2729 primitiae
1377 2667 1736 2725 dormientium,
1758 2681 1882 2729 quo-

37 2758 40 2764 '
121 2749 258 2801 niam
296 2750 495 2814 quidem
531 2764 619 2812 per
648 2748 901 2797 hominem
936 2763 1069 2796 mors
1104 2755 1152 2796 et
1186 2763 1274 2810 per
1308 2747 1560 2796 hominem
1596 2748 1882 2796 resurrectio

43 2854 46 2862 ·
122 2839 444 2881 mortuorum.
491 2830 566 2879 —Et
585 2831 708 2879 sicut
726 2830 776 2877 in
793 2829 957 2879 Adam
975 2844 1150 2877 omnes
1167 2830 1449 2887 moriuntur,
1468 2829 1533 2877 ita
1550 2836 1597 2877 et
1614 2829 1665 2876 in
1685 2827 1906 2879 Christo

43 2934 46 2936 ’
122 2927 300 2963 omnes
329 2911 729 2961 vivificabuntur!
802 2911 866 2959 Et
898 2927 958 2959 ex
983 2911 1075 2959 isto
1106 2918 1240 2959 textu
1274 2911 1482 2973 apostoli
1512 2918 1644 2974 patet
1668 2910 1884 2973 philoso-
1944 2975 1950 2980 ,

44 3016 49 3028 2
124 2993 236 3059 phis
244 2994 488 3044 u'nutritis
505 2995 557 3042 in
575 2993 851 3042 rudimento
871 2991 983 3040 fidei
1001 3000 1050 3040 et
1072 2993 1342 3040 rectificatis
1366 2993 1417 3039 in
1436 2992 1610 3055 logica,
1630 2992 1884 3055 quomodo

2 3095 5 3097 “
37 3105 40 3114 1
125 3076 271 3141 plane
297 3075 585 3126 resurrectio
609 3082 912 3124 mortuorum
922 3073 959 3100 ¹²
981 3089 1069 3137 per
1091 3074 1368 3137 apostolum
1393 3083 1466 3122 est
1491 3074 1714 3123 deducta.

183 3217 199 3242 ¹
231 3216 407 3271 quanto]
422 3221 576 3270 quanto
590 3216 734 3268 magis,
748 3215 803 3255 D.
819 3214 883 3255 ed.
897 3228 958 3268 pr.
1198 3215 1214 3238 ²
1240 3215 1591 3268 verbum]’verbo‚
1612 3216 1664 3254 A.
1686 3215 1889 3256 secundae

131 3283 294 3319 manus,
314 3272 364 3313 C.
551 3270 568 3295 ⁸
597 3269 740 3322 causa]
761 3283 846 3315 sua,
867 3269 915 3310 B.
934 3269 1091 3322 primae
1108 3282 1267 3314 manuS,
1287 3269 1350 3309 ed.
1370 3283 1432 3321 pr.
1608 3269 1623 3292 4
1650 3269 1889 3323 probatum]

43 3335 46 3368 ζ
134 3325 412 3381 probandum,
431 3325 481 3366 C.
501 3324 660 3378 primae
676 3336 836 3369 manus,
856 3323 905 3363 B.
1041 3323 1058 3347 ⁶
1084 3323 1306 3376 contingit]
1328 3323 1514 3375 contigit,
1535 3323 1588 3362 A.
1697 3322 1714 3345 ⁶
1742 3323 1889 3363 verita-

44 3383 53 3409 ’-
136 3384 226 3421 tem
246 3379 379 3432 sequi]
394 3378 566 3419 veritate
585 3382 772 3430 serpente
791 3377 988 3429 sequenti,
1002 3377 1066 3417 ed.
1082 3390 1144 3429 pr.
1227 3378 1241 3400 ⁷
1271 3377 1348 3429 sic]
1370 3377 1417 3424 si,
1437 3378 1499 3417 ed.
1519 3390 1581 3430 pr.
1667 3376 1683 3400 ⁸
1708 3377 1890 3418 invenie-

50 3454 53 3459 ⁴
136 3433 251 3487 mur]
271 3433 512 3479 invenimur,
533 3432 691 3473 A.B.C.
812 3431 828 3454 ⁹
856 3430 1130 3482 suscitaverit]
1151 3431 1395 3476 excitaverit,
1417 3431 1480 3471 ed.
1501 3444 1562 3483 pr.
1665 3430 1696 3454 ²⁰
1724 3431 1892 3471 suscita-

56 3513 59 3515 -
137 3487 220 3540 vit]
239 3487 443 3532 excitavit,
462 3486 526 3526 ed.
546 3499 608 3539 pr.
711 3485 742 3512 ¹¹
768 3483 1049 3537 philosophis]
1067 3484 1268 3530 fidelibus,
1284 3485 1463 3530 A.B.C.;
1493 3485 1685 3525 omnibus
1704 3484 1892 3525 fidelibus

46 3565 63 3580 ,2
136 3540 408 3596 philosophis,
427 3540 489 3582 ed.
502 3553 565 3594 pr.
675 3539 708 3562 ¹²
734 3538 1011 3591 mortuorum]
1027 3538 1254 3586 hominum,
1271 3539 1372 3578 Α.Β.
1389 3539 1546 3591 primae
1559 3551 1718 3584 manus.
1731 3539 1794 3579 ed.
1804 3551 1871 3592 pr.

945 3621 1083 3656 CC2

2001 414 2103 484 387
