2462 4114
398 401 501 470 336

322 707 369 734 De
385 706 532 733 ecclesiae

320 741 462 767 ministris

320 781 485 807 eorumque

318 808 490 842 generibus.

326 2342 496 2376 separatim

326 2377 434 2404 fratres
449 2375 563 2403 mendi-

326 2416 431 2438 cantes
445 2409 557 2438 descri-

323 2445 443 2472 buntur.

1073 399 1496 462 JOANNIS
1566 400 1914 449 WICLIF
2221 419 2373 448 mnrv.

632 542 704 582 est
738 533 924 581 rariter¹
962 534 1229 581 invenibilis
1271 541 1414 595 atque
1452 534 1664 590 difficilis,
1700 533 1810 582 ideo
1845 534 1956 582 volo
1993 535 2056 582 ab
2091 533 2372 596 hujusmodi

631 615 925 662 irrisionibus
961 630 1040 662 me
1077 630 1279 674 servare,
1304 623 1350 662 et
1373 615 1505 677 loqui
1540 616 1623 663 tibi
1659 616 1719 663 de
1757 615 2009 678 speciebus
2042 615 2373 662 ministrorum

631 696 874 743 ecclesiae.
947 695 1164 744 Christus
1189 704 1349 744 autem
1375 696 1461 744 fuit
1487 712 1704 744 summus
1730 697 1945 744 minister
1969 694 2239 753 ecclesiae²,
2256 688 2373 743 'cum

631 777 898 824 secundum
931 777 1203 839 apostolum
1236 777 1323 825 fuit
1355 778 1571 825 minister
1604 777 2021 825 circumcisionis&
2091 775 2200 825 Nec
2224 775 2372 824 credo

631 859 763 922 quod
782 858 951 920 aliquis
967 859 1025 906 sit
1044 859 1258 907 minister
1272 860 1435 906 matris
1454 867 1645 907 nostrae
1664 859 1930 918 laudabilis,
1946 859 2038 906 nisi
2051 858 2103 906 in
2120 871 2374 906 conversa-

629 942 760 988 tione
786 939 962 988 Christi
985 940 1125 988 fuerit
1142 941 1454 1002 exemplatus.
1506 940 1628 988 Ideo
1652 941 1835 988 videtur
1859 940 1977 987 mihi
2001 939 2145 987 nimis
2169 938 2374 995 difficile,

628 1023 744 1070 istos
778 1022 995 1069 novellos
1032 1022 1227 1070 ordines
1264 1023 1482 1070 stabilire.
1562 1020 1682 1069 Tria
1724 1030 1885 1069 autem
1922 1029 2170 1084 ponuntur
2201 1035 2374 1082 genera

630 1104 946 1151 ministrorum
970 1103 1200 1151 ecclesiae
1227 1105 1317 1150 sub
1342 1118 1393 1150 se
1419 1103 1593 1152 multas
1618 1103 1805 1166 species
1830 1103 2141 1160 continentia,
2165 1115 2375 1164 quorum

631 1185 770 1248 primi
795 1192 840 1232 et
869 1185 1021 1232 infimi
1055 1193 1164 1232 sunt
1194 1185 1435 1247 simplices
1467 1184 1755 1232 laborantes.
1829 1183 2037 1232 Secundi
2069 1182 2240 1231 medii*
2265 1189 2378 1230 sunt

631 1275 905 1329 potentatus
938 1266 1318 1314 ordinationem⁵
1347 1266 1525 1315 Christi
1558 1266 1607 1312 in
1639 1266 1842 1313 ecclesia
1874 1265 2206 1313 defendentes.
2279 1262 2378 1311 Sed

631 1349 842 1411 supremi
868 1356 915 1395 et
944 1347 1096 1395 ultimi
1129 1355 1237 1396 sunt
1267 1348 1544 1395 sacerdotes
1571 1346 1746 1395 Christi
1770 1354 1898 1394 recte
1937 1347 2040 1409 ejus
2075 1344 2378 1407 evangelium

631 1430 964 1492 praedicantes
979 1445 991 1488 ;
1042 1437 1088 1477 et
1112 1430 1187 1477 isti
1211 1429 1416 1477 debent⁶
1450 1444 1556 1476 esse
1591 1429 1729 1490 quasi
1753 1428 1916 1475 anima
1947 1427 2190 1490 corporis⁷
2211 1425 2378 1473 matris

633 1519 838 1559 nostrae.
909 1512 970 1557 In
1005 1512 1105 1558 istis
1146 1518 1307 1558 autem
1346 1518 1416 1558 est
1454 1511 1610 1572 maj0r
1648 1510 1882 1571 deceptio,
1921 1524 2033 1557 cum
2073 1507 2380 1556 antichristus

635 1594 778 1641 habet
821 1594 910 1640 sub
953 1593 1114 1654 specie
1154 1592 1266 1640 cleri
1308 1599 1645 1654 procuratores
1688 1590 1946 1639 duodecim
1993 1597 2162 1638 contra
2203 1588 2380 1637 Christi

636 1675 889 1722 ecclesiam
922 1674 1268 1731 machinantes,
1295 1673 1568 1735 cujusmodi
1601 1679 1847 1734 ponuntur
1880 1672 2200 1720 communiter
2221 1670 2379 1733 papae

635 1765 681 1804 et
713 1756 992 1812 cardinales,
1018 1755 1315 1817 patriarchae
1349 1754 1421 1802 et⁸
1456 1754 1845 1815 archipraesules,
1872 1753 2090 1815 episcopi
2125 1749 2197 1801 et⁸
2225 1750 2380 1799 archi-

636 1837 840 1894 diaconi,
861 1837 1088 1884 officiales
1109 1835 1180 1884 et⁸
1201 1837 1385 1893 decani,
1407 1835 1661 1883 monarchi
1679 1843 1726 1882 et
1745 1835 1965 1882 canonici
1984 1833 2218 1892 bifurcati,
2237 1847 2381 1896 pseu-

637 1918 869 1965 dofratres
904 1917 1160 1965 introducti
1193 1918 1294 1979 jam
1331 1917 1501 1964 ultimo
1546 1925 1592 1963 et
1635 1924 1926 1976 quaestores.
2000 1904 2188 1964 Omnes
2220 1923 2382 1962 autem

635 1999 710 2046 isti
736 1999 1007 2056 duodecim,
1034 2006 1081 2045 et
1115 1998 1379 2060 specialiter
1412 1998 1608 2059 praelati
1635 1997 1858 2045 Caesarei
1888 2005 1935 2044 et
1962 1996 2128 2044 fratres
2160 1995 2384 2043 infunda-

635 2081 786 2128 biliter
821 2080 1090 2137 introducti,
1120 2088 1230 2127 sunt
1265 2079 1504 2126 manifesti
1543 2079 1757 2141 discipuli
1793 2079 2068 2136 antichristi,
2095 2078 2208 2140 quia
2242 2078 2383 2124 liber-

639 2170 786 2209 tatem
813 2160 985 2209 Christi
1008 2161 1179 2208 tollunt
1205 2176 1260 2208 ac
1286 2168 1490 2207 onerant
1515 2168 1731 2208 sanctam
1757 2160 2010 2208 ecclesiam
2035 2167 2080 2207 et
2113 2159 2383 2222 impediunt

637 2259 699 2291 ne
722 2243 799 2290 lex
836 2242 1068 2304 evangelii
1105 2249 1263 2289 currat
1299 2241 1443 2288 libere
1481 2242 1600 2288 sicut
1636 2241 1765 2288 olim.

706 2324 802 2371 Sed
827 2324 938 2385 quia
969 2324 1091 2370 inter
1116 2331 1228 2370 octo
1263 2323 1474 2385 pericula
1503 2338 1626 2384 quae
1652 2322 1828 2370 Paulus
1861 2323 2091 2380 meminit,
2118 2322 2383 2384 periculum

635 2405 900 2452 maximum
926 2412 971 2451 et
991 2405 1208 2451 ultimum
1229 2412 1301 2451 est
1324 2405 1373 2450 in
1379 2405 1537 2467 falsis
1542 2403 1840 2465 fratribus&
1859 2403 1970 2452 ideo
1990 2403 2051 2451 de
2070 2404 2185 2467 ipsis
2204 2403 2383 2466 aliquid

633 2494 706 2534 est
741 2486 1015 2534 dicendum.
1085 2484 1229 2532 Unde
1266 2500 1377 2532 cum
1407 2485 1500 2547 ipsi
1538 2485 1725 2547 fingunt
1761 2485 2076 2542 mendaciter,
2103 2485 2237 2548 quod
2272 2493 2383 2533 ante

634 2561 1014 2614 incarnationem
1029 2565 1230 2613 Domini
1250 2566 1436 2613 fuerant
1455 2566 1725 2623 introducti,
1744 2567 2113 2624 videndum.est,
2130 2566 2381 2629 quomodo

636 2656 746 2696 sunt
770 2647 1048 2695 catholice¹⁰
1071 2647 1386 2695 describendi.
1459 2647 1599 2695 Ponit
1625 2656 1785 2695 autem
1810 2647 2152 2695 Lz'ncolnz'enszlr
2179 2648 2229 2695 in
2261 2662 2383 2710 quo-

637 2729 749 2778 dam
774 2745 1011 2786 sermone,
1039 2729 1173 2791 quod
1208 2729 1490 2791 generaliter
1525 2729 1837 2777 claustralis11
1872 2730 2041 2792 privati
2076 2729 2271 2787 ordinis,
2297 2728 2383 2776 sed

636 2811 902 2873 specialiter
926 2811 1080 2869 frater,
1107 2819 1178 2858 est
1202 2815 1213 2835 ‘
1231 2811 1435 2858 cadaver
1458 2818 1701 2858 mortuum
1735 2811 1796 2858 de
1828 2810 2084 2873 sepulchro
2117 2825 2384 2872 egressum,

637 2893 810 2954 pannis
835 2889 1158 2940 funebribus12
1175 2892 1453 2948 involutum,
1474 2907 1502 2939 a
1529 2893 1723 2940 diabolo
1742 2893 1864 2939 inter
1879 2892 2101 2940 homines
2119 2891 2380 2954 agitatum!

638 2975 738 3032 Est,
765 2975 930 3036 inquit,
958 2979 969 2998 ‘
989 2975 1184 3021 cadaver
1219 2974 1473 3031 mortuum,’
1507 2975 1620 3036 quia
1655 2974 1764 3021 licet
1799 2974 1923 3022 vivat
1956 2974 2052 3022 vita
2084 2973 2241 3021 valida
2275 2988 2382 3021 cor-

639 3056 805 3118 porali,
841 3064 1004 3103 tamen
1040 3064 1110 3103 est
1146 3063 1364 3103 mortuus
1401 3054 1495 3101 in¹3
1530 3055 1705 3112 anima,
1731 3054 1865 3117 quod
1901 3062 1973 3102 est
2009 3055 2117 3118 plus
2153 3062 2200 3102 et
2223 3054 2380 3102 verius

695 3177 707 3200 ¹
739 3176 900 3229 rariter]
921 3182 1112 3222 rarenter,
1134 3176 1188 3215 D.
1209 3176 1271 3215 ed.
1291 3189 1352 3228 pr.
1462 3201 1466 3204 -
1546 3175 1564 3199 ²
1591 3175 1778 3215 Christus
1797 3174 2203 3227 autemssecclesiae]
2226 3188 2308 3215 om.
2329 3175 2382 3214 A.

641 3231 796 3283 primae
815 3245 971 3276 manus,
994 3231 1092 3270 B.C.
1283 3231 1298 3252 ³
1326 3229 1375 3269 cf.
1396 3230 1517 3270 Rom.
1537 3244 1601 3270 xv.
1623 3231 1660 3270 8.
1718 3230 1823 3270 Cod.
1845 3231 1892 3270 B.
1912 3230 2026 3270 addit
2044 3230 2170 3270 verbo
2190 3235 2200 3250 ‘
2213 3229 2383 3270 circum-

643 3285 805 3325 cisionis
822 3286 844 3325 :’
877 3286 1007 3325 Hebr.
1028 3285 1124 3330 viii.‚
1145 3289 1185 3324 et
1205 3284 1326 3323 Rom.
1346 3284 1428 3323 viii.
1613 3283 1629 3306 ⁴
1657 3285 1822 3324 secundi
1840 3284 1984 3336 medii]
2001 3283 2167 3323 secundi
2185 3288 2226 3323 et
2245 3283 2384 3330 medii,

643 3339 704 3378 ed.
725 3352 786 3391 pr.
894 3339 910 3362 ⁵
938 3338 1255 3390 ordinationem]
1276 3338 1590 3384 ordinationum,
1611 3339 1674 3378 ed.
1694 3351 1756 3390 pr.
1873 3339 1888 3360 ‘³
1914 3338 1982 3378 isti
2001 3337 2171 3389 debent]
2191 3337 2270 3376 ista
2288 3350 2383 3390 pars

643 3393 775 3438 debet,
796 3393 952 3433 A.B.C.
973 3393 1036 3432 ed.
1055 3406 1117 3445 pr.
1281 3391 1296 3414 ⁷
1325 3392 1528 3444 corporis]
1550 3393 1724 3444 corpori,
1745 3392 1807 3431 ed.
1827 3405 1888 3444 pr.
2014 3392 2030 3415 Β
2055 3391 2115 3443 et]
2137 3404 2219 3430 om.
2238 3391 2300 3431 ed.
2322 3405 2382 3444 pr.

644 3446 658 3469 ⁹
687 3447 737 3485 cf.
762 3458 781 3484 2
805 3447 990 3487 Corinth.
1010 3448 1063 3486 xi.
1088 3458 1135 3498 25
1157 3459 1244 3499 sqq.
1410 3447 1440 3470 ¹⁰
1468 3446 1686 3498 catholice]
1708 3459 1789 3486 om.
1810 3447 1914 3486 A.B.
2077 3446 2106 3470 ¹¹
2135 3445 2382 3499 claustralis]

643 3498 888 3591 chaustrales,
908 3501 953 3541 B.
973 3501 1036 3541 ed.
1058 3514 1118 3555 pr.
1283 3499 1314 3524 ¹²
1341 3500 1596 3552 funebribus]
1617 3500 1876 3548 funeralibus,
1899 3500 1995 3541 B.C.
2159 3498 2190 3523 ¹⁸
2217 3498 2277 3551 in]
2299 3512 2382 3540 om.

644 3565 665 3591 e
697 3583 705 3591 .
726 3566 786 3606 pr.
1792 3573 1797 3578 .

2134 3621 2318 3674 wicun·
