2436 4094
1936 328 1963 339 ,a

691 337 1441 388 PROLEGOMENA.
1964 346 2032 401 25

0 489 4 519 τ
110 465 414 523 mimus:
476 474 488 495 ‘
506 471 658 520 Anno
705 473 903 521 milleno
959 472 1439 537 quadringentesimo
1487 471 1680 520 decimo
1726 478 1901 519 octavo
1948 485 2036 533 per

0 543 317 612 ‘manus
344 597 356 610 .
382 597 395 610 .
420 597 432 609 .
460 563 667 623 (nomen
714 564 876 627 ipsum
923 579 1118 613 erasum
1171 563 1289 625 est)'
1337 564 1448 612 finis
1495 570 1569 612 est
1614 561 2036 626 tria-dyaquelogi.

2 663 3 666 ’
44 682 68 701 ε
107 649 241 701 ἐίῖιιί
273 665 366 714 pro
401 664 603 699 munere
640 650 826 700 Cristus
862 652 943 700 det
978 668 1184 716 regnum
1220 651 1457 702 caeleste?

6 802 7 805 Ἴ
142 737 399 788 .÷Ceterum
422 739 651 787 volumen
675 739 772 788 hoc
797 740 1015 803 duplices
1038 741 1184 790 habet
1207 741 1435 791 foliorum
1459 740 1760 804 singulorum
1785 754 2038 789 numeros:

106 827 406 878 mentiores
442 827 631 875 numeri
669 827 720 875 in
756 827 926 876 dextra
960 829 1189 878 foliorum
1229 838 1366 894 parte
1403 838 1671 880 atramento
1709 829 1874 893 scripti
1909 829 1971 878 ab
2013 843 2034 876 1

5 934 9 943 ³
53 914 66 976 '[
108 915 377 980 incipiunt3
442 915 742 978 antiquiores
788 918 978 965 numeri
1026 933 1138 966 cum
1185 919 1236 966 in
1289 918 1382 967 hac
1428 927 1533 966 tum
1588 919 1640 967 in
1686 918 1765 966 illa
1811 917 2039 966 foliorum

12 1022 15 1026 ⁴
63 998 68 1048 ἶ
108 1003 252 1078 μω
282 1004 444 1052 minio
485 1005 633 1052 rubro
675 1012 722 1052 et
768 1005 1043 1054 charactere
1089 1007 1363 1070 majusculo
1407 1008 1571 1070 scripti
1619 1022 1649 1055 a
1689 1021 1895 1055 numero
1942 1022 2033 1054 121

64 1107 66 1112 ’
111 1092 367 1144 ordiuntur
406 1099 454 1141 et
493 1107 648 1156 usque
690 1093 754 1141 ad
799 1109 1058 1142 numerum
1104 1110 1201 1156 230
1245 1095 1416 1144 ordine
1465 1097 1700 1144 continuo
1748 1095 2036 1159 procedunt.

44 1191 53 1253 ¹2
112 1180 261 1238 ,Unde
299 1181 694 1231 concludendum
729 1189 816 1240 est,
857 1183 1080 1231 codicem
1116 1183 1247 1232 hunc
1284 1185 1346 1232 ab
1381 1185 1519 1232 initio
1555 1185 1717 1248 plures
1753 1183 1875 1232 alios
1910 1191 2036 1233 trac-

55 1269 59 1277 '
111 1277 241 1321 ntus
263 1269 576 1334 complexum
599 1285 721 1328 esse,
746 1271 812 1318 ita
846 1279 898 1319 ut
923 1271 1184 1335 Trialogus
1219 1287 1324 1321 non
1347 1274 1558 1337 primum
1593 1273 1681 1322 sed
1715 1273 2037 1337 posteriorem

44 1355 62 1424 '4
110 1359 325 1423 aliquem
358 1359 523 1408 locum
557 1360 811 1407 obtineret.

54 1438 57 1443 ⁸
183 1447 444 1511 Trialogus
478 1448 583 1511 ipse
619 1447 751 1496 hunc
786 1449 838 1496 in
874 1448 1078 1496 modum
1101 1450 1442 1514 transscriptus
1467 1458 1554 1509 est,
1579 1458 1632 1498 ut
1664 1450 1824 1513 capita
1848 1450 2039 1513 singula

2 1562 11 1582 ,τ
111 1549 368 1601 nunquam
390 1537 604 1585 numeris
629 1538 727 1585 suis
753 1537 1121 1600 distinguantur,
1147 1538 1432 1603 plerumque
1455 1554 1571 1588 vero
1605 1539 1750 1587 literis
1781 1539 2040 1587 initialibus

27 1611 53 1684 Δζ
80 1611 385 1690 “majoribus
420 1633 469 1674 et
503 1625 667 1674 colore
702 1626 856 1688 pictis,
883 1641 974 1674 nee
1011 1642 1115 1675 non
1150 1642 1302 1676 novas
1337 1628 1489 1676 lineas
1525 1628 1805 1676 inchoando
1841 1627 2043 1690 insigni-

40 1709 60 1751 ἓῑ·
90 1722 272 1764 ιιιτιιτ.
341 1713 441 1762 Ubi
483 1729 724 1777 personae
765 1713 959 1772 Alithia,
998 1714 1227 1774 Pseustis,
1269 1715 1534 1764 Phronesis
1577 1716 1912 1780 colloquentes
1953 1716 2044 1764 sibi

112 1802 398 1861 succedunt,
441 1818 534 1852 nec
580 1803 744 1850 literae
791 1803 995 1851 initiales
1044 1803 1288 1853 coloribus
1335 1812 1570 1852 ornantur
1610 1812 1658 1853 et
1705 1812 1864 1853 textus
1905 1803 2044 1851 lineis

112 1892 360 1941 continuis
402 1892 723 1955 perscribitur.
794 1891 919 1943 Inde
967 1907 996 1940 a
1035 1892 1142 1940 libri
1185 1892 1278 1941 III.
1322 1893 1534 1956 capitulo
1582 1907 1643 1940 10
1689 1891 1909 1940 librarius
1950 1891 2045 1939 fes-

114 1980 300 2029 tinante
337 1980 526 2029 calamo
561 1971 716 2028 multo
752 1981 959 2043 saepiUS‚
997 1995 1146 2043 quam
1182 1989 1338 2039 antea,
1364 1997 1452 2045 per
1486 1981 1721 2029 incuriam
1756 1980 1920 2044 lapsus
1956 1988 2043 2028 est.

114 2067 396 2118 Verborum
427 2069 734 2132 interpuncta
765 2069 1036 2117 sexcenties
1059 2069 1364 2117 vitiosissime
1389 2070 1550 2132 posita
1581 2077 1721 2130 sunt;
1760 2069 2042 2132 saepissime

31 2143 46 2179 1
116 2164 279 2207 textus
314 2156 622 2207 distinctione
659 2166 801 2217 caret,
837 2158 921 2205 ubi
957 2173 1137 2205 novam
1172 2158 1391 2207 inchoari
1426 2159 1715 2207 sententiam
1751 2166 1911 2221 patet,·
1954 2157 2042 2206 sed

116 2250 198 2299 vix
243 2251 396 2299 rarius
435 2250 607 2312 literae⁴
640 2249 866 2313 majoreS‚
909 2249 1048 2298 lineis
1096 2258 1176 2298 aut
1222 2251 1415 2313 punctis
1455 2250 1611 2298 rubris
1657 2250 1929 2312 insignitae,
1978 2249 2042 2296 ad

12 2325 45 2386 ‘³{s
114 2339 429 2388 innuendum
482 2353 639 2387 novae
692 2339 959 2387 sententiae
1010 2339 1213 2398 initium,
1271 2347 1437 2388 extant
1488 2339 1652 2387 medio
1706 2340 1758 2386 in
1809 2353 1941 2386 nexu
1992 2346 2041 2386 et

28 2443 34 2473 ;
116 2428 439 2493 grammatico
485 2436 535 2476 et
573 2427 750 2491 logico
820 2427 883 2476 In
925 2428 1054 2476 notis
1094 2429 1303 2491 margini
1341 2429 1542 2492 adjectis
1579 2443 1694 2477 cum
1731 2443 1918 2476 errores
1956 2443 2044 2491 per

90 2517 330 2589 [primam
353 2531 556 2565 manum
579 2517 830 2565 commissi
864 2517 1183 2579 corriguntur,
1209 2526 1314 2565 tum
1349 2518 1612 2566 summaria
1645 2532 1806 2565 rerum
1842 2517 1893 2564 in
1929 2530 2046 2564 con-

115 2613 256 2654 textu
289 2606 620 2668 expositarum
651 2605 803 2652 minio
840 2607 985 2653 rubro
1019 2606 1261 2668 adscripta
1297 2614 1408 2654 sunt
1440 2606 1713 2654 charactere
1749 2605 2048 2667 aliquantum

120 2694 357 2744 crassiore
392 2701 439 2742 et
472 2693 673 2757 maj0re‚
699 2708 849 2756 quam
885 2709 984 2756 quo
1020 2702 1179 2742 textus
1215 2695 1319 2757 ipse
1357 2702 1579 2741 exaratus
1616 2701 1719 2752 est;
1767 2708 1809 2740 v.
1836 2707 1878 2740 c.
1905 2696 1916 2717 ‘
1932 2707 2046 2755 pro-

80 2787 82 2789 ’
117 2783 313 2832 testatio
331 2781 368 2842 ;’
428 2786 441 2809 ‘
461 2782 522 2831 de
567 2782 735 2846 ydeis,'
784 2782 969 2830 similia.
1066 2781 1164 2831 Sed
1211 2783 1326 2830 inde
1373 2798 1402 2830 a
1449 2782 1660 2845 capitulo
1706 2796 1767 2844 29
1811 2781 1915 2829 libri
1957 2780 2045 2829 IV.

0 2863 46 2907 ,³11
122 2885 312 2920 errores
358 2871 557 2943 quidam
599 2871 875 2921 charactere
923 2872 1130 2920 tenuiori
1177 2887 1234 2920 ac
1282 2871 1456 2934 pusillo
1503 2886 1591 2935 per
1637 2886 1825 2918 manum
1864 2870 2046 2918 tertiam

119 2961 368 3012 'emendati
402 2970 527 3011 sunt.

34 3032 41 3061 Ἰ
160 3090 167 3113 ,
193 3050 293 3100 Hic
325 3050 483 3100 codex
518 3065 622 3099 non
655 3065 806 3099 unam
837 3058 1026 3099 tantum
1058 3051 1124 3098 ob
1157 3065 1355 3099 causam
1387 3049 1579 3112 reliquis
1611 3056 1849 3112 praestat:
1884 3048 2043 3112 primo

1 3167 67 3195 222
84 3131 99 3140 ⁸
125 3139 341 3208 brevitate
379 3142 606 3190 dictiones.
678 3140 871 3203 Reliqui
918 3142 1022 3189 libri
1067 3142 1258 3204 saepius
1304 3140 1493 3203 glossas
1535 3138 1785 3203 quasdam,
1828 3155 1952 3203 quae
1979 3140 2044 3188 -in

126 3230 296 3280 codice
336 3230 399 3280 D.
437 3230 626 3290 desunt,
665 3231 817 3278 textui
855 3231 948 3294 ipsi
985 3231 1190 3279 insertas
1228 3230 1470 3278 exhibent.
1539 3228 1766 3292 Exempli
1807 3244 1954 3278 causa
1994 3230 2045 3277 in

127 3319 348 3383 ingressu
395 3319 589 3383 capituli
641 3321 700 3367 18
750 3320 856 3368 libri
904 3319 997 3367 III.
1047 3319 1205 3368 codex
1243 3318 1305 3367 D.
1352 3327 1481 3367 recte
1528 3318 1703 3367 habet:
1734 3303 1771 3344 “‘
1790 3327 2046 3382 peccatum

124 3407 406 3458 omissionis
453 3417 527 3457 est
573 3409 784 3472 primum
832 3408 1084 3456 omnium!
1173 3408 1300 3457 Tres
1347 3407 1516 3471 reliqui
1561 3407 1668 3456 libri
1714 3417 1827 3472 post
1872 3424 2046 3459 vocem

129 3501 144 3524 ¹
160 3498 403 3548 omnium'
447 3498 661 3547 addunt:
718 3502 729 3524 ‘
749 3497 1093 3561 peccatorum,’
1136 3497 1271 3561 quod
1312 3497 1601 3547 vocabulum
1647 3499 1806 3562 primo
1852 3499 2045 3563 glossae

127 3587 277 3638 instar
317 3590 367 3638 in
408 3590 626 3652 margine
665 3589 770 3638 libri
813 3588 1011 3652 alicujus
1055 3587 1331 3652 appositum
1367 3602 1487 3647 esse,
1524 3587 1726 3652 posthac
1769 3589 1819 3637 in
1860 3597 2045 3639 textum
