2496 4108
419 453 524 522 308

1116 453 1540 517 JOANNIS
1609 453 1954 502 WICLIF
2257 471 2411 509 unm

660 596 791 650 patet
814 588 919 634 luce
945 587 1127 644 clarius,
1156 586 1289 649 quod
1323 587 1506 635 domini
1531 587 1822 648 temporales
1853 587 1903 633 in
1935 587 2163 634 omnibus
2187 586 2290 635 istis
2315 600 2401 634 sex

661 684 710 715 se
747 668 959 715 indicant
994 669 1211 725 irretitos,
1249 676 1296 715 et
1333 669 1598 729 specialiter
1634 669 1683 714 in
1719 668 1909 715 duobus
1944 668 2137 725 ultimis,
2173 682 2235 715 eo
2270 667 2406 730 quod

658 749 923 797 vecorditer
970 749 1253 796 subtrahunt
1301 749 1592 811 adjutorium
1639 757 1686 796 et
1740 749 2182 811 reprehensionem,
2231 749 2405 811 quibus

658 830 916 877 rectificata
939 830 1061 877 foret
1093 831 1182 877 ista
1208 830 1384 878 Christi
1416 838 1462 877 et
1494 831 1725 877 ecelesiae
1751 845 1866 877 suae
1892 830 2077 891 injuria,
2103 844 2216 877 cum
2239 836 2406 876 tamen

658 912 846 958 illorum
881 912 938 957 sit
962 926 1022 957 ex
1056 926 1202 958 causa
1234 911 1482 972 multiplici
1512 911 1639 958 hanc
1666 911 1842 959 Christi
1872 911 2093 973 injuriam
2117 910 2406 958 emendare:

658 993 814 1054 primo
851 992 964 1053 quia
998 992 1061 1038 illi
1098 1001 1208 1039 sunt
1244 993 1325 1054 qui
1362 993 1411 1038 in
1448 993 1793 1039 commissione
1836 992 1959 1039 illius
1994 992 2196 1055 injuriae
2229 1006 2406 1054 pecca-

658 1073 863 1130 verunt1‚
890 1074 1001 1121 ideo
1028 1074 1217 1121 illorum
1246 1081 1318 1120 est
1352 1073 1625 1121 satisfacere
1658 1088 1747 1135 pro
1782 1081 1984 1135 peccato
1999 1088 2012 1131 ;
2051 1071 2268 1120 secundo
2293 1073 2408 1134 quia

656 1154 791 1201 Deus
828 1153 889 1202 ad
923 1155 1192 1216 regendum
1229 1169 1366 1202 suam
1402 1153 1655 1202 ecclesiam
1692 1156 1760 1202 eis
1802 1155 1948 1202 talem
1983 1153 2212 1202 contulit²
2245 1162 2408 1216 potes-

656 1244 818 1294 tatem,
842 1244 894 1283 ut
920 1244 1051 1298 patet
1076 1236 1221 1284 Rom.
1248 1236 1358 1293 xiii„
1385 1235 1494 1283 ideo
1529 1251 1590 1283 ne
1623 1236 1832 1283 otientur
1859 1235 1934 1282 in³
1957 1243 2196 1297 potestate
2219 1235 2310 1283 ista
2331 1233 2410 1282 vel
2463 1269 2468 1274 -

657 1333 715 1365 ea
747 1318 1042 1379 culpabiliter
1074 1318 1342 1375 abutantur,
1368 1318 1642 1365 exercenda
1677 1326 1748 1365 est
1780 1318 1831 1364 in
1862 1325 1995 1365 tanta
2027 1316 2204 1366 Christi
2235 1317 2410 1380 injuria

658 1414 793 1446 more
819 1414 906 1446 suo
924 1415 936 1458 3
974 1399 1192 1447 Christus
1216 1400 1347 1446 enim
1372 1400 1422 1445 in
1446 1399 1756 1460 reprobando
1788 1398 2064 1446 sacerdotes
2087 1399 2255 1461 templi
2288 1413 2406 1447 usus

658 1480 743 1527 fuit
762 1478 933 1542 saepe4
950 1481 1040 1527 ista
1058 1481 1190 1542 regia
1209 1488 1460 1542 potestate,
1481 1495 1592 1527 cum
1618 1481 1666 1526 in
1688 1494 1898 1541 persona
1918 1494 2004 1527 sua
2027 1480 2167 1542 ejecit
2190 1475 2409 1528 ementes
2463 1524 2466 1526 .
2489 1476 2492 1498 ²

658 1570 704 1609 et
728 1562 990 1609 vendentes
1015 1562 1074 1609 de
1100 1562 1296 1623 templo,
1322 1570 1374 1608 ut
1409 1569 1540 1623 patet
1571 1560 1808 1624 Johannis
1834 1561 1879 1608 ii.
1949 1561 2012 1608 Et
2038 1576 2184 1623 saepe
2217 1561 2409 1623 praedi·-

659 1644 841 1691 cando5
877 1658 933 1690 ac
968 1643 1276 1705 reprobando
1315 1642 1534 1691 Christus
1569 1642 1818 1689 verbaliter
1853 1641 2080 1704 corripuit
2115 1642 2409 1699 sacerdotes,

657 1733 710 1773 ut
755 1733 887 1787 patet
934 1725 985 1771 in
1033 1740 1119 1772 sua
1166 1726 1390 1786 captione
1433 1732 1480 1772 et
1528 1724 1772 1785 passione,
1816 1738 1873 1771 ac
1914 1732 2025 1784 post
2068 1724 2408 1771 ascensionem

660 1821 788 1853 anno
817 1822 895 1864 42,
921 1806 971 1852 in
1005 1806 1149 1853 servis
1183 1807 1281 1852 suis
1307 1805 1422 1853 Tito
1449 1812 1496 1852 et
1520 1804 1827 1866 Vespasiano
1853 1804 2129 1852 sacerdotes
2154 1819 2271 1852 suos
2306 1805 2408 1852 dire

659 1887 898 1948 corripuit,
924 1887 1044 1934 sicut
1077 1886 1239 1933 Lucae
1264 1887 1359 1933 xix.
1387 1886 1718 1948 prophetavit:
1764 1889 1775 1910 ‘
1792 1886 1907 1948 quia
1937 1887 1976 1933 si
2010 1886 2328 1948 cognovisses
2358 1893 2409 1933 et

659 1968 722 2014 tu'
750 1975 839 2014 etc.
909 1966 973 2014 Et
1003 1967 1147 2013 istam
1181 1967 1466 2014 sententiam
1499 1966 1697 2028 pulchre
1732 1966 1941 2013 declarat
1973 1967 2142 2014 beatus
2173 1965 2405 2025 Isidorus,

660 2057 711 2096 ut
747 2057 882 2096 notat
917 2048 1180 2095 Decretum
1204 2048 1333 2095 xxiii.
1369 2055 1551 2110 quaest.
1581 2059 1624 2107 5,
1653 2048 1863 2109 capitulo
1893 2047 2168 2110 ‘Principes
2203 2045 2406 2096 seculi⁶.’

663 2130 712 2177 Si
735 2131 865 2176 enim
888 2130 1077 2176 tenent⁷
1099 2129 1381 2190 temporalia
1406 2144 1492 2176 sua
1515 2145 1544 2176 a
1563 2127 1755 2176 Christo
1780 2136 1833 2175 ut
1856 2143 1970 2190 rege
1994 2128 2191 2190 regum⁸
2209 2137 2409 2192 propter

662 2211 848 2257 servitia
871 2211 982 2258 inde
1017 2211 1192 2267 debita,
1220 2210 1365 2272 quod,
1395 2225 1531 2271 rogo,
1559 2210 1798 2257 servitium
1831 2208 1955 2256 foret
1986 2210 2056 2257 eis
2091 2210 2408 2271 pertinentius

661 2307 807 2353 quam
843 2292 1132 2339 vindicando
1171 2290 1346 2339 Christi
1386 2291 1610 2352 injuriam
1652 2298 1700 2337 et
1738 2291 2097 2338 ordinationem
2133 2305 2272 2338 suam
2307 2298 2408 2338 tam

659 2374 991 2420 rationabilem
1016 2372 1357 2420 defendendo?
1407 2371 1534 2419 Cum
1559 2372 1689 2418 enim
1713 2371 1842 2418 idem
1862 2372 1919 2418 sit
1941 2370 2186 2419 Christum
2210 2372 2407 2434 diligere

660 2462 707 2500 et
741 2454 899 2516 legem
934 2454 1007 2500 vel
1044 2468 1294 2501 sermones
1331 2468 1446 2500 suos
1483 2467 1683 2510 servare,
1720 2460 1772 2499 ut
1807 2460 1940 2514 patet
1973 2451 2084 2515 Joh.
2116 2453 2224 2510 xiv„
2261 2459 2406 2515 patet,

659 2536 793 2596 quod
841 2536 878 2582 si
922 2535 1106 2582 domini
1153 2535 1444 2596 temporales
1493 2534 1696 2595 diligunt
1740 2532 1985 2581 Christum
2033 2549 2179 2595 super
2225 2534 2406 2592 omnia,

659 2617 1013 2663 ordinationem
1050 2631 1187 2662 suam
1223 2614 1560 2677 praecipuam⁹
1596 2614 1774 2662 debent
1809 2614 2092 2676 potestative
2134 2614 2408 2663 defendere.

659 2696 782 2755 Quis
806 2711 927 2758 rogo
952 2697 1228 2758 temporalis
1255 2697 1480 2743 dominus
1511 2697 1561 2742 in
1585 2696 1906 2743 reversatione
1942 2695 2258 2744 ordinationis
2291 2711 2407 2744 suae

657 2780 942 2840 praecipuae
979 2793 1080 2824 non
1116 2777 1472 2824 offenderetur?
1530 2776 1593 2823 Et
1631 2777 1900 2838 specialiter
1942 2777 1982 2824 si
2019 2778 2111 2824 ista
2149 2778 2406 2825 reversatio

657 2874 890 2921 sponsam
931 2874 1069 2906 suam
1110 2859 1253 2905 violat
1296 2866 1342 2905 et
1378 2858 1575 2919 dissipat
1618 2873 1822 2919 regnum
1863 2872 2020 2914 suum,
2062 2857 2214 2905 multo
2251 2859 2406 2920 magis

657 2949 727 2987 est
768 2940 862 2987 hoc
901 2955 1066 2988 verum
1105 2939 1164 2986 de
1207 2940 1362 3001 prima
1397 2939 1590 3000 justitia,
1632 2938 1750 3001 Jesu
1791 2937 2043 2986 Christo¹⁰.
2115 2937 2407 2986 Recolerent

658 3036 776 3083 ergo
819 3021 1003 3068 domini
1050 3020 1357 3082 temporales,
1401 3019 1652 3081 quomodo
1694 3018 1911 3066 Christus
1951 3019 2002 3065 in
2040 3020 2406 3068 conversatione

711 3196 725 3219 ¹
754 3196 1043 3248 peccaverunt]
1065 3199 1346 3248 peccaverant,
1367 3195 1429 3234 ed.
1451 3208 1512 3247 pr.
1684 3194 1700 3216 ²
1727 3194 1921 3247 contulit]
1943 3196 2156 3242 concessit,
2178 3194 2225 3235 B.
2247 3194 2405 3247 primae

657 3263 813 3290 manus.
995 3250 1011 3272 3
1039 3250 1100 3301 in]
1123 3262 1204 3289 om.
1226 3249 1380 3289 A.B.C.
1564 3247 1580 3271 4
1607 3250 1746 3301 saepe]
1769 3263 1850 3289 om.
1872 3249 2028 3289 A.B.C.
2204 3249 2220 3272 ⁵
2247 3249 2406 3301 praedi-

2486 2869 2496 2967 π’ὺΔ.
2490 2815 2496 2837 ....
2488 2765 2496 2790 ..ιι
2493 2730 2496 2735 i
2486 2683 2496 2706 ατ

658 3305 808 3355 cando]
839 3304 1046 3356 patiendo,
1067 3304 1119 3343 A.
1140 3303 1352 3348 secundae,
1374 3302 1420 3341 B.
1450 3302 1606 3354 primae
1632 3316 1789 3348 manus,
1812 3303 1866 3342 D.
1886 3304 1949 3343 ed.
1978 3316 2064 3356 pr.;
2105 3303 2334 3355 probando,
2354 3303 2403 3342 C.
2479 3305 2496 3367 ᾖ

657 3359 813 3409 primae
831 3371 988 3397 manus.
1209 3357 1224 3380 ⁶
1253 3357 1303 3395 cf.
1325 3356 1489 3396 Decreti
1510 3357 1606 3396 Part
1626 3358 1681 3396 II.
1703 3370 1811 3397 caus.
1831 3358 1938 3396 xxiii.
1959 3363 2113 3409 quaest.
2135 3367 2172 3408 5,
2193 3357 2241 3397 C.
2260 3370 2338 3402 xx.‚
2356 3369 2406 3396 ex

657 3411 762 3451 libro
783 3412 861 3451 ΙΙΙ.
918 3411 1219 3452 Sententiarum
1237 3411 1386 3450 Isidori
1408 3411 1678 3462 Hispalensis.
1833 3411 1849 3434 ⁷
1877 3411 2036 3463 tenent]
2057 3411 2224 3457 habent,
2243 3410 2403 3450 A.B.C.

658 3465 673 3487 ⁸
700 3478 725 3503 a
754 3466 919 3505 Christo
948 3471 993 3505 ut
1020 3477 1114 3516 rege
1144 3464 1306 3517 regum]
1342 3478 1423 3504 om.
1454 3464 1636 3510 A.B.C.;
1680 3478 1705 3504 a
1734 3464 1900 3504 Christo
1932 3478 2028 3517 rege
2061 3477 2216 3516 regum,
2244 3464 2308 3504 ed.
2340 3477 2401 3516 pr.
2477 3461 2496 3499 j

660 3519 675 3540 ⁹
701 3519 979 3570 praecipuam]
1001 3519 1263 3571 praecipuam
1282 3519 1521 3565 ordinando,
1544 3519 1589 3557 B.
1610 3519 1766 3570 primae
1785 3531 1941 3565 manus,
1961 3519 2024 3559 ed.
2044 3531 2104 3571 pr.
2246 3518 2278 3542 ¹⁰
2305 3518 2403 3570 Jesu
2446 3542 2451 3574 ›-

632 3594 635 3621 ἦ
660 3572 846 3624 Christo]
868 3573 963 3624 Jesu
985 3573 1148 3618 Christi,
1169 3573 1232 3612 ed.
1253 3585 1314 3624 pr.
