2436 4094
333 432 403 489 54
999 414 1420 478 JOANNIS
1467 415 1815 465 WICLIF
2173 435 2296 465 um.

553 550 711 598 solum
735 549 954 611 negative
975 548 1063 596 sed
1087 547 1290 610 positive
1315 548 1613 607 conceditur,
1632 548 1795 597 Deum
1813 563 1920 598 esse
1943 548 2238 597 immensum
2255 556 2304 597 et

238 642 383 670 infinitus·
552 631 808 688 infinitum,
835 645 946 677 cum
979 629 1172 693 ceteris-¹
1201 629 1679 679 denominationibus
1703 630 1995 694 hujusmodi,
2021 645 2135 678 cum
2165 629 2303 679 Deus

553 713 730 759 habeat
776 711 1036 773 positivum
1082 710 1390 772 perfectionis
1439 711 1716 775 simpliciter
1762 713 1813 759 in
1858 712 1962 761 istis
2017 711 2302 761 denomina-

554 793 779 849 tionibus,
807 800 853 839 et
889 807 992 838 non
1028 792 1175 839 habet
1211 792 1360 839 finem
1396 792 1544 840 alium
1580 802 1960 842 mensurantem.
2030 792 2153 841 Ideo
2185 807 2304 842 con-

556 873 733 922 cedunt
757 872 1051 935 philosophi,
1086 872 1223 934 quod
1255 882 1326 921 est
1358 875 1604 935 potentiae
1636 875 1868 923 infinitae.
1938 874 2003 922 Et
2034 889 2096 923 ex
2128 874 2306 922 eodem

557 955 780 1016 sequitur,
823 954 957 1016 quod
993 953 1132 1002 Deus
1180 954 1264 1003 sit2
1312 956 1560 1014 creativus,
1603 956 1848 1019 punitivus
1894 963 1943 1004 et
1989 956 2056 1005 sic
2099 956 2160 1004 de
2203 955 2307 1004 aliis

556 1036 1045 1094 denominationibus,
1083 1050 1204 1099 quas
1240 1036 1362 1084 fides
1399 1039 1658 1100 scripturae
1695 1039 1786 1086 sibi
1820 1038 2043 1097 attribuit,
2077 1052 2138 1086 eo
2174 1036 2309 1100 quod
2395 1075 2405 1085 s

556 1117 723 1165 omnia
746 1117 857 1164 talia
880 1116 1131 1164 includunt
1154 1117 1505 1180 perfectionem
1530 1119 1820 1182 simpliciter,
1846 1127 1894 1168 et
1926 1119 2107 1167 nullam
2129 1119 2308 1181 imper-

557 1198 818 1246 fectionem
843 1198 1091 1260 implicant
1115 1200 1166 1246 in
1191 1200 1424 1262 subjecto,
1445 1208 1493 1248 et
1513 1201 1651 1264 juxta
1675 1201 1802 1249 dicta
1820 1202 1988 1249 omnia
2010 1201 2123 1249 talia
2145 1201 2311 1249 insunt

559 1279 706 1327 Deo⁸.
778 1280 841 1327 Et
865 1281 1042 1328 eodem
1066 1282 1220 1340 modo
1245 1282 1419 1331 deduci
1447 1290 1621 1344 potest,
1648 1283 1885 1346 quidquid
1909 1282 2184 1346 cujusmodi
2208 1297 2311 1331 non

560 1370 633 1410 est
655 1360 806 1409 Deus.
878 1362 941 1409 Et
975 1362 1068 1409 ista
1103 1370 1176 1410 est
1211 1363 1392 1425 tyriaca
1428 1363 1490 1411 ad
1525 1363 1795 1412 tollendum
1826 1364 2057 1413 versutias
2088 1363 2312 1426 blasphe-

562 1458 783 1500 morum;
837 1451 1031 1505 oportet
1068 1452 1233 1492 tamen
1273 1460 1390 1493 sane
1433 1453 1480 1493 et
1520 1453 1659 1493 caute
1700 1445 1965 1507 intelligere
2008 1451 2312 1508 argumenta,

564 1524 817 1586 negando*
860 1525 1086 1584 fallacias,
1122 1527 1320 1588 quando
1356 1536 1630 1587 occurrunt,
1666 1535 1713 1575 et
1749 1527 1911 1576 locum
1944 1542 1973 1576 a
2004 1525 2312 1576 similitudine

567 1607 762 1656 simeali.

1318 1753 1461 1802 CAP
1498 1754 1585 1802 VI.

1203 1876 1355 1925 Deum
1380 1892 1471 1924 esse
1492 1878 1685 1925 trinum.

259 2018 429 2059 Quaeritur,
639 2002 839 2050 Alz‘thz‘a.
911 2001 987 2049 Ex
1011 2001 1114 2050 istis
1137 2001 1255 2048 mihi
1278 2001 1476 2060 videtur,
1502 2001 1636 2065 quod
1654 2000 1828 2049 inferre
1853 2001 2134 2064 poterimus,
2155 1999 2318 2049 Deum

259 2062 472 2149 ἓξῐζξξῇξεξξξξί,
574 2084 827 2132 dominum
851 2084 1072 2131 omnium
1096 2098 1203 2132 esse
1227 2085 1415 2130 trinum.

640 2166 866 2213 Pseuslz's.
940 2164 1055 2213 Hoc
1080 2173 1246 2213 tamen
1270 2164 1455 2212 videtur
1478 2164 1640 2213 multis
1675 2180 1835 2228 grave,
1861 2165 1996 2228 quod
2028 2165 2343 2229 praecipuus,

575 2247 796 2295 articulus
821 2247 932 2294 fidei
957 2248 1297 2305 demonstretur,
1333 2246 1470 2308 quia⁵
1500 2246 1623 2295 fides
1655 2261 1758 2294 non
1790 2247 1936 2295 habet
1967 2246 2208 2305 meritum,
2242 2246 2320 2295 cui

574 2328 788 2376 humana
804 2328 925 2376 ratio
945 2329 1144 2390 praebet
1162 2328 1558 2391 experimentum.
1632 2328 1696 2376 Et
1720 2329 1787 2377 sic
1811 2329 1894 2376 ubi
1912 2329 2030 2376 olim
2054 2329 2322 2377 docebatur

575 2406 764 2456 lumen⁶
788 2409 899 2456 fidei
933 2424 1037 2457 esse
1077 2408 1138 2457 ad
1171 2409 1546 2458 delucidandum
1580 2410 1698 2458 tales
1731 2410 1956 2459 articulos
1985 2409 2097 2458 fidei
2119 2409 2320 2475 requisi-

576 2500 692 2549 tum,
735 2491 812 2538 hic
859 2491 1098 2549 asseritur,
1142 2492 1276 2553 quod
1322 2506 1494 2539 omnes
1535 2491 1598 2539 illi
1648 2493 1968 2542 demonstrari
2013 2500 2221 2555 possunt
2269 2491 2321 2540 in

578 2574 758 2622 lumine
790 2573 1017 2632 naturali3
1067 2573 1201 2635 quod
1232 2572 1417 2621 videtur
1449 2572 1639 2632 falsum,
1665 2589 1755 2636 pro
1789 2589 1849 2622 eo
1882 2573 2017 2637 quod
2038 2573 2322 2632 Arztvtoteles,

578 2655 806 2703 Averroz's
846 2662 893 2702 et
940 2654 1044 2702 alii⁷
1089 2654 1381 2717 philosophi,
1418 2662 1518 2702 tam
1560 2656 1799 2718 praeteriti
1840 2671 1989 2720 quam
2028 2663 2322 2719 praesenteS,

579 2744 760 2799 negant
777 2736 895 2783 tales
920 2736 1143 2784 articulos
1162 2744 1214 2783 ut
1232 2737 1569 2798 impossibiles.
1640 2736 1827 2800 Magna
1849 2753 1967 2801 ergo
1991 2737 2322 2801 praesumptio

580 2820 703 2867 foret
737 2833 829 2866 nos
863 2817 1148 2866 hebetioris⁸
1180 2818 1362 2881 ingenii
1399 2834 1628 2876 asserere,
1667 2820 1802 2882 quod
1835 2834 2008 2869 omnes
2041 2820 2106 2868 illi
2137 2819 2324 2868 articuli

580 2899 810 2963 possunt⁹
835 2900 1168 2948 demonstrari.
1241 2899 1405 2958 Quare
1430 2915 1548 2962 ergo
1580 2901 1742 2963 potius
1765 2900 1990 2949 homines
2019 2901 2325 2951 dissentirent

580 2982 678 3029 istis
711 2972 931 3038 articulis,
970 2996 1118 3043 quam
1156 2980 1257 3029 aliis
1294 2980 1688 3029 conclusionibus
1720 2981 1772 3028 in
1807 2980 2099 3044 quadrivio¹⁰
2133 2981 2326 3031 scienti-

581 3079 717 3111 arum
742 3062 1077 3110 doctrinalium
1102 3062 1474 3110 demonstratis?

649 3144 917 3191 Phronesz‘S.
992 3144 1090 3192 Hic
1127 3144 1421 3207 dupliciter¹¹
1446 3143 1786 3206 aequivocatur
1821 3144 1871 3190 in
1908 3143 2075 3206 signis,
2105 3150 2154 3192 et
2195 3151 2324 3193 utra-
2366 3139 2368 3141 ’

583 3241 676 3288 que
701 3241 813 3288 pars
837 3224 1057 3275 dilabitur
1076 3227 1126 3274 in
1144 3241 1370 3291 errorem,
1390 3233 1441 3273 ut
1464 3226 1663 3288 quidam
1687 3225 1829 3273 nimis
1851 3240 2022 3287 grosse
2048 3225 2330 3289 concipiunt

641 3354 653 3376 ¹
683 3354 844 3406 ceteris]
863 3367 944 3394 om.
965 3354 1120 3395 A.B.C.
1139 3355 1201 3395 ed.
1217 3368 1277 3407 pr.
1452 3353 1468 3376 ²
1497 3354 1568 3405 sit]
1589 3359 1663 3399 est,
1684 3352 1838 3394 A.B.C.
2009 3353 2024 3376 ⁸
2052 3353 2189 3394 insunt
2210 3353 2324 3406 Deo]

587 3413 680 3447 sunt
698 3409 740 3446 in
761 3409 865 3454 Deo,
888 3409 935 3447 B.
1055 3409 1070 3432 ⁴
1097 3409 1307 3463 negando]
1329 3409 1524 3453 notando,
1546 3409 1600 3447 D.
1620 3409 1681 3448 ed.
1703 3421 1763 3460 pr.
1871 3407 1886 3431 ⁵
1913 3407 2026 3460 quia]
2048 3408 2172 3459 quod,
2191 3409 2243 3449 ed
2261 3421 2322 3460 pr.

582 3460 601 3483 ὓ
629 3461 786 3513 lumen]
807 3462 972 3509 lumine,
992 3464 1054 3503 ed.
1076 3477 1137 3516 pr.
1301 3463 1317 3486 ⁷
1344 3463 1433 3516 alii]
1457 3463 1593 3509 ceteri,
1615 3463 1720 3502 C.D.
1741 3462 1803 3502 ed.
1825 3474 1885 3514 pr.
2039 3462 2054 3484 ⁸
2081 3461 2322 3515 hebetioris]

587 3514 826 3562 hebetiores,
846 3517 907 3556 ed.
929 3531 989 3570 pr.
1171 3517 1188 3540 ⁹
1215 3517 1406 3570 possunt]
1426 3522 1656 3570 potuerant,
1678 3517 1731 3555 D.
1915 3516 1945 3539 ¹⁰
1974 3515 2204 3569 quadrivio]
2227 3529 2325 3568 qua·
2406 3508 2412 3538 ¹>

587 3568 740 3614 druvio,
762 3570 823 3609 ed.
847 3583 905 3622 pr.
1069 3572 1097 3595 ¹¹
1128 3572 1360 3625 dupliciter]
1384 3585 1463 3612 om.
1486 3572 1539 3610 D.
