2424 4120
239 327 772 382 ff-..fflffl

241 386 244 496 ξ
344 434 452 481 410

270 1127 449 1155 Mandatum
467 1126 526 1153 hcc

269 1171 305 1190 ae
322 1169 394 1188 ema
406 1160 433 1186 v'

269 1194 451 1223 auctoritate

269 1230 503 1257 demonstratur.

1037 412 1462 476 JOANNIS
1522 413 1870 463 WICLIF
2197 431 2331 460 cmm.

584 549 912 604 observarunt,
940 547 1072 610 quod
1104 547 1401 610 patriarchae
1435 548 1554 610 legis
1591 547 1769 595 novae¹
1807 547 1985 595 debent
2019 548 2176 610 ipsam
2211 558 2329 594 con-

583 629 712 693 tinue
737 630 1007 686 observare,
1027 637 1081 675 ut
1105 636 1234 691 patet
1261 627 1349 676 de²
1368 629 1748 677 circumcisione.
1808 628 1925 676 Non
1949 643 2067 690 ergo
2086 627 2300 691 sequitur
2313 643 2326 685 ;

583 711 622 758 si
646 710 723 756 lex
743 717 878 757 vetus
902 709 1048 757 talem
1073 711 1428 757 observantiam
1455 711 1656 758 servavit
1680 711 1730 756 in
1755 711 1958 758 summis
1984 709 2329 765 sacerdotibus,

582 791 716 852 quod
739 791 845 852 ipsa
869 805 999 838 nunc
1024 791 1193 838 debet³
1217 792 1266 838 in
1291 792 1494 839 summis
1521 791 1849 839 sacerdotibus
1871 791 2127 839 observari.

650 871 748 919 Sed
789 872 1029 942 quaelibet
1070 872 1258 919 fictitia4
1298 872 1470 920 harum
1511 879 1738 935 quattuor
1780 872 2156 935 responsionum
2202 879 2332 919 caret

581 952 879 1011 fundatione,
906 969 1018 1001 cum
1054 954 1156 1016 pari
1192 954 1430 1002 evidentia
1465 954 1654 1001 fundari
1686 953 1876 1015 posset5
1909 953 2160 1016 quodlibet
2192 967 2332 1000 man-

581 1034 748 1082 datum
783 1033 984 1081 Domini
1022 1035 1313 1096 negativum,
1356 1050 1468 1082 cum
1508 1035 1584 1082 ille
1626 1034 1735 1096 qui⁶
1776 1035 1827 1082 in
1868 1034 1975 1097 lege
2012 1034 2160 1082 veteri
2200 1032 2332 1081 dedit

583 1115 885 1177 decalogum,
911 1115 1041 1163 dedit
1075 1117 1221 1163 etiam
1256 1117 1307 1163 in
1341 1116 1448 1178 lege
1489 1116 1670 1178 gratiae
1709 1115 1803 1163 hoc
1842 1115 2140 1164 mandatum.
2182 1113 2332 1163 ·Ideo

583 1212 695 1244 cum
728 1204 913 1259 spectat
948 1197 1011 1244 ad
1046 1211 1207 1244 mores
1240 1204 1287 1244 et
1318 1197 1421 1259 jam
1446 1197 1639 1259 spissim
1672 1197 1722 1243 in
1754 1196 1862 1258 lege
1893 1196 2073 1259 gratiae
2105 1197 2167 1245 sit
2196 1210 2334 1259 prae-

583 1285 792 1340 ceptum,
817 1277 1001 1325 videtur
1032 1278 1168 1340 quod
1200 1278 1343 1325 debet
1375 1293 1480 1326 esse
1514 1277 1799 1325 mandatum
1832 1285 2094 1336 aeternum,
2128 1291 2242 1326 cum
2274 1277 2335 1325 sit

585 1359 645 1407 de
669 1366 794 1407 statu
819 1360 1125 1407 innocentiae
1158 1367 1205 1407 et
1228 1359 1413 1408 ratione
1439 1366 1634 1407 aeterna
1658 1374 1715 1407 ac
1746 1358 1998 1407 sufficienti
2024 1358 2333 1407 similitudine

585 1441 937 1489 confirmatum.
1023 1440 1129 1488 Nec
1172 1441 1372 1489 dubium
1421 1442 1537 1503 quin
1585 1440 1891 1488 antichristus
1937 1440 2134 1503 posset⁷
2179 1451 2333 1502 aeque

585 1521 782 1570 faciliter
822 1523 1038 1584 glossare
1080 1523 1330 1584 quodlibet
1371 1523 1654 1570 mandatum
1702 1521 1937 1584 decalogi,
1980 1522 2115 1584 quod
2149 1522 2219 1570 sic
2261 1528 2334 1569 est

585 1604 842 1651 vivendum
878 1619 1134 1667 quousque
1176 1619 1303 1652 unus
1346 1619 1554 1666 magnus
1590 1603 1768 1651 Christi
1802 1603 2007 1663 vicarius
2048 1601 2333 1651 decreverit8

586 1686 881 1747 oppositum.
976 1684 1108 1732 Nam
1154 1686 1203 1732 in
1250 1685 1400 1732 tribus
1448 1685 1635 1747 legibus
1683 1684 1744 1732 de
1790 1684 1899 1746 lege
1945 1684 2107 1741 veteri,
2156 1683 2337 1732 seilicet

586 1767 785 1815 Numer.
811 1768 935 1816 xviii.
962 1767 1331 1815 Deuteronomii
1355 1767 1480 1815 xviii.
1505 1766 1578 1815 et⁹
1610 1766 1877 1814 Ezechielis
1905 1766 2030 1820 xliv„
2062 1766 2337 1828 simpliciter

586 1850 876 1911 praecipitur
923 1849 1158 1910 negative,
1207 1848 1340 1910 quod
1387 1863 1546 1910 neque
1602 1847 1879 1895 sacerdotes
1926 1847 2191 1896 Aaronime
2244 1861 2337 1894 nec

587 1930 780 1978 Levitae
816 1930 1063 1977 habebunt
1102 1937 1289 1992 partem
1331 1929 1636 1977 haereditatis
1678 1944 1792 1976 cum
1832 1929 1934 1977 aliis
1975 1929 2207 1986 tribubus,
2251 1927 2338 1977 sed

588 2012 721 2074 quod
746 2027 864 2074 pure
888 2012 1046 2059 vivant
1072 2012 1131 2059 de
1159 2011 1357 2059 decimis
1382 2018 1428 2058 et
1453 2011 1794 2058 oblationibus.
1864 2010 1992 2058 Cum
2025 2024 2143 2072 ergo
2175 2017 2337 2072 patres

588 2094 707 2156 legis
741 2094 911 2141 veteris
948 2101 1084 2140 erant
1119 2093 1169 2140 in
1203 2092 1374 2154 puerili
1415 2099 1569 2140 aetate
1613 2092 1759 2140 seculi
1797 2091 2159 2140 manuducendi
2193 2091 2339 2139 bonis

590 2175 949 2236 temporalibuS‚
986 2174 1172 2222 videtur
1213 2173 1348 2235 quod
1387 2174 1549 2221 minus
1591 2173 1757 2221 fuisset
1798 2173 2010 2221 illicitum
2045 2173 2180 2236 ipsos
2215 2181 2337 2221 tem-

589 2256 774 2318 poralia
796 2256 1038 2313 habuisse,
1064 2270 1212 2318 quarn
1235 2263 1455 2317 tempore
1480 2255 1599 2317 legis
1623 2256 1818 2317 gratiae,
1843 2269 1956 2303 cum
1979 2256 2070 2303 ista
2099 2255 2179 2303 lex
2201 2264 2339 2304 vetus

591 2337 722 2386 fuit1⁰
745 2353 830 2401 per
855 2337 1100 2385 Christum
1124 2345 1225 2384 tam
1242 2337 1391 2384 verbo
1416 2351 1564 2398 quam
1588 2351 1737 2398 opere
1762 2336 2074 2396 confirmata3
2110 2344 2159 2384 et
2184 2337 2339 2385 clerus

593 2421 737 2469 debet
790 2419 899 2482 plus
959 2420 1172 2481 aspirare
1220 2419 1283 2466 ad
1331 2417 1557 2466 coelestia
1603 2426 1651 2466 et
1692 2425 1975 2466 senescente
2009 2417 2198 2466 mundo
2230 2417 2340 2481 plus

594 2502 833 2549 declinare
858 2503 920 2549 ab
945 2501 1150 2549 avaritia.
1222 2498 1389 2547 Ideo¹l
1415 2499 1786 2547 concedendum
1809 2507 1884 2547 est
1906 2506 1960 2547 ut
1981 2515 2068 2563 per
2092 2514 2144 2548 se
2167 2507 2340 2547 notum

593 2583 828 2641 fidelibus,
854 2582 987 2645 quod
1011 2582 1238 2639 officium,
1264 2581 1398 2643 quod
1423 2579 1641 2629 Christus
1673 2581 1872 2629 instituit
1896 2581 1947 2628 in
1971 2581 2069 2629 suis
2093 2581 2338 2643 apostoliS,

594 2665 736 2713 debet
759 2666 810 2712 in
834 2680 1004 2712 eorum
1027 2664 1213 2712 vicariis
1238 2663 1494 2726 praecipue
1519 2664 1786 2721 observari3
1836 2663 1923 2710 sed
1955 2662 2070 2710 illud
2091 2662 2180 2710 fuit
2202 2677 2340 2725 prae-

594 2746 768 2794 dicatio
805 2747 936 2794 verbi
970 2745 1064 2793 Dei
1103 2753 1150 2794 et
1193 2751 1503 2806 contemptus
1551 2745 1707 2792 carnis
1747 2744 1918 2792 mundi
1960 2750 2105 2807 atque
2147 2743 2339 2792 diaboli.

595 2826 697 2875 Sed
727 2827 947 2890 episcopi
982 2835 1029 2874 et
1065 2826 1340 2875 sacerdotes
1375 2826 1524 2873 curati
1561 2825 1827 2874 succedunt
1847 2826 1898 2873 in
1934 2833 2110 2874 statum
2143 2833 2341 2888 aposto-

558 2950 559 2953 ,
594 2910 765 2967 lorum,
802 2923 920 2970 ergo
958 2909 1137 2956 debent
1171 2908 1430 2970 praecipue
1466 2907 1638 2955 istud12
1675 2909 1942 2955 observare.
2014 2906 2112 2955 Sed
2153 2914 2342 2956 constat

594 2991 767 3037 iterum
792 3005 853 3038 ex
876 2989 971 3038 fide
995 2998 1043 3038 et
1067 2990 1361 3052 experientia
1394 2988 1639 3047 infallibili,
1666 2989 1800 3051 quod
1831 2988 2067 3037 affectio1³
2087 2988 2163 3037 vel
2194 3003 2340 3037 occu-

595 3072 727 3134 patio
753 3072 879 3119 circa
901 3071 1140 3119 mundum
1165 3071 1382 3120 distrahit
1405 3073 1468 3120 ab
1501 3071 1662 3119 officio
1694 3069 2007 3132 praedicandi
2021 3085 2034 3129 ;
2077 3084 2195 3132 ergo
2229 3085 2341 3117 cum

594 3154 812 3216 episcopi
843 3153 996 3201 nostri
1028 3167 1129 3200 non
1162 3160 1274 3200 sunt
1305 3153 1531 3201 acutioris
1563 3152 1744 3214 ingenii
1769 3165 1916 3213 quam
1949 3158 2086 3198 erant
2116 3151 2338 3214 apostoli,

650 3326 664 3349 1
692 3324 795 3376 legis
814 3324 964 3376 novae]
985 3338 1115 3365 novae
1134 3325 1249 3378 legis,
1270 3325 1318 3365 C.
1537 3324 1553 3347 ²
1581 3323 1651 3376 de]
1673 3337 1756 3364 om.
1778 3324 1826 3364 C.
2027 3324 2042 3347 ³
2070 3335 2179 3364 nunc
2196 3323 2339 3375 debet]

596 3378 718 3418 debet
737 3392 857 3425 nunc,
877 3380 1009 3419 a.b.C.
1249 3380 1263 3402 4
1290 3378 1451 3430 fictitia]
1473 3378 1598 3424 fictio,
1620 3380 1667 3419 C.
1895 3378 1910 3400 ⁵
1938 3377 2099 3430 posset]
2118 3383 2269 3430 potest,
2291 3377 2339 3417 C.

596 3432 611 3455 ⁶
640 3433 728 3484 qui]
749 3446 830 3472 om.
852 3434 982 3473 a.b.C.
1165 3434 1179 3455 ⁷
1208 3434 1367 3486 posset]
1389 3439 1538 3485 potest,
1559 3434 1606 3473 C.
1785 3433 1800 3455 ⁸
1827 3431 2066 3484 decreverit]
2084 3431 2281 3477 docuerit,
2296 3444 2338 3479 Na.

596 3486 611 3508 ⁹
639 3487 699 3538 et]
722 3501 803 3527 om.
824 3488 957 3528 a.b.C.
1187 3490 1218 3512 ¹⁰
1245 3488 1340 3539 fuit]
1362 3501 1492 3539 neque
1511 3488 1598 3533 fuit,
1621 3487 1668 3527 C.
1897 3487 1926 3511 Π
1955 3485 2068 3538 ideo]
2090 3485 2187 3531 imo,
2206 3485 2337 3525 a.b.C.

598 3539 627 3562 ¹2
654 3542 870 3593 praecipue
889 3542 1017 3594 istud]
1039 3543 1148 3582 istud
1168 3542 1394 3594 praecipue,
1415 3555 1439 3580 a
1456 3542 1494 3580 b.
1663 3541 1690 3564 ¹³
1718 3540 1898 3591 affectio]
1920 3540 2099 3585 affectus,
2122 3539 2169 3580 C.
