2462 4114
384 432 491 486 340

1065 413 1494 477 JOANNIS
1564 413 1915 465 WICLIF
2220 433 2374 464 univ.

596 575 597 596 ;
623 550 774 598 taliter
809 547 1070 597 adoranda.
1142 547 1350 596 Adorari
1385 549 1516 597 enim
1553 548 1696 597 debet
1734 563 1796 596 ex
1830 548 1925 597 hoc
1958 548 2233 612 praecipue,
2269 550 2375 594 non

624 630 758 693 quod
782 630 887 692 ipsa
911 636 984 678 est
1017 643 1193 692 corpus
1220 629 1398 678 Christi
1429 629 1707 693 aliqualiter,
1733 628 1821 678 sed
1852 630 1966 692 quia
1995 628 2128 692 ipsa²
2158 628 2376 677 continet

624 715 673 760 in
699 728 749 760 se
775 710 1057 760 abscondite
1083 725 1258 774 corpus
1283 710 1473 760 Christi.
1546 710 1673 759 Cum
1697 725 1815 774 ergo
1839 711 1891 758 in
1919 710 2130 773 qualibet
2159 717 2378 759 creatura

625 794 797 842 realius
823 794 881 842 sit
905 793 1121 842 Trinitas
1144 794 1372 852 increata,
1396 809 1521 857 quae
1547 802 1619 842 est
1642 793 1789 856 longe
1821 793 2079 856 perfectior
2101 806 2249 856 quam
2280 791 2378 840 hoc

626 890 816 937 corpuS,
841 875 1025 923 videtur
1057 876 1191 938 quod
1223 884 1422 939 propter
1455 883 1739 925 contentum
1772 875 2112 924 absconditum
2135 873 2378 938 quaelibet

626 965 841 1005 creatura
873 957 931 1005 sit
955 957 1160 1020 amplius
1192 957 1454 1006 adoranda.
1526 956 1708 1006 Dicunt
1740 957 1886 1015 enim,
1920 956 2055 1020 quod
2089 957 2185 1005 hoc
2214 970 2379 1006 sacra-

625 1046 842 1086 mentum
865 1038 916 1085 in
940 1046 1110 1087 natura
1133 1053 1220 1087 sua
1245 1039 1304 1087 sit
1329 1040 1468 1102 pejus
1493 1053 1640 1101 quam
1664 1039 1802 1101 panis
1826 1038 2077 1097 furfureus,
2101 1037 2176 1087 vel
2199 1051 2378 1100 corpus

625 1118 822 1182 aliquod
862 1134 1178 1168 venenosum.
1263 1118 1371 1168 Nec
1419 1120 1585 1168 dubito
1632 1120 1752 1182 quin
1798 1119 1979 1173 debent
2025 1126 2380 1182 consequenter

625 1199 798 1258 dicere,
824 1199 958 1263 quod
990 1214 1169 1263 corpus
1193 1198 1370 1248 Christi
1402 1201 1460 1248 sit
1491 1200 1542 1247 in
1575 1200 1792 1263 quolibet
1822 1200 1905 1248 tali
1936 1214 2143 1263 corpore
2174 1213 2288 1249 cum
2318 1199 2380 1248 sit

625 1282 790 1344 utique
814 1281 1115 1344 spiritualiter
1137 1282 1188 1329 in
1212 1281 1426 1344 quolibet
1458 1296 1662 1344 corpore
1694 1281 1832 1344 regni
1856 1280 2047 1330 Christi.
2117 1280 2237 1330 Non
2259 1295 2380 1343 ergo

627 1362 858 1425 fingenda
882 1370 955 1412 est
987 1362 1076 1411 illis
1111 1363 1247 1422 rati0,
1273 1363 1390 1425 quin
1422 1377 1509 1425 per
1543 1363 1707 1412 locum
1730 1378 1760 1410 a
1784 1362 2036 1411 sufficienti
2072 1362 2379 1411 similitudine

629 1445 876 1507 quodlibet
899 1459 1075 1508 corpus
1101 1444 1334 1507 signabile
1360 1444 1420 1492 sit
1443 1451 1631 1492 tantum
1657 1443 1733 1492 vel
1757 1443 1962 1507 amplius
1993 1451 2048 1492 ut
2077 1443 2200 1492 haec
2222 1442 2381 1492 hostia

629 1524 946 1584 adorandum,
972 1541 1085 1574 cum
1118 1526 1168 1573 in
1200 1534 1371 1574 natura
1400 1524 1513 1574 sua²
1537 1525 1596 1573 sit
1619 1525 1806 1583 melius,
1831 1533 1879 1573 et
1911 1540 2065 1589 aeque
2096 1524 2285 1574 realiter
2306 1523 2380 1573 vel

629 1608 799 1656 realius
823 1608 1041 1657 continet
1063 1608 1113 1655 in
1138 1622 1190 1656 se
1216 1622 1395 1671 corpus
1419 1607 1738 1656 Dominicum
1760 1614 1809 1655 et
1831 1606 1978 1655 etiam
2003 1606 2305 1655 Trinitatem.

696 1690 841 1739 Unde
860 1690 1045 1738 videtur
1068 1690 1229 1738 multis
1253 1689 1487 1748 fidelibus,
1513 1689 1648 1753 quod
1671 1688 1839 1737 fratres
1863 1689 1940 1737 isti
1963 1689 2014 1737 in
2036 1687 2134 1736 hoc
2157 1687 2383 1751 blasphe-

629 1779 818 1820 mantes
841 1772 890 1819 in
910 1770 1154 1819 Christum
1178 1771 1442 1819 infinitum³
1458 1771 1580 1834 plus,
1600 1770 1863 1834 quantum4
1886 1770 1937 1817 in
1962 1770 2032 1819 eis
2055 1776 2142 1828 est,
2160 1769 2381 1817 inficiunt

628 1853 724 1902 hoc
753 1852 1023 1901 venerabile
1056 1860 1425 1910 sacramentum,
1451 1867 1599 1916 quam
1633 1852 1674 1900 si
1705 1852 1894 1900 linirent
1926 1852 2088 1914 ipsum
2123 1866 2237 1900 cum
2272 1865 2380 1900 cor-

629 1934 782 1997 porali
821 1948 1013 1981 veneno
1055 1942 1101 1982 et
1139 1933 1460 1981 intoxicarent
1498 1948 1762 1996 personam
1802 1933 2115 1996 praecipuam
2150 1932 2380 1981 ecclesiae

630 2015 888 2075 militantiS‚
916 2017 1052 2080 quia⁵
1083 2017 1365 2080 blaspheme
1401 2018 1591 2065 mentiri
1623 2018 1674 2064 in
1699 2015 1947 2065 Christum
1981 2025 2055 2065 est
2085 2017 2243 2080 majus
2262 2030 2382 2080 pec·

633 2105 807 2155 catum,
832 2113 981 2161 quarn
1014 2098 1137 2147 foret
1171 2099 1277 2146 talis
1309 2098 1591 2147 intoxicatio
1618 2097 1839 2146 Caesaris
1872 2098 1971 2146 sive
2002 2113 2191 2162 papae.·-
2243 2097 2383 2158 Quo-

631 2178 782 2226 modo
818 2194 935 2242 ergo
970 2180 1194 2228 timerent
1227 2179 1346 2229 tales
1381 2187 1540 2228 sectae
1575 2180 1767 2228 mentiri
1803 2194 1948 2242 super
1983 2179 2104 2228 alios
2139 2180 2383 2243 simplices

636 2258 954 2318 ChristianOS,
975 2261 1174 2323 quando
1198 2276 1301 2308 non
1319 2261 1491 2308 timent
1509 2261 1701 2308 mentiri
1719 2267 1818 2308 tam
1841 2259 2034 2323 publice
2059 2275 2204 2324 super
2223 2260 2384 2310 Chris·

632 2349 736 2388 turn
771 2348 819 2388 et
857 2340 1153 2389 Dominum⁶
1196 2341 1402 2389 veritatis
1432 2342 1450 2388 ?
1511 2340 1561 2390 Si
1602 2356 1720 2404 ergo
1762 2340 1917 2389 fidelis
1956 2341 2155 2391 tenens*
2190 2350 2384 2406 tempo-

634 2420 743 2469 ralis
784 2422 968 2469 domini
1010 2422 1270 2471 offenditur
1306 2421 1376 2473 et⁸
1412 2422 1554 2471 offert
1592 2437 1644 2471 se
1685 2422 1748 2471 ad
1788 2437 2008 2485 pugnam
2047 2431 2247 2488 propter
2285 2424 2383 2474 hoc

633 2501 767 2564 quod
808 2502 950 2550 alius⁹
985 2504 1212 2551 mentitur
1253 2504 1303 2551 in
1342 2502 1726 2551 diffamationem
1765 2518 1912 2567 super
1947 2518 2089 2553 suum
2128 2505 2383 2554 dominum

631 2583 963 2645 temporalem,
1000 2591 1182 2646 quanto
1219 2585 1375 2647 magis
1411 2584 1565 2633 fidelis
1599 2585 1811 2647 quilibet,
1837 2586 1919 2648 qui
1956 2584 2102 2635 debet
2136 2585 2383 2637 Christum

632 2678 821 2712 summe
855 2665 1064 2727 diligere,
1091 2665 1417 2714 offenderetur
1440 2673 1488 2714 et
1510 2666 1819 2729 impugnaret
1844 2667 2190 2730 spiritualiter¹⁰
2212 2676 2384 2718 contra

631 2745 777 2793 talem
823 2746 1085 2808 quemlibet
1131 2746 1530 2809 pseudofratrem.
1627 2746 1679 2796 Si
1725 2756 1889 2797 autem
1934 2749 2140 2812 experiri
2184 2750 2384 2799 voluerit

634 2827 787 2876 fidelis
820 2829 1044 2891 populuS,
1070 2837 1230 2878 utrum
1265 2830 1385 2878 tales
1421 2837 1580 2878 sectae
1615 2830 1685 2878 sic
1721 2830 1920 2880 credunt
1954 2839 2003 2880 et
2035 2831 2302 2881 defendunt
2331 2840 2385 2881 ut

633 2909 749 2972 ipsis
777 2910 1055 2973 imponitur,
1079 2911 1238 2959 videat
1269 2911 1521 2973 diligenter
1544 2918 1592 2959 et
1623 2911 1898 2973 prudenter,
1923 2913 2039 2975 quid
2069 2913 2162 2976 ipsi
2193 2921 2385 2976 ponunt

633 2990 729 3039 hoc
753 2991 1025 3039 venerabile
1051 2999 1421 3040 sacramentum.
1493 2990 1643 3050 Quod
1668 2992 1708 3040 si
1731 2992 1917 3052 nolunt,
1941 2995 2163 3042 nesciunt
2185 2994 2258 3043 vel
2280 3009 2384 3042 non

635 3072 813 3121 audent
861 3072 1035 3131 dicere,
1078 3074 1186 3136 quis
1232 3088 1335 3122 non
1379 3072 1576 3121 habebit
1622 3073 1756 3136 ipsos
1804 3082 2070 3137 suspect08‚
2113 3090 2226 3124 cum
2270 3090 2384 3140 pars

633 3153 721 3203 illis
745 3154 983 3203 contraria
1008 3155 1141 3213 sciat,
1166 3153 1276 3202 velit
1299 3160 1348 3202 et
1371 3153 1546 3202 audeat
1570 3169 1631 3202 ex
1655 3153 1937 3205 fundatione
1963 3156 2198 3219 evangelii
2222 3157 2381 3207 dicere

689 3284 703 3308 ²
732 3283 840 3337 ipsa]
861 3284 961 3338 ipse,
977 3283 1040 3325 ed.
1061 3296 1122 3337 pr.
1304 3282 1321 3308 ²
1348 3284 1441 3337 sua]
1463 3297 1544 3325 om.
1565 3284 1628 3325 ed.
1647 3298 1709 3337 pr.
1888 3284 1904 3310 ³
1929 3285 2152 3340 infinitum]
2173 3286 2314 3335 filium,
2336 3254 2384 3329 B,

633 3339 790 3415 &mae
807 3338 1130 3433 manuffi‘cpr'
1205 3391 1221 3416 ο
1250 3338 1724 3446 Βζιὲἓῖἶξῗῧὶὲἓῗῗ
1738 3339 1798 3434 ἒ·
1818 3339 2218 3436 ἓήωὲἓέὲᾞῗιξ·
2237 3342 2301 3436 Ξ·
2319 3355 2382 3436 ΡΞ·

634 3445 649 3468 ⁷
677 3392 1008 3508 (tldlrize‘gsrjllaslgrvus,
1029 3446 1082 3486 Α
1104 3447 1316 3495 secundae,
1336 3448 1384 3488 C.
1405 3447 1560 3500 primae
1577 3423 1735 3488 manus:
1777 3423 1800 3440 ⁹⁹
1858 3423 1868 3434 θ
1888 3407 1916 3447 p
2007 3447 2024 3471 ⁸
2050 3449 2112 3502 et]
2133 3426 2219 3490 om:
2237 3426 2300 3490 ed:
2320 3409 2382 3503 gr.

635 3499 650 3522 ⁹
678 3499 800 3562 alius]
835 3500 993 3553 allquis‚
1029 3501 1077 3541 C.
1109 3501 1172 3541 ed.
1202 3514 1263 3554 pr.
1515 3501 1546 3525 ¹⁰
1573 3501 1833 3554 impugnaret
1866 3501 2149 3557 spiritualiter]
2180 3510 2382 3557 pugnaret

637 3553 875 3604 speciahter,
896 3554 1050 3595 A.B.C.
1070 3555 1134 3595 ed.
1154 3568 1215 3608 pr.
2130 3558 2143 3567 ‘
