2436 4094
129 434 262 471 ω,
731 419 842 468 TR
859 420 952 469 [Α
974 421 1021 468 L
1048 422 1091 470 0
1111 421 1158 471 G
1183 420 1300 470 σε.
1466 392 1469 397 ’
1671 465 1674 467 ,
2020 432 2121 487 145

127 551 314 601 videtur
331 552 515 602 licitum
538 553 742 602 limitare
766 554 1143 618 significationes
1166 555 1303 614 illius,
1323 553 1593 604 secundum
1617 554 1752 618 quod
1778 570 1880 603 ma-

128 633 204 696 gis
223 635 449 682 convenit
474 634 611 682 cum¹
631 635 880 698 scriptura.
940 635 1108 684 Potest
1131 645 1294 684 autem
1306 642 1540 698 peccatum
1566 636 1662 684 dici
1677 637 1879 694 mortale,

127 715 262 778 quod
297 715 500 778 dignum
535 723 608 764 est
630 725 785 764 morte
823 717 1062 765 secunda²
1086 718 1244 780 puniri
1279 733 1340 764 ex
1377 718 1572 765 arbitrio
1595 717 1689 765 Dei
1714 717 1880 765 nostri.

125 792 191 840 Et
209 793 278 841 sic
302 793 461 841 solum
484 802 740 856 peccatum
759 794 915 842 finalis
933 796 1328 857 impoenitentiae
1352 795 1507 859 (quod
1532 804 1606 843 est
1623 804 1879 858 peccatum

125 875 179 924 in·
212 874 443 938 Spiritum
477 873 732 939 Sanctum)
758 878 952 940 proprie
988 885 1061 924 est
1092 877 1324 935 mortale;
1362 877 1691 939 quodcunque
1716 886 1878 925 autem

125 959 255 1008 aliud
287 966 555 1021 peccatum,
580 974 694 1006 cum
726 960 784 1007 sit
807 958 1010 1022 dignum
1035 960 1187 1017 venia,
1213 968 1374 1022 potest
1406 959 1500 1007 dici
1535 961 1879 1008 rationabiliter

121 1041 312 1089 veniale.
384 1039 483 1088 Sed
505 1041 619 1103 quia
641 1049 843 1102 peccata
866 1041 1083 1099 actualia,
1109 1056 1234 1103 quae
1259 1042 1548 1102 extinguunt
1571 1042 1776 1103 gratiam
1803 1055 1878 1087 se-

121 1121 340 1171 cundum
362 1130 667 1184 praesentem
693 1122 937 1184 justitiam,
959 1130 1071 1170 sunt
1095 1123 1236 1170 nobis
1260 1123 1311 1169 in
1335 1123 1562 1170 limitibus
1585 1123 1682 1170 suis
1707 1123 1877 1184 incog-

120 1205 237 1262 nita,
262 1204 374 1253 ideo
396 1203 582 1251 videtur
605 1203 738 1265 quod
763 1203 997 1251 debemus
1025 1219 1212 1251 servare
1237 1219 1329 1257 nos
1354 1205 1404 1251 in
1427 1204 1656 1252 limitibus
1687 1211 1881 1251 nostrae

123 1285 336 1343 notitiae,
361 1294 409 1334 et
431 1300 534 1333 non
551 1285 673 1334 ultra
690 1301 838 1348 quam
856 1287 1103 1334 noscimus
1122 1286 1379 1348 superbire.
1452 1286 1516 1334 Et
1534 1294 1667 1349 patet
1685 1301 1746 1333 ex
1771 1286 1879 1342 ist0,

121 1366 260 1430 quod
280 1366 564 1430 ignoramus
582 1367 716 1430 quod
740 1375 996 1429 peccatum
1021 1368 1081 1415 sit
1105 1368 1288 1415 veniale
1312 1369 1362 1415 in
1385 1368 1528 1415 nobis
1551 1367 1805 1424 viantibuS,
1833 1374 1880 1413 et
1939 1380 2163 1448 ζῖἓὲτέιθηειὲζω

121 1449 258 1512 quod
275 1448 507 1508 mortale;
543 1448 655 1496 ideo
680 1448 915 1496 debemus
941 1449 1268 1511 quodcunque
1288 1457 1542 1512 peccatum
1567 1448 1747 1510 fugere,
1769 1463 1881 1495 cum
1939 1447 2179 1515 {liggevgfflgffgffi

122 1529 417 1593 generaliter¹
442 1530 788 1592 cognoscimus
821 1531 1008 1592 peccati
1041 1531 1324 1592 periculum,
1351 1538 1399 1578 et
1430 1531 1535 1593 ejus
1568 1529 1880 1592 gravedinem
1938 1516 2122 1610 ἓῖἓὲαῗὲἳε

123 1612 420 1675 ignoramus.
490 1611 658 1660 Potest
692 1619 854 1659 autem
891 1611 1218 1674 quodcunque
1256 1620 1513 1674 peccatum
1549 1611 1644 1659 dici
1682 1610 1880 1671 ingrati·
1939 1591 2135 1690 §5331ssssss

1950 1693 1968 1710 n
1991 1684 2019 1710 n‘

123 1691 243 1742 tudo
289 1696 552 1758 peccantis,
597 1697 711 1759 quia
751 1695 1108 1744 considerando
1163 1696 1506 1758 gratitudinem
1553 1695 1662 1753 Dei,
1712 1702 1882 1742 contra
1939 1684 2074 1746 ὶῑῖἷὲὲῗο
2086 1693 2153 1719 ‘³¹³‘

124 1789 272 1838 quem
309 1776 468 1824 solum
503 1784 748 1840 peccatur,
774 1776 869 1824 hoc
906 1784 978 1824 est
1002 1791 1105 1824 non
1141 1784 1370 1838 peccatur
1403 1784 1572 1823 contra
1607 1775 1752 1822 aliurn
1790 1775 1881 1821 nisi

124 1864 352 1920 peccetur
389 1858 714 1921 principaliter
755 1865 927 1906 contra
967 1857 1114 1914 illum,
1158 1864 1321 1919 potest
1369 1857 1524 1904 fidelis
1572 1856 1880 1904 considerare

123 1939 310 2004 peccati
346 1939 673 2002 gravedinem.
746 1939 860 2002 Ipse
901 1941 1032 1987 enim
1074 1939 1163 1987 fuit
1196 1939 1438 1986 infinitum
1477 1946 1641 2001 gratus
1680 1938 1882 1996 homini,

124 2035 238 2069 cum
262 2036 350 2071 sua
371 2021 614 2084 gratitudo
639 2036 742 2070 non
765 2029 926 2084 potest
944 2021 1173 2068 limitibus
1198 2020 1342 2067 finitis
1367 2020 1662 2079 mensurari;
1700 2028 1747 2067 et
1771 2035 1883 2067 cum

123 2103 448 2166 inquantum
484 2102 726 2166 gratitudo
768 2110 842 2150 est
882 2103 1053 2165 maJ'or,
1091 2102 1384 2164 ingratitudo
1427 2102 1675 2163 peccantis
1714 2110 1884 2148 contra

123 2182 255 2232 illam
279 2191 353 2232 est
375 2184 580 2246 gravior,
605 2182 791 2231 videtur
823 2183 959 2245 quod
992 2197 1141 2230 omne
1173 2190 1431 2244 peccatum
1462 2181 1610 2229 habet
1642 2182 1882 2229 rationem

125 2263 400 2328 gravedinis
439 2265 669 2314 infinitae.
743 2264 982 2322 Similiter,
1024 2272 1077 2311 ut
1117 2263 1291 2326 loquar
1333 2262 1603 2311 secundum
1645 2263 1883 2325 politicos,

125 2346 179 2395 in
201 2354 440 2410 quantum
462 2346 684 2405 dominus,
710 2354 880 2396 contra
904 2361 1052 2408 quem
1076 2353 1320 2408 peccatur,
1346 2352 1418 2392 est
1441 2345 1596 2402 altior,
1622 2345 1673 2392 in
1697 2353 1883 2394 tantum

124 2435 382 2492 peccatum
413 2428 730 2476 commissum
761 2435 932 2475 contra
960 2427 1093 2475 illum
1129 2435 1203 2475 est
1236 2426 1481 2489 gravius³;
1528 2426 1616 2474 sed
1639 2426 1776 2474 Deus
1812 2436 1884 2475 est

60 2531 62 2533 >
124 2509 368 2558 infinitum
397 2515 610 2572 'magnus
647 2509 888 2566 dominus,
915 2523 1033 2571 ergo
1070 2516 1327 2570 peccatum
1366 2515 1535 2555 contra
1576 2506 1709 2554 illum
1748 2523 1883 2555 com-

126 2591 331 2638 missum
355 2589 780 2653 proportionaliter
809 2596 881 2636 est
913 2604 1072 2650 grave.
1147 2588 1370 2635 Similiter
1391 2597 1444 2635 ut
1468 2589 1639 2634 malum
1672 2597 1745 2637 est
1777 2590 1884 2651 plus

125 2671 390 2729 detestabile,
409 2678 483 2719 est
505 2669 928 2733 proportionaliter
951 2670 1108 2731 magis
1132 2670 1329 2726 malum,
1350 2669 1436 2717 sed
1455 2684 1603 2716 omne
1628 2679 1883 2731 peccatum

124 2752 310 2802 videtur
333 2767 440 2800 esse
463 2752 706 2799 infinitum
730 2750 1025 2807 detestabile,
1051 2758 1099 2797 et
1122 2765 1209 2812 per
1242 2764 1549 2811 consequens
1583 2751 1647 2798 ita
1671 2752 1881 2810 malum;

125 2849 243 2883 nam
266 2833 689 2897 proportionaliter
712 2839 765 2879 ut
789 2831 924 2878 Deus
957 2839 1029 2878 est
1062 2831 1347 2892 appetibilis,
1373 2840 1446 2878 est
1478 2841 1736 2893 peccatum
1761 2833 1883 2894 fugi·
1927 2828 1932 2833 ”

124 2916 235 2974 bile,
261 2930 375 2964 cum
398 2922 570 2963 mutuo
595 2913 1007 2975 correspondent;
1047 2913 1134 2960 sed
1158 2911 1294 2960 Deus
1319 2920 1392 2959 est
1424 2913 1663 2961 infinitum
1697 2915 1882 2977 appeti-

15 2987 17 3018 3
67 3041 71 3045 a
125 2997 251 3057 bilis,
275 3011 393 3059 ergo
428 3003 688 3060 peccatum
721 3002 794 3043 est
827 2993 1067 3041 infinitum
1100 2992 1298 3055 sugibile
1334 3002 1380 3040 et
1416 2995 1485 3041 sic
1520 2994 1727 3054 malum;
1781 3010 1882 3043 non

126 3079 260 3127 enim
290 3086 492 3143 propter
523 3078 712 3125 bonum
746 3076 933 3123 finitum
957 3075 1031 3122 vel
1065 3074 1306 3122 infinitum
1331 3074 1552 3123 deberet⁴
1577 3076 1684 3137 quis
1707 3091 1883 3138 pecca-

125 3167 230 3208 tum
254 3159 580 3225 committere.
652 3157 814 3216 Unde,
839 3164 892 3204 ut
925 3156 1097 3219 loquar
1129 3165 1364 3219 tanquam
1390 3157 1578 3220 logicus
1602 3158 1881 3216 hodiernus,

128 3254 279 3304 pone,
321 3240 457 3304 quod
498 3240 720 3288 diabolus
766 3239 1014 3302 promittat
1055 3237 1241 3285 homini
1284 3239 1374 3286 sub
1421 3239 1701 3287 conditione
1749 3239 1882 3302 quod

129 3329 314 3385 peccet,
333 3329 516 3370 certum
530 3321 731 3378 bonum,
748 3321 798 3367 in
818 3320 973 3383 prima
991 3327 1125 3381 parte
1141 3320 1495 3382 proportionali
1512 3320 1636 3368 illius
1655 3320 1818 3379 horae,
1835 3329 1883 3369 et

128 3506 138 3522 ⁸
185 3506 200 3531 ¹
229 3505 343 3558 cum]
364 3506 420 3552 in,
440 3506 504 3546 ed.
524 3519 586 3559 pr.
898 3503 914 3527 ²
943 3476 1076 3544 morte
1095 3503 1292 3555 secunda]
1314 3510 1458 3550 morte,
1480 3504 1716 3552 secundum.
1737 3506 1800 3547 ed.
1821 3520 1881 3560 pr.

119 3560 135 3584 ⁸
173 3559 354 3614 gravius]
375 3559 738 3613 proportionaliter
757 3571 892 3611 grave,
915 3559 1068 3598 A.B.C.
1180 3557 1194 3580 ⁴
1221 3557 1406 3610 deberet]
1429 3558 1563 3605 debet,
1586 3559 1741 3600 A.B.C.

198 3643 496 3678 TRIALOGUS.
989 3641 1018 3674 L
