2462 4114
312 343 637 351 ..-—-——a·——-—

1094 430 1517 494 JOANNIS
1587 432 1935 482 WICLIF
2237 451 2395 480 univ.

646 565 721 613 vel
744 564 930 627 maj0ri‚
957 563 1114 611 solum
1138 563 1272 613 Deus
1297 573 1459 628 potest
1483 566 1645 628 partiri
1670 566 1906 613 rationem
1930 565 2099 623 meriti,
2127 563 2397 615 secundum

646 647 780 709 quod
820 661 1105 708 promerens
1143 645 1255 693 facit
1293 661 1344 693 se
1387 647 1612 708 dignum¹
1653 647 1703 693 in
1738 647 1833 694 vita
1867 647 2078 709 propria.
2155 645 2244 694 Est
2279 659 2398 707 ergo

646 727 899 775 manifesta
933 726 1233 788 blasphemia
1265 743 1587 790 praesumere,
1620 727 1754 790 quod
1785 728 1965 790 aliquid
1996 743 2099 776 non
2129 727 2265 776 Deus
2302 726 2399 776 dis-

647 807 848 856 tribuat²
871 809 1040 855 merita
1064 809 1238 870 quibus
1263 810 1401 856 volet.

715 890 811 938 Sed
835 896 1002 951 quarto
1026 899 1232 953 arguunt
1255 891 1423 939 fratres
1447 907 1532 955 per
1551 893 1714 940 locum
1739 907 1767 939 a
1791 892 1933 939 simili
1952 893 2074 940 sicut
2096 892 2243 955 prius,
2262 891 2398 954 quod

646 974 798 1019 sancti
833 973 885 1019 in
921 973 1060 1020 coelo
1098 973 1214 1020 dant
1249 973 1404 1035 ipsisss,
1443 975 1525 1035 qui
1562 974 1676 1021 sibi4
1711 973 2076 1021 benefecerant⁵
2110 973 2188 1021 hic
2223 973 2273 1020 in
2307 974 2397 1030 via,

646 1068 925 1101 mensuram
973 1054 1156 1100 bonam
1204 1054 1472 1102 confertam
1519 1055 1811 1116 coagitatam
1859 1063 1906 1102 et
1959 1054 2396 1117 supereffluentem,

643 1142 695 1181 ut
729 1134 899 1182 dicitur
922 1134 1085 1182 Lucae
1109 1136 1165 1182 vi.
1185 1151 1197 1192 3
1242 1136 1383 1197 ergo⁰
1407 1151 1494 1198 per
1524 1136 1654 1183 idem
1686 1136 1795 1184 licet
1818 1136 1891 1184 et⁷
1913 1136 2134 1184 fratribus
2159 1136 2273 1184 dare
2297 1135 2398 1183 suis

643 1215 1032 1263 benefactoribus
1057 1216 1216 1263 minus
1239 1218 1442 1263 bonum.
1515 1217 1612 1264 Sed
1634 1217 1712 1264 hic
1737 1217 1942 1265 concedi
1967 1217 2111 1265 debet
2133 1217 2398 1275 conclusio,

644 1312 754 1346 cum
796 1296 965 1344 fratres
1008 1296 1124 1344 dant
1161 1298 1481 1344 communiter
1516 1297 1819 1345 fraudulenta
1851 1313 2087 1360 responsa
2120 1305 2170 1346 et
2202 1306 2398 1347 naturas

643 1379 759 1426 alias
784 1379 969 1426 vitiatas
1007 1379 1104 1425 suis
1129 1378 1518 1426 benefactoribus
1554 1379 1632 1426 hic
1667 1379 1718 1425 in
1742 1381 1843 1438 via;
1893 1380 2000 1441 quis
2031 1394 2150 1442 ergo
2183 1380 2331 1438 color,
2357 1381 2398 1428 si

645 1460 798 1507 sancti
835 1460 950 1507 dant
986 1460 1331 1507 accidentalem
1371 1459 1739 1508 beatitudinem⁸
1778 1459 2166 1509 benefactoribus
2207 1461 2306 1509 suis
2346 1461 2398 1508 in

644 1542 809 1602 patria,
832 1556 949 1602 ergo
976 1556 1061 1603 per
1085 1542 1215 1588 idem
1240 1541 1349 1588 licet
1376 1542 1510 1603 paria
1534 1541 1756 1589 fratribus
1781 1542 1895 1589 dare
1919 1543 2089 1590 merita
2111 1542 2189 1590 hic
2211 1543 2264 1591 in
2287 1543 2397 1591 via?

645 1622 779 1669 Beati
804 1623 935 1669 enim
968 1622 1085 1669 dant
1117 1622 1352 1684 objective
1385 1623 1730 1670 beatitudinem
1753 1623 1900 1671 talem
1931 1631 1978 1671 et
2009 1639 2112 1672 non
2135 1624 2397 1687 subjective

646 1704 718 1751 vel
756 1704 1016 1751 efficienter
1055 1704 1175 1751 sicut
1210 1703 1359 1761 Deus,
1404 1704 1485 1766 qui
1522 1704 1727 1751 illabitur
1767 1701 1844 1751 in⁹
1883 1705 2063 1764 beatis;
2117 1713 2165 1753 et
2204 1705 2284 1753 illa
2323 1713 2397 1753 est

647 1789 658 1809 ‘
675 1800 900 1832 mensura
945 1785 1104 1842 bona,'
1154 1786 1267 1846 quia
1313 1787 1498 1832 bonum
1547 1786 1920 1847 supernaturale,
1964 1790 1975 1811 ‘
1992 1786 2237 1845 conferta,'
2284 1788 2399 1850 quia

646 1866 796 1926 replet
851 1867 1166 1927 capacitatem
1221 1867 1411 1913 animae
1465 1868 1724 1925 bonorum,
1774 1871 1786 1892 ‘
1802 1866 2072 1930 coagitata,'
2127 1868 2241 1930 quia
2292 1869 2396 1916 sine

647 1947 881 1994 vacuitate
914 1947 1056 2008 plene
1093 1947 1292 2004 firmata,
1319 1956 1366 1994 et
1392 1951 1402 1971 ‘
1420 1948 1836 2010 supereffluens1⁰,’
1872 1950 1985 2011 quia
2015 1965 2160 2012 supra
2193 1950 2395 1998 beatitu-

647 2028 810 2074 dinem
834 2029 1135 2075 essentialem
1161 2029 1348 2090 plenius
1382 2030 1649 2087 cumulata;
1699 2030 1787 2077 sed
1819 2031 1887 2078 sic
1919 2030 2034 2078 dare
2062 2038 2135 2078 est
2157 2031 2397 2078 infinitum

646 2108 843 2156 inferius
868 2125 1015 2170 quam
1048 2111 1270 2157 meritum
1306 2110 1560 2172 impartiri;
1610 2119 1656 2158 et
1682 2111 1749 2158 sic
1781 2112 1864 2158 ubi
1887 2111 2080 2159 Lucifer
2103 2112 2253 2160 voluit
2287 2127 2395 2160 esse

647 2190 813 2237 similis
838 2190 1100 2248 Altissimo,
1126 2191 1203 2238 isti
1229 2191 1396 2239 fratres
1421 2201 1734 2253 praesumunt
1766 2193 1994 2254 implicite
2018 2193 2182 2242 Deum
2206 2209 2236 2241 a
2267 2202 2393 2243 statu

648 2286 736 2322 Suo
761 2271 1014 2318 excludere
1040 2280 1086 2319 et
1109 2272 1159 2318 in
1184 2287 1235 2319 se
1259 2272 1376 2333 ipsis
1401 2287 1645 2320 assumere
1671 2281 1847 2320 statum
1871 2274 1977 2321 Dei.

722 2351 891 2409 Quinto
909 2361 1116 2414 arguunt
1134 2352 1301 2400 fratres
1320 2368 1406 2414 per
1422 2354 1585 2401 locum
1604 2368 1632 2400 a
1651 2354 1791 2401 simili
1816 2355 1938 2402 sicut
1963 2370 2134 2418 supra;
2172 2360 2185 2381 ‘
2199 2357 2393 2420 papae,’

650 2428 882 2495 inquiunt,
921 2436 932 2457 ‘
950 2434 1237 2481 distribuunt
1272 2436 1440 2482 merita
1475 2443 1752 2482 sanctorum
1787 2435 1838 2482 in
1873 2435 2034 2495 coelis,
2069 2445 2122 2485 ut
2161 2446 2293 2501 patet
2333 2438 2395 2486 de
2440 2463 2445 2478 v>

647 2514 983 2575 indulgentiis3
1045 2530 1156 2562 cum
1202 2531 1319 2577 ergo
1367 2515 1535 2563 fratres
1587 2517 1680 2563 sint
1727 2517 1952 2578 aequales
1998 2518 2138 2580 papis
2183 2534 2283 2581 quo
2328 2519 2393 2568 ad

646 2603 866 2643 naturam
902 2597 1168 2654 sacerdotii,
1194 2598 1379 2644 videtur
1414 2613 1500 2659 per
1534 2597 1696 2645 locum
1732 2612 1761 2644 a
1795 2598 1981 2660 majori,
2012 2599 2146 2661 quod
2179 2599 2290 2648 licet
2325 2601 2394 2649 eis

647 2677 929 2724 distribuere
970 2678 1140 2725 merita
1183 2678 1378 2740 propria
1418 2679 1592 2740 quibus
1638 2676 1826 2726 volent.'
1917 2667 2026 2727 Sed*
2059 2679 2138 2728 hic
2185 2682 2392 2741 attende,

646 2758 898 2819 quomodo
922 2758 1088 2806 fratres
1114 2760 1273 2821 primo
1297 2769 1525 2806 accusant
1549 2775 1714 2822 papas,
1741 2761 1957 2808 secundo
1981 2762 2233 2823 quomodo
2257 2778 2394 2811 usur-

646 2848 764 2901 pant
788 2855 894 2887 esse
918 2841 986 2887 eis
1011 2841 1261 2902 aequales:
1299 2849 1345 2888 et
1370 2842 1507 2888 tertio
1532 2842 1782 2902 quomodo
1816 2842 2117 2890 contendunt
2148 2843 2219 2892 eis
2242 2843 2393 2892 esse11

648 2922 931 2983 superiores.
1003 2921 1163 2984 Papae
1189 2921 1363 2968 enim¹²
1387 2937 1488 2968 non
1514 2922 1788 2969 concedunt
1811 2923 1930 2971 tales
1953 2924 2275 2986 indulgentias
2299 2926 2392 2975 nisi

646 3017 875 3064 expressa
899 3002 1192 3059 conditione,
1218 3002 1351 3064 quod
1382 3002 1617 3059 homines,
1644 3003 1816 3063 quibus
1849 3005 2138 3064 concedunt,
2164 3006 2257 3053 sint
2279 3023 2390 3055 vere

646 3083 856 3131 confessi
899 3092 947 3130 et
989 3083 1175 3130 contriti
1191 3099 1203 3141 ;
1257 3083 1425 3130 fratres
1467 3092 1628 3130 autem
1669 3084 1810 3130 istam
1847 3082 2178 3134 conditionem
2213 3090 2389 3136 contri-

644 3164 790 3212 tionis
826 3179 928 3211 non
962 3171 1248 3211 memorant.
1322 3164 1511 3212 Scimus
1546 3172 1709 3211 tamen
1744 3165 1879 3226 quod
1909 3165 2044 3214 Deus
2085 3182 2188 3215 non
2227 3177 2390 3231 potest

698 3279 722 3304 L
741 3279 931 3331 dignum]
961 3279 1188 3331 indignum,
1210 3279 1256 3318 Β.
1279 3279 1478 3318 secundae
1497 3291 1654 3317 manus.
1869 3278 1885 3302 ²
1911 3279 2147 3334 distribuat]
2167 3281 2388 3330 distribuit,

644 3332 796 3373 A.B.C.
916 3382 918 3385 Α
962 3332 979 3356 ³
1006 3333 1124 3385 ipsis]
1145 3333 1257 3384 prius
1277 3333 1387 3385 ipsis,
1407 3332 1470 3372 ed.
1491 3346 1551 3385 pr.
1680 3331 1696 3355 ⁴
1724 3333 1822 3385 sibi]
1842 3346 1924 3373 om.
1945 3334 2007 3374 ed.
2027 3347 2089 3387 pr.
2224 3335 2241 3359 ⁵
2267 3337 2389 3378 bene-

642 3386 838 3438 fecerant]
860 3387 1154 3433 benefacerent,
1174 3387 1277 3426 Α.Β.
1469 3387 1485 3409 ⁶
1513 3386 1632 3438 ergo]
1653 3399 1743 3439 ego,
1765 3388 1827 3427 ed.
1849 3401 1909 3440 pr.
2087 3388 2103 3411 '¹
2130 3387 2192 3441 et]
2213 3389 2387 3437 duobus,

643 3440 798 3481 A.B.C.
819 3441 882 3481 ed.
902 3454 962 3493 pr.
1154 3441 1170 3464 ⁸
1197 3440 1264 3480 hic
1283 3441 1325 3480 in
1339 3440 1772 3493 via—beatitudinem]
1794 3454 1875 3481 om.
1895 3442 2000 3482 A.B.
2204 3443 2221 3467 ⁹
2247 3443 2310 3496 in]
2331 3451 2386 3491 et,

643 3494 705 3553 ed.
725 3507 786 3586 ῙΧ.
978 3495 1010 3520 ¹⁰
1037 3494 1087 3534 cf.
1105 3496 1203 3535 Luc.
1224 3495 1276 3535 vi.
1296 3495 1361 3544 38.
1573 3493 1601 3518 ¹¹
1630 3494 1736 3546 esse]
1757 3508 1839 3534 om.
1858 3496 1923 3535 ed.
1944 3509 2005 3547 pr.
2198 3496 2230 3520 ¹²
2255 3498 2386 3551 enim]

644 3558 713 3592 εις,
779 3578 787 3587 .
