2496 4108
145 443 280 482 w..
318 394 336 401 ’
742 427 852 476 TR
868 427 960 476 [Α
984 429 1030 476 L
1055 430 1099 478 ο
1119 429 1167 480 G
1194 429 1311 480 US.

50 560 58 566 ”
146 560 402 623 quomodo
434 559 604 611 fratres
638 560 714 611 vel
749 561 827 610 alii
862 571 1070 625 possunt
1105 564 1437 627 subterfugere
1473 566 1710 615 rationem
1745 566 1902 625 istam,

55 683 59 715 ὲ
146 643 240 692 nisi
262 642 387 692 forte
418 643 606 707 fingant
637 659 835 693 sensum
859 644 972 693 fidei
996 645 1140 708 hujus
1174 647 1438 710 scripturae
1462 648 1607 696 nimis
1631 647 1902 707 extranee²,

146 724 224 772 vel
246 725 416 774 aliter·
403 741 562 788 ipsam
587 733 781 788 negent.

2041 448 2137 505 251

214 804 489 857 Phronestlr.
557 805 666 854 Nec
701 820 794 854 nos
818 822 911 854 nec
949 806 1026 854 alii
1063 821 1324 869 possumus
1360 809 1598 858 rationem
1633 809 1775 858 istam
1814 825 1901 859 ne·
1961 826 2002 854 1³0
2003 831 2061 856 set

146 901 278 951 gare.
347 886 470 936 Ideo
511 887 777 936 catholicus
827 888 972 936 debet
1012 889 1171 951 ipsam
1219 905 1406 938 servare
1454 891 1619 938 sedule
1667 899 1903 954 tanquam
1958 864 2077 961 ἐξὲξ
2064 836 2213 1055 ἓξὲξ-’3

148 967 353 1018 caram'.
444 967 798 1017 Verumtamen
845 984 935 1032 pro
984 985 1130 1019 sensu
1177 970 1319 1034 hujus
1367 973 1631 1035 scripturae
1677 973 1904 1022 haeretici
1958 962 2047 1027 {3⁶⁵
2038 964 2131 1044 <333¹ss
2112 965 2187 993 ‘⁰⁶¹¹

1960 1044 2009 1063 me
2011 1042 2071 1066 uum
2098 1034 2185 1068 ³¹8¹st

148 1049 356 1099 multum
379 1050 576 1109 variant,
603 1051 772 1099 dicunt
795 1053 927 1099 enim
943 1053 1112 1114 prime,
1139 1052 1273 1115 quod
1304 1054 1432 1101 istud
1456 1069 1733 1116 pronomen
1760 1059 1771 1079 ‘
1787 1054 1902 1102 hoc'

146 1130 200 1181 'm
221 1132 559 1196 propositione
593 1134 929 1180 sacramentali
967 1138 978 1158 ‘
994 1134 1090 1182 hoc
1127 1141 1198 1182 est
1232 1149 1409 1197 corpus
1444 1135 1653 1183 meum³'
1693 1137 1898 1184 demon-

62 1214 63 1217 ’
149 1221 268 1263 strat
301 1213 580 1277 simpliciter
615 1229 794 1276 corpus
830 1214 1033 1262 Domini
1069 1223 1117 1263 et
1152 1230 1255 1263 non
1290 1232 1485 1279 panem,
1523 1218 1636 1280 quia
1672 1219 1819 1276 aliter,
1854 1227 1907 1266 ut

110 1351 115 1356 ,
146 1296 385 1360 inquiunt,
415 1295 541 1344 foret
573 1297 843 1359 propositio
877 1296 1054 1345 Christi
1092 1297 1225 1345 falsa.
1298 1297 1450 1357 Quod
1485 1307 1648 1347 autem
1667 1299 1908 1363 johannes

147 1377 201 1427 de
220 1376 348 1427 Deo*
371 1385 419 1426 et
443 1379 588 1427 ceteri
611 1377 764 1458 rudes⁸
779 1378 1006 1426 haeretici
1032 1379 1210 1438 dicunt,
1236 1380 1371 1452 quod
1394 1380 1513 1427 nihil
1549 1380 1908 1429 demonstratur

146 1459 230 1508 illo
254 1459 548 1523 pronomine
574 1463 586 1485 ‘
601 1459 728 1518 hoc‚'
754 1475 815 1508 eo
841 1461 978 1523 quod
1009 1461 1318 1509 materialiter
1350 1469 1396 1509 et
1428 1463 1674 1510 recitative
1699 1470 1906 1511 tenetur,

148 1543 370 1591 subticeo
392 1550 626 1605 tanquam
649 1542 889 1590 haeresim
922 1543 1206 1590 recitatione
1239 1543 1509 1605 indignam,
1534 1551 1584 1591 et
1608 1545 1910 1607 arguo-mul-

147 1623 372 1687 tipliciter
394 1631 566 1672 contra
588 1623 810 1685 primam.
881 1623 1014 1671 Nam
1047 1623 1195 1686 priori
1227 1625 1519 1686 pronomine
1553 1626 1911 1675 demonstratur

88 1729 90 1739 ν
147 1706 290 1770 panis
312 1720 462 1768 quem
486 1703 707 1753 Christus
733 1705 937 1767 sumpsit
969 1706 1020 1752 in
1052 1706 1277 1753 manibus
1292 1721 1306 1765 3
1351 1706 1439 1754 sed
1471 1708 1693 1769 sequenti
1726 1723 1908 1770 prono-

149 1787 282 1836 mine
311 1786 669 1835 demonstratur
699 1786 831 1834 idem
864 1786 999 1848 quod
1033 1786 1119 1834 fuit
1151 1795 1293 1834 antea
1327 1787 1740 1847 demonstratum;
1790 1803 1908 1851 ergo

148 1884 238 1933 per
272 1869 542 1932 subjectum
582 1868 930 1931 propositionis
966 1869 1327 1916 sacramentalis
1365 1869 1724 1918 demonstratur
1763 1871 1910 1918 etiarn

148 1951 282 2001 idem
305 1951 460 2014 paniS.
531 1949 816 2009 QuomodO,
850 1950 1015 2012 rogo⁵,
1044 1958 1239 2013 caperet
1271 1950 1452 1998 fidelis⁶
1475 1951 1743 2014 ingenium,
1777 1951 1911 2014 quod

150 2031 371 2082 Christus
394 2033 584 2096 accepit
606 2048 786 2096 panem
810 2034 862 2080 in
886 2034 1125 2091 manibus,
1150 2033 1397 2081 benedixit
1430 2042 1477 2081 et
1510 2034 1665 2096 fregit,
1691 2042 1739 2082 et
1771 2050 1909 2081 man-

151 2115 280 2164 davit
302 2130 364 2164 ex
386 2114 468 2163 illo
493 2113 771 2178 apostolos⁷
794 2114 1103 2173 manducare,
1129 2115 1221 2162 nisi
1245 2115 1530 2164 intellexerit
1554 2115 1703 2178 priori
1727 2132 1909 2179 prono-

150 2196 282 2245 mine
305 2197 439 2245 illum
461 2197 674 2260 panem?
731 2196 969 2244 Nondum
1003 2197 1135 2244 enim
1169 2196 1411 2246 transfusa
1443 2205 1555 2245 sunt
1578 2199 1725 2246 verba
1749 2213 1909 2247 sacra-

150 2279 396 2339 mentalia,
427 2289 481 2328 ut
517 2281 706 2330 desinat
741 2296 849 2330 esse
886 2281 1041 2344 panis,
1111 2281 1175 2329 Et
1212 2282 1527 2330 confirmatur
1550 2299 1611 2331 ex
1637 2283 1746 2342 hoe,
1773 2283 1909 2346 quod

148 2360 424 2410 >secundum
457 2362 789 2426 evangelium⁸
825 2363 999 2411 Matth.
1033 2364 1159 2411 xxvi.
1198 2362 1420 2412 Christus
1455 2366 1700 2427 praecepit
1735 2380 1908 2413 omnes

144 2443 405 2505 ,apostolos
422 2443 484 2492 de
504 2445 653 2494 calice
677 2445 758 2493 illo
779 2445 958 2502 bibere,
979 2445 1113 2508 quod
1132 2445 1366 2504 fecerunt,
1386 2454 1439 2493 ut
1459 2454 1592 2509 patet
1611 2446 1765 2495 Marc.
1786 2448 1904 2494 xiv.:

153 2527 384 2586 ‘accepto
432 2525 580 2573 calice
626 2526 806 2588 gratias
853 2541 1004 2588 agens
1052 2525 1184 2574 dedit
1231 2526 1314 2583 eis,
1358 2535 1406 2574 et
1451 2528 1676 2576 biberunt
1719 2544 1780 2576 ex
1826 2529 1907 2576 illo

152 2604 360 2653 omnes.'
429 2605 494 2653 Et
527 2606 659 2655 idem
692 2615 765 2655 est
795 2607 1031 2670 judicium
1067 2607 1127 2661 de
1163 2621 1305 2669 pane,
1340 2607 1470 2655 unde
1505 2617 1664 2657 textus
1701 2610 1908 2671 apostoli

159 2701 180 2734 1
211 2684 429 2735 Corinth.
467 2687 530 2735 xi.
567 2688 635 2736 sic
671 2688 867 2736 asserit:
926 2688 1338 2750 ‘quotiescunque
1358 2752 1362 2755 .
1381 2690 1513 2736 enim
1554 2691 1908 2739 manducabitis

151 2782 333 2831 panem
367 2767 500 2817 hunc
534 2777 584 2817 et
615 2770 815 2818 calicem
852 2769 1040 2826 bibetis,
1077 2777 1286 2816 mortem
1311 2769 1513 2818 Domini
1550 2772 1906 2830 annuntiabitis,

154 2848 315 2898 donec
339 2849 553 2899 veniat⁹.’
621 2849 699 2898 Ex
723 2865 822 2913 quo
847 2850 1032 2898 videtur
1058 2851 1193 2912 quod
1211 2851 1285 2898 vel
1311 2860 1479 2899 auctor
1503 2853 1764 2915 scripturae
1789 2853 1906 2903 false

146 2930 347 2989 vindicat,
372 2931 449 2980 vel
483 2931 619 2995 quod
654 2932 714 2981 de
750 2947 877 2995 pane
914 2948 943 2980 a
979 2931 1171 2980 Christo
1209 2933 1423 2980 exhibito
1460 2934 1667 2996 apostoli
1703 2935 1908 2983 mandu-

19 3071 22 3075 ,
75 3078 77 3081 ξ
153 3020 339 3061 carunt.
407 3012 472 3062 Et
506 3029 567 3062 ex
602 3013 775 3062 eadem
810 3014 970 3062 radice
1007 3022 1151 3077 patet,
1189 3014 1322 3077 quod
1363 3014 1493 3062 idem
1530 3017 1670 3078 panis
1706 3016 1908 3065 demon-

154 3102 330 3145 stratur
353 3097 569 3145 secundo
601 3099 893 3160 pronomine
928 3097 1063 3160 quod
1096 3097 1346 3160 subjicitur
1369 3098 1419 3145 in
1451 3098 1541 3146 ista
1575 3099 1908 3161 propositione

155 3179 503 3236 sacramentali,
541 3179 665 3228 ‘hoc
707 3188 780 3228 est
824 3194 1003 3242 corpus
1046 3179 1242 3237 meum‚'
1280 3188 1384 3226 tum
1427 3180 1541 3242 quia
1582 3180 1716 3227 aliter
1753 3180 1860 3229 talis
1873 3180 1910 3207 ¹⁰

210 3305 226 3330 ¹
253 3304 377 3345 nimis
395 3306 605 3359 extranee]
626 3319 708 3346 om.
729 3307 792 3346 ed.
813 3320 874 3360 pr.
1040 3306 1056 3330 ²
1084 3307 1241 3360 caram]
1264 3313 1430 3352 certam,
1452 3308 1502 3346 A.
1509 3307 1553 3346 B.
1557 3308 1605 3347 C.
1760 3307 1776 3331 ⁸
1806 3308 1910 3350 ‘hoc

156 3363 220 3399 est
238 3371 389 3412 corpus
407 3373 546 3401 meum
554 3360 586 3413 ⁹]
607 3374 689 3400 om.
711 3361 764 3400 A.
767 3361 814 3401 B.
818 3362 867 3402 C.
1019 3360 1034 3384 ⁴
1061 3361 1270 3414 Johannes
1290 3362 1341 3401 de
1363 3361 1469 3406 Deo,
1491 3362 1710 3402 Lusitanus
1729 3363 1908 3410 natione,

157 3412 445 3454 celeberrimus
463 3415 602 3455 seculo
622 3415 722 3454 XII.
743 3415 968 3456 canonista.
1323 3416 1338 3439 ⁵
1367 3415 1487 3467 rogo]
1508 3428 1607 3467 ergo
1628 3429 1743 3468 rogo,
1763 3417 1826 3457 ed.
1847 3430 1907 3470 pr.

155 3466 174 3492 ⁸
200 3466 334 3508 fidelis
354 3469 455 3519 (cas.
475 3480 568 3520 gen.
571 3469 609 3521 )]
630 3468 763 3516 fidele,
779 3470 844 3510 ed.
863 3483 925 3523 pr.
1120 3469 1135 3491 ⁷
1165 3469 1398 3521 apostolos]
1421 3471 1612 3510 omnibus
1631 3471 1842 3523 apostolis,
1860 3473 1908 3513 C

145 3522 174 3560 .⁸
201 3522 478 3575 evangelium]
498 3536 580 3563 om.
601 3523 665 3563 ed.
686 3537 746 3576 pr.
1075 3523 1091 3546 9
1119 3530 1159 3564 et
1180 3523 1562 3576 calicem—veniat]
1584 3538 1666 3565 om.
1688 3526 1740 3566 A.
1761 3526 1826 3566 ed.
1846 3539 1907 3579 pr.

158 3575 191 3601 ¹⁰
219 3575 332 3629 talis]
354 3577 542 3623 causalis,
565 3578 604 3617 A
620 3578 666 3618 B.
687 3578 750 3618 ed.
771 3591 832 3630 pr.

1959 1075 2020 1099 tur.
