2456 4088
206 3574 223 3601 -Οτ

319 427 421 480 232
1011 405 1437 470 JOANNIS
1499 405 1848 456 WICLIF'
2149 422 2312 452 mmm.

557 539 851 602 plenitudine
887 554 979 587 nos
1015 554 1189 587 omnes
1224 539 1542 602 accepimus1.
1613 538 1759 587 Unde
1797 539 1909 587 licet
1944 539 2096 587 sancti
2132 536 2310 595 dicant,

557 621 689 684 quod
714 621 880 668 omnia
905 622 1126 668 membra
1149 620 1382 669 ecclesiae
1407 628 1519 668 sunt
1543 620 1778 679 Christus,
1801 620 1876 667 vel
1900 628 2015 668 tunc
2044 618 2314 682 intelligunt

555 702 840 764 appellative
864 703 978 764 quia
1002 711 1245 765 ungantur
1268 702 1422 764 gratia
1443 701 1562 765 Jesu
1581 701 1771 760 Christi,
1792 700 1867 749 vel
1893 716 2032 749 more
2051 701 2313 763 scripturae

555 783 826 845 intelligunt
860 798 947 845 per
971 785 1192 830 membra
1227 783 1459 831 ecclesiae
1484 783 1642 844 ipsam
1677 782 1934 830 ecclesiam
1969 790 2018 830 et
2052 781 2122 830 sic
2147 779 2314 831 Chris-

556 873 672 922 tum,
699 866 781 927 qui
805 873 876 912 est
899 864 1023 912 una²
1047 880 1257 926 persona
1282 880 1395 912 cum
1420 864 1623 912 ecclesia
1655 879 1742 911 sua
1767 878 1950 926 sponsa
1963 878 1976 923 ;
2013 877 2158 925 saepe
2181 862 2314 910 enim

557 962 668 1009 pars
693 947 971 1009 principalis
996 947 1204 994 refundit
1228 962 1412 994 nomen
1436 947 1486 993 in
1511 954 1672 1010 partes
1697 946 1814 993 alias
1839 951 2209 1007 consequentes.

624 1029 705 1076 Ad
718 1030 928 1089 primam
952 1030 1225 1075 instantiam
1243 1036 1376 1075 tuam
1396 1036 1587 1090 oportet
1611 1036 1657 1075 te
1677 1027 1942 1088 intelligere
1962 1041 2023 1073 ex
2042 1025 2314 1088 praedictis,

240 1153 269 1170 m
287 1153 322 1184 ,9
350 1141 466 1176 angens
555 1109 689 1172 quod
714 1109 931 1158 Christus
956 1110 1142 1157 ratione
1166 1109 1510 1157 incarnationis
1531 1124 1646 1156 suae
1670 1116 1743 1155 est
1766 1108 2028 1155 multorum
2053 1106 2314 1170 singulum,

309 1186 342 1205 ¹·
555 1198 601 1239 et
637 1206 767 1238 nunc
805 1191 1171 1239 denominatur³
1206 1191 1477 1239 secundum
1511 1206 1664 1237 unum
1701 1204 1871 1237 eorum
1895 1196 1944 1236 et
1972 1204 2104 1238 nunc
2138 1188 2316 1238 secun·

556 1273 673 1320 dum
698 1272 839 1330 aliud,
867 1272 1133 1320 secundum
1157 1273 1290 1334 quod
1315 1272 1521 1335 pertinet
1544 1271 1783 1329 historiae,
1810 1285 1935 1333 quae
1969 1271 2029 1318 de
2055 1285 2115 1318 eo
2140 1267 2316 1318 debeat

555 1354 791 1412 enarrari;
829 1361 876 1401 et
903 1355 970 1401 sic
995 1354 1180 1402 videtur
1212 1354 1452 1415 psalmus4
1486 1353 1661 1410 dicere,
1688 1352 1823 1415 quod
1849 1351 2067 1400 Christus
2098 1352 2314 1421 minutus

555 1443 626 1483 est
674 1435 820 1497 paulo
868 1436 1029 1482 minus
1073 1436 1135 1482 ab
1177 1434 1400 1496 angelis⁵,
1444 1434 1715 1482 secundum
1757 1441 1979 1481 naturam
2026 1420 2314 1495 corpoream

557 1531 680 1578 quae
706 1524 778 1564 est
813 1516 1010 1564 inferior
1043 1524 1213 1564 natura
1246 1516 1467 1578 angelica
1480 1531 1492 1575 ;
1543 1523 1591 1563 et
1627 1515 1896 1563 secundum
1931 1514 2065 1562 illum
2097 1522 2313 1562 creatum

558 1599 789 1661 spiritum,
815 1598 937 1646 sicut
974 1598 1243 1646 secundum
1276 1598 1518 1656 deitatem,
1544 1597 1735 1645 excedit
1767 1596 1969 1659 angelos
1993 1610 2314 1659 quoscunque

559 1689 605 1727 et
651 1680 914 1742 quamlibet
962 1680 1105 1727 aliam
1153 1687 1434 1737 creaturam,
1485 1679 1755 1727 secundum
1801 1680 1947 1726 verba
1993 1678 2200 1740 apostoli
2250 1676 2316 1726 ad

560 1761 816 1809 Hebraeos
842 1761 870 1808 i.
905 1765 1069 1808 ‘tanto
1108 1762 1279 1808 melior
1315 1761 1501 1822 angelis
1539 1760 1755 1817 effectus,
1795 1768 1979 1821 quanto
2016 1758 2314 1807 differentius

559 1858 674 1904 prae
699 1843 787 1889 illis
813 1857 994 1889 nomen
1018 1842 1355 1900 haereditavit;
1393 1843 1470 1889 cui
1495 1856 1618 1903 rogo
1642 1857 1860 1904 unquam
1885 1841 2171 1903 angelorum
2195 1840 2316 1888 dixit

558 1923 707 1970 Deus'
735 1923 880 1981 etc.⁶;
918 1938 1006 1984 per
1029 1923 1379 1970 humanitatem
1413 1923 1611 1984 quidem
1636 1938 1773 1970 suam
1799 1937 1971 1970 omnes
1995 1922 2155 1984 angeli
2179 1935 2315 1969 com-

558 2004 682 2066 plete
729 2012 776 2051 et
817 2004 1019 2051 finaliter
1061 2012 1170 2052 sunt
1209 2005 1349 2061 beati,
1387 2007 1398 2028 ‘
1416 2004 1476 2051 de
1513 2004 1616 2066 ejus
1653 2004 1849 2065 quidem
1885 2003 2184 2066 plenitudine
2219 2017 2314 2051 nos

557 2099 730 2132 omnes
765 2084 1070 2146 accepimus?
1140 2085 1204 2132 Et
1235 2093 1381 2146 patet,
1409 2086 1448 2132 si
1483 2086 1612 2132 nosti
1647 2093 1869 2132 naturam
1903 2084 2312 2142 contradictionis,

557 2166 692 2228 quod
726 2181 829 2213 non
864 2167 1021 2213 solum
1058 2167 1494 2214 contradictionem
1528 2174 1662 2214 tuam
1698 2166 1903 2214 evadam
1939 2165 2026 2214 sed
2050 2173 2097 2213 et
2133 2172 2314 2213 cuncta

558 2247 958 2305 inconvenientia,
985 2263 1112 2310 quae
1139 2248 1206 2295 sic
1232 2263 1456 2310 pompas.

240 1044 309 1104 guo
321 1050 412 1070 sensu

268 1077 379 1104 hristus
392 1079 423 1102 et

241 1110 338 1137 minor
350 1114 381 1138 et

271 1145 299 1170 a'
323 1152 338 1170 r

242 2337 499 2399 ffissfgffg'ggssam·
625 2329 706 2376 Ad
728 2330 967 2375 secundam
992 2337 1126 2376 tuam
1149 2330 1418 2376 evidentiam
1443 2336 1589 2390 patet,
1615 2329 1750 2390 quod
1775 2327 1994 2376 Christus
2018 2342 2120 2375 non
2142 2328 2314 2375 huma-

242 2405 499 2478 {ZtsfffsszssJfflss}
557 2410 684 2458 nitus
720 2411 910 2458 excedit
943 2411 994 2457 in
1029 2411 1270 2458 infinitum
1303 2411 1352 2457 in
1385 2410 1682 2472 perfectione
1718 2409 1959 2458 essentiali
1984 2409 2131 2457 alium
2153 2409 2312 2457 homi-

242 2480 282 2500 rls
294 2474 409 2506 speclei
423 2478 479 2502 est.

558 2507 686 2549 nem,
725 2507 836 2540 cum
869 2482 1024 2539 totum
1059 2507 1214 2554 genus
1246 2484 1527 2548 humanum,
1563 2491 1699 2553 cujus
1734 2491 1982 2554 quodlibet
2015 2491 2315 2540 individuum

559 2573 645 2620 sibi
681 2573 954 2634 parificatur
989 2574 1038 2620 in
1074 2573 1369 2635 perfectione
1408 2573 1673 2635 specifica⁷,
1713 2588 1814 2621 non
1849 2573 2091 2621 infinitum
2124 2573 2316 2622 excedit

557 2653 754 2715 aliquod
777 2654 882 2716 ejus
919 2655 1226 2716 suppositum
1239 2670 1252 2713 ;
1306 2655 1392 2702 sed
1417 2654 1686 2702 secundum
1715 2654 1942 2701 deitatem
1966 2654 2206 2702 infinitum
2229 2670 2315 2703 ex-

558 2735 684 2782 cedit
708 2735 972 2792 hominem,
997 2735 1092 2782 hoc
1112 2743 1184 2783 est
1208 2744 1429 2783 naturam
1454 2735 1679 2793 hominis,
1703 2742 1756 2782 ut
1780 2750 2023 2798 suppono.
2093 2735 2157 2783 Et
2179 2743 2314 2798 patet

558 2816 776 2864 defectus
822 2817 1006 2879 primae
1055 2817 1431 2879 consequentiae
1478 2831 1626 2878 quam
1673 2816 1839 2876 fecisti,
1883 2818 1998 2879 quia
2043 2817 2314 2866 secundum

559 2898 787 2945 deitatem
823 2913 925 2945 non
959 2898 1215 2945 includitur
1250 2898 1300 2944 in
1338 2898 1498 2959 aliqua
1523 2898 1698 2959 specie,
1725 2905 1773 2945 et
1797 2897 2067 2945 secundum
2090 2898 2315 2946 humani-

557 2987 705 3026 tatem
745 2988 818 3027 est
853 2979 1072 3042 ejusdem
1110 2979 1287 3040 speciei
1329 2994 1441 3026 cum
1483 2979 1697 3040 quolibet
1738 2978 1830 3025 alio
1872 2978 2016 3026 fratre
2057 2993 2161 3028 su0.
2249 2978 2314 3028 Et

557 3067 703 3121 patet,
730 3076 842 3108 cum
869 3059 1086 3108 Christus
1111 3061 1171 3108 sit
1194 3060 1325 3107 idern
1350 3069 1503 3107 totum
1529 3058 1835 3121 specificum⁸
1859 3060 1993 3121 quod
2017 3067 2090 3108 est
2113 3060 2314 3122 quilibet

559 3142 676 3189 alius
710 3142 852 3189 frater
888 3156 1016 3199 suus,
1053 3141 1188 3203 quod
1223 3141 1327 3203 ejus
1365 3141 1631 3187 incarnatio
1667 3149 1715 3187 et
1751 3141 1976 3188 exaltatio
2012 3142 2184 3189 meruit
2220 3157 2310 3190 suo

557 3224 658 3280 tOti,
698 3239 810 3271 cum
845 3232 945 3271 tam
982 3221 1248 3271 secundum
1284 3230 1506 3269 naturam
1543 3237 1830 3284 corpoream
1862 3237 2010 3285 quam
2043 3224 2311 3272 secundum

614 3390 627 3412 ²
657 3389 706 3428 cf.
727 3388 822 3442 Joh.
843 3389 869 3427 i.
895 3387 956 3428 16.
1205 3387 1220 3409 ²
1247 3386 1347 3438 una]
1368 3399 1494 3425 unum
1515 3399 1607 3426 cum
1628 3386 1811 3433 ecclesia,
1830 3386 1895 3426 vel
1915 3400 2008 3433 una,
2028 3387 2133 3427 A.C.
2153 3387 2310 3439 primae

560 3455 715 3482 manus.
879 3443 893 3464 3
921 3441 1228 3492 denominatur]
1250 3441 1499 3485 dominatur,
1520 3441 1582 3480 ed.
1603 3454 1665 3492 pr.
1774 3440 1789 3463 ⁴
1815 3440 2018 3492 psahnus]
2039 3441 2228 3493 primum,
2250 3441 2306 3482 D.

558 3496 573 3516 ⁵
603 3496 652 3534 cf.
676 3498 739 3535 Ps.
762 3497 841 3535 viii.
863 3496 900 3535 6.
1149 3496 1165 3518 ⁶
1194 3494 1538 3546 quanto—Deus]
1561 3508 1643 3534 om.
1665 3495 1728 3534 ed.
1749 3508 1810 3546 pr.
2054 3494 2071 3518 ⁷
2099 3494 2307 3548 specifica]

561 3550 784 3599 specivoca,
806 3551 867 3589 ed.
889 3564 949 3601 pr.
1167 3550 1181 3572 ⁸
1209 3548 1463 3600 specificum]
1486 3549 1759 3599 specivocum,
1779 3549 1843 3588 ed.
1864 3562 1924 3600 pr.
