2496 4108
55 476 61 486 ¹
149 434 284 470 cum.
759 411 1328 463 TRIALOGUS.
2049 423 2153 481 255

51 535 61 546 Ἀ
149 546 240 596 iste
270 548 412 611 panis
437 548 512 596 vel
543 547 662 612 quid
695 548 746 595 in
777 555 950 596 natura
983 563 1084 606 sua,
1109 548 1269 596 videat
1302 547 1458 596 fidelis
1490 547 1752 611 theologus
1789 548 1908 597 alias

149 629 337 686 hostias
360 645 464 679 non
490 638 702 680 sacratas
710 629 742 678 ².

889 981 930 1031 C
941 981 1045 1030 ΑΡ.
1083 982 1170 1030 IV.

333 1126 396 1175 In
418 1143 560 1175 sacra
585 1143 718 1176 coena
733 1134 839 1190 post
858 1129 1229 1175 consecrationem
1255 1142 1435 1174 manere
1449 1134 1632 1188 panem,
1659 1140 1724 1173 ex

778 1211 1014 1272 scriptura
1032 1210 1274 1271 probatur.

215 1351 417 1403 Alitbia.
486 1354 650 1404 Placet
697 1355 829 1414 mihi,
879 1355 1014 1418 quod
1059 1363 1160 1402 tam
1210 1354 1370 1402 stricte
1417 1362 1463 1400 et
1510 1353 1654 1415 plane
1697 1351 1905 1414 replicas

146 1443 319 1486 contra
340 1436 609 1486 haereticos
633 1437 684 1485 in
709 1438 800 1485 ista
823 1437 1036 1494 materia,
1058 1436 1324 1499 specialiter
1349 1450 1462 1483 cum
1485 1443 1620 1482 tanta
1643 1433 1902 1481 multitudo

147 1516 352 1570 fratrum
393 1527 441 1567 et
470 1519 687 1572 ‚aliorum
727 1527 1011 1568 vocatorum
1055 1517 1441 1566 Christianorum
1483 1516 1696 1564 clamant
1737 1522 1908 1563 contra

145 1607 283 1655 tuam
319 1601 624 1660 sententiam,
661 1609 708 1649 et
746 1609 955 1649 mortem
995 1610 1129 1648 tuam
1170 1598 1494 1660 multipliciter
1535 1597 1905 1656 machinantur;

146 1696 261 1730 cum
295 1682 617 1745 procedente²
650 1691 732 1730 tua
768 1683 1005 1730 sententia
1039 1681 1103 1729 illi
1140 1681 1298 1728 forent
1326 1679 1566 1728 manifesti
1599 1679 1827 1727 haeretici
1860 1687 1907 1726 et

145 1777 235 1827 per
258 1778 564 1826 consequens
589 1765 651 1812 ab
675 1764 881 1812 ecclesia
912 1762 1224 1825 exstirpandi,
1250 1762 1324 1809 vel
1357 1762 1528 1810 saltem
1553 1777 1582 1809 a
1606 1775 1902 1824 quocunque

145 1845 304 1907 gradu
336 1844 582 1907 dignitatis
605 1845 957 1894 ecclesiasticae
980 1853 1028 1892 et
1062 1860 1149 1907 per
1186 1858 1494 1905 consequens
1530 1858 1559 1890 a
1593 1842 1908 1905 possessione

145 1926 487 1990 temporalium
518 1934 567 1975 et
597 1927 922 1990 percipiendis
955 1926 1277 1989 eleemosynis
1310 1925 1616 1972 excludendi.
1689 1923 1788 1975 Sed
1813 1922 1906 1980 dic,

146 2022 349 2078 quaeso,
397 2009 650 2074 quomodo
697 2017 812 2071 post
859 2008 1277 2056 consecrationem
1317 2006 1463 2069 hujus
1507 2005 1695 2054 hostiae
1744 2012 1909 2052 manet
1996 2051 1998 2053 ,

3 2114 26 2145 ,τ’
145 2089 300 2157 patus·
370 2089 513 2151 Multi
537 2098 699 2138 autem
724 2090 903 2149 dicunt,
929 2089 1076 2153 quod,
1104 2090 1143 2137 si
1169 2088 1266 2137 hoc
1291 2087 1555 2146 crederent,
1580 2102 1835 2150 nunquam
1860 2087 1910 2134 in

0 2145 31 2239 ἐξ
147 2178 438 2239 perpetuum
469 2172 781 2221 celebrarent.

0 2239 32 2455 Ξ
214 2251 493 2303 Phrone-5215.
564 2253 786 2317 Oportet,
821 2268 934 2301 cum
965 2253 1058 2301 ista
1086 2252 1290 2300 materia
1323 2253 1383 2300 sit
1415 2251 1635 2314 positiva,
1667 2251 1731 2299 ad
1763 2250 1911 2298 fidem
1966 2263 2145 2304 scriptam

1967 2302 2152 2326 auetontate

110 2357 127 2375 ο
148 2334 419 2398 scripturae
452 2335 701 2383 attendere
732 2343 782 2383 et
812 2336 903 2398 ipsi
937 2334 1108 2397 plene³
1142 2334 1354 2392 credere,
1380 2341 1427 2381 et
1461 2334 1583 2381 sicut
1607 2334 1777 2380 virtute
1807 2347 1911 2380 ver·
1967 2332 2195 2394 ,Cfflpggggguss

0 2450 27 2513 ³?
102 2476 104 2479 .
145 2418 324 2468 borum
358 2417 470 2466 fidei
507 2418 769 2479 scripturae
809 2417 1105 2476 conceditur,
1142 2416 1278 2479 quod
1314 2415 1411 2464 hoc
1448 2422 1810 2464 sacramentum
1845 2419 1920 2460 est
1967 2400 2190 2461 8335321333

7 2486 9 2490 ¹
146 2514 326 2563 corpus
345 2498 539 2557 Christi,
557 2507 605 2546 et
628 2514 731 2546 non
756 2499 915 2548 solum
940 2499 1075 2561 quod
1092 2499 1184 2546 erit
1199 2498 1274 2546 vel
1283 2499 1480 2560 figurat
1495 2495 1910 2545 sacramentaliter
1968 2475 2037 2495 ⁶⁵⁵⁶
2050 2475 2173 2502 βψω

148 2595 327 2644 corpus
363 2579 553 2638 Christi,
591 2580 661 2628 sic
703 2575 1027 2628 concedatur4
1067 2579 1241 2627 eadem
1282 2579 1566 2626 auctoritate
1609 2577 1907 2639 simpliciter,

148 2662 284 2727 quod
315 2662 406 2711 iste
438 2662 594 2724 paniS,
621 2662 703 2724 qui
738 2669 811 2709 est
842 2660 937 2708 hoc
971 2668 1341 2717 sacramentum,
1367 2666 1440 2706 est
1472 2659 1702 2706 veraciter
1734 2671 1911 2719 corpus

149 2744 342 2797 Christi,
413 2743 479 2792 Et
501 2758 606 2791 non
630 2743 832 2791 dubium
857 2743 1003 2791 etiam
1027 2742 1151 2789 laico
1186 2741 1378 2798 idiotae,
1404 2740 1522 2802 quin
1548 2739 1773 2802 sequitur,
1795 2738 1911 2786 ‘iste

146 2827 290 2891 panis
324 2835 398 2876 est
432 2842 611 2890 corpus
640 2825 835 2884 Christi,
862 2841 980 2889 ergo
1006 2826 1094 2873 iste
1120 2826 1266 2886 panis
1301 2830 1367 2871 est
1399 2832 1446 2871 et
1481 2839 1569 2885 per
1605 2837 1912 2884 consequens

147 2914 302 2962 manet
313 2910 469 2973 panzii,
495 2917 543 2958 et
568 2909 636 2957 sic
669 2909 816 2956 simul
843 2915 916 2955 est
947 2907 1087 2970 panis
1113 2914 1159 2954 et
1192 2921 1370 2969 corpus
1397 2901 1603 2953 Christi?
1672 2903 1913 2966 Exempla

149 2991 315 3041 autem
349 3005 523 3054 grossa
555 2998 765 3053 possunt
800 2990 918 3052 poni
954 3003 1045 3051 pro
1086 2988 1178 3036 ista
1212 2987 1413 3035 materia
1453 2985 1752 3035 attestanda:
1808 3001 1911 3033 non

75 3084 78 3092 ·
148 3073 282 3122 enim
312 3072 577 3136 repugnat⁶
606 3072 789 3120 veritati
824 3071 957 3133 quod
981 3070 1146 3128 homo,
1175 3069 1292 3117 dum
1324 3069 1376 3116 fit
1407 3067 1634 3116 dominus
1667 3066 1742 3114 vel
1773 3082 1910 3129 prae-

148 3154 272 3204 latus
307 3155 555 3213 ecclesiae,
582 3154 769 3202 desinat
794 3168 900 3200 esse
926 3151 1100 3200 eadem
1125 3165 1350 3214 persona,
1377 3150 1463 3198 sed
1487 3157 1683 3197 maneat
1707 3149 1910 3197 omnino

147 3235 322 3285 eadem
356 3236 624 3285 substantia
660 3233 1031 3297 quodammodo
1068 3233 1275 3281 exaltata
1289 3248 1302 3291 ;
1362 3232 1430 3280 sic
1469 3238 1663 3294 oportet
1698 3231 1909 3289 credere,

202 3407 217 3433 ¹
246 3406 446 3460 sacratas]
468 3411 740 3451 consecratas,
762 3405 811 3446 C.
1291 3403 1307 3426 ²
1335 3402 1602 3456 procedente]
1623 3403 1908 3455 praecedente,

149 3463 214 3505 etl.
233 3475 296 3516 pr.
569 3460 585 3484 ⁸
612 3459 752 3513 plene]
774 3458 909 3513 plane,
930 3458 986 3499 D.
1006 3459 1070 3499 ed.
1090 3472 1151 3512 pr.
1482 3457 1498 3480 ⁴
1526 3456 1793 3509 concedatur]
1815 3469 1911 3498 con-

149 3517 318 3562 ceditur,
340 3515 498 3562 A..13.C.
932 3514 948 3538 ⁵
975 3512 1198 3567 repugnat]
1220 3517 1399 3566 oportet,
1420 3511 1492 3553 sed
1511 3511 1674 3553 veritati
1694 3517 1910 3566 repugnat,

151 3571 208 3612 D.
227 3570 292 3612 ed.
311 3583 374 3624 pr.
