2430 4088
137 491 287 521 cum.
725 472 1318 523 TRIALOGUS.

119 609 260 660 :dicis
295 624 357 658 ex
393 609 565 657 virtute
605 607 937 657 moderantiae
974 608 1269 672 quandoque
1314 607 1566 656 hominem
1607 606 1783 655 debere
1830 605 1893 654 ad

137 705 370 754 magnam
404 705 618 753 poenam
653 689 872 752 corporis
907 705 995 753 per
1018 698 1210 753 tempus
1245 689 1456 739 notabile
1492 690 1745 747 abstinere,
1770 688 1894 736 sicut

137 779 271 836 patet
305 771 368 820 de
402 770 592 834 Moyse,
630 771 778 819 Helia
823 778 871 819 et
906 769 1114 830 Christo,
1151 772 1234 834 qui
1275 771 1596 834 quadraginta
1636 769 1808 818 diebus
1845 777 1894 817 et

137 851 390 902 noctibus¹
421 853 772 916 jejunaverunt.
843 851 968 911 Quis
1010 849 1198 902 autem²
1238 852 1436 910 dubitat,
1479 852 1597 915 quin
1638 851 1731 900 tale
1768 851 1892 914 jeju-

136 934 272 983 nium
307 942 475 998 posset
509 933 731 982 faciliter⁸
759 933 1012 982 hominem
1047 934 1284 983 ethicum4
1319 933 1393 982 vel
1425 933 1640 984 tisicum⁵
1669 929 1892 982 facere⁶?

135 1015 202 1065 Et
225 1017 294 1066 sic
323 1031 437 1065 cum
458 1016 605 1064 virtus
636 1015 878 1078 reguletur
908 1015 1178 1078 prudentia,
1203 1024 1250 1066 et
1274 1015 1384 1064 Deo
1418 1023 1645 1064 movente
1674 1015 1891 1072 finaliter,

137 1097 324 1147 videtur
362 1097 497 1160 quod
536 1096 674 1146 Deus
719 1096 974 1146 mandaret
1023 1097 1236 1146 indebite
1284 1097 1535 1145 hominem
1582 1097 1646 1145 ad
1686 1104 1894 1144 mortem

136 1179 386 1243 propriam
416 1179 649 1242 jejunare.
721 1177 854 1226 Nam
890 1180 1013 1227 sicut
1050 1179 1102 1226 in
1139 1194 1344 1227 excessu
1381 1179 1546 1227 cibarii
1588 1179 1657 1227 sic
1696 1178 1748 1226 in
1788 1177 1893 1240 ejus

138 1259 430 1309 abstinentia
463 1273 597 1308 mors
637 1260 960 1308 communiter
1002 1267 1325 1323 praeparatur.
1396 1258 1532 1307 Deus
1574 1272 1691 1321 ergo
1732 1259 1894 1306 bonus

138 1355 243 1390 non
267 1341 336 1390 sic
360 1341 593 1404 praecipit
614 1341 848 1404 jejunare,
875 1342 962 1390 sed
987 1342 1100 1390 satis
1125 1349 1198 1390 est
1222 1355 1311 1404 pro
1332 1340 1520 1404 jejunio
1548 1339 1802 1388 hominem
1824 1339 1894 1386 uti

137 1422 316 1486 regulis
339 1422 626 1481 medicinae,
653 1422 832 1471 scilicet
856 1422 991 1486 quod
1015 1430 1241 1486 pascatur
1265 1430 1396 1470 tante
1421 1430 1469 1470 et
1501 1421 1667 1480 taliter,
1688 1420 1894 1483 ‘qualiter

138 1505 228 1555 sibi
253 1503 467 1569 proderit
489 1504 552 1553 ad
576 1505 794 1554 salutem.
866 1505 992 1565 Quis
1024 1519 1142 1568 ergo
1175 1505 1346 1554 stultus
1380 1505 1558 1553 diceret
1582 1503 1717 1567 quod
1739 1503 1893 1552 homo

137 1602 191 1636 se
230 1587 392 1651 ipsum
429 1587 673 1636 occideret
711 1587 934 1646 virtuose,
979 1603 1092 1636 cum
1134 1587 1400 1650 decalogus
1435 1586 1691 1650 praecipit:
1749 1590 1761 1611 ‘
1777 1584 1895 1633 Non

138 1667 388 1718 occides?'
458 1667 522 1717 Et
545 1677 730 1718 certum
762 1678 847 1728 est,
873 1668 1008 1733 quod
1040 1669 1192 1718 homo
1225 1675 1387 1731 potest
1419 1668 1557 1716 valde
1588 1668 1821 1716 distanter
1843 1667 1895 1715 in

137 1759 361 1814 tempore
386 1764 437 1799 se
460 1750 622 1812 ipsum
654 1750 892 1810 occidere,
919 1751 1032 1814 quia
1065 1750 1333 1799 accelerare
1367 1750 1508 1798 stulte
1540 1757 1750 1797 mortem
1783 1763 1895 1811 pro-

137 1832 308 1896 priam,
334 1832 469 1895 quod
500 1841 574 1882 est
605 1831 856 1896 culpabile.
931 1831 1029 1880 Sed
1061 1832 1168 1895 quis
1204 1832 1305 1890 scit,
1332 1832 1369 1880 si
1402 1847 1463 1879 ex
1496 1831 1576 1879 tali
1609 1830 1897 1880 abstinentia

137 1914 267 1963 istud
289 1913 535 1964 eveniat⁷?
605 1913 814 1962 Utamur
837 1929 954 1977 ergo
979 1914 1241 1976 prudenter
1261 1912 1578 1971 vescibilibuS,
1598 1920 1645 1960 et
1669 1920 1742 1960 est
1767 1912 1893 1960 satis.

139 1994 364 2044 Similiter
395 1995 564 2059 regula
595 1995 817 2046 servandi
845 1995 1085 2059 jejunium
1117 2003 1191 2044 est
1224 1995 1546 2044 communiter
1569 1993 1822 2057 generaliS,
1849 2001 1897 2040 et

137 2091 228 2141 per
273 2092 583 2141 consequens
624 2093 654 2126 a
693 2077 916 2126 fidelibus
958 2077 1102 2126 debet
1143 2077 1428 2141 generaliter
1470 2076 1599 2135 fieri;
1656 2075 1743 2124 sed
1783 2071 1912 2123 cum'

138 2157 365 2208 homines
389 2159 524 2208 sunt⁸
548 2159 869 2208 diversimode
895 2159 1286 2222 complexionati,
1313 2166 1444 2221 patet
1468 2157 1603 2221 quod
1627 2157 1744 2207 illud
1771 2157 1894 2220 jeju-

138 2242 275 2290 nium
298 2241 433 2304 quod
454 2241 578 2290 foret
599 2243 685 2290 uni
707 2240 893 2289 homini
919 2241 981 2290 ad
1005 2241 1223 2299 salutem,
1252 2241 1386 2289 alteri
1417 2239 1541 2289 foret
1573 2239 1636 2288 ad
1668 2247 1892 2288 mortem.

121 2321 240 2372 Sed
264 2323 372 2386 quis
396 2323 592 2387 sapiens
616 2323 761 2372 talem
785 2323 1003 2386 regulam
1028 2323 1305 2371 ordinaret?

206 2403 480 2453 Phroneszlr.
549 2403 779 2453 Delector
824 2405 876 2452 in
922 2405 1016 2453 tuis
1063 2405 1348 2468 objectibus,
1392 2405 1507 2467 quia
1548 2418 1635 2468 per
1675 2404 1895 2467 objectus

138 2493 251 2535 tuos
274 2485 471 2535 frivolos
495 2485 659 2535 seduci
682 2485 908 2549 possent⁹
932 2486 1139 2545 incauti;
1177 2494 1225 2534 et
1256 2486 1369 2535 ideo
1402 2485 1800 2549 respondendum
1824 2493 1896 2535 est

115 2566 247 2625 -inis,
271 2574 326 2615 ut
360 2566 546 2615 cautius
582 2575 852 2616 caveantur.
923 2566 988 2615 Et
1023 2582 1122 2630 quo
1158 2568 1222 2616 ad
1256 2568 1478 2631 objectus
1510 2575 1620 2617 tuos
1644 2567 1764 2615 alios
1788 2566 1896 2629 plus

139 2649 343 2706 vivaceS,
377 2647 548 2699 saltem
582 2656 780 2696 movent
813 2648 961 2696 dubia
996 2648 1214 2696 diffusius
1250 2648 1553 2707 declaranda,
1578 2657 1626 2696 et
1661 2649 1730 2696 sic
1765 2657 1896 2696 utro-

139 2730 299 2793 bique,
325 2729 449 2778 sicut
472 2737 519 2778 et
550 2737 753 2792 peccata
784 2729 1057 2792 proficiunt.
1128 2728 1379 2788 Quantum
1412 2730 1474 2778 ad
1496 2731 1724 2791 primum,
1749 2735 1895 2791 patet,

138 2811 275 2875 quod
298 2811 493 2859 virtutes
527 2825 626 2874 quo
653 2810 717 2859 ad
740 2825 852 2858 suas
876 2810 1108 2859 essentias
1133 2811 1403 2858 consistunt
1426 2811 1477 2858 in
1503 2810 1684 2869 habitu,
1717 2819 1764 2858 et
1797 2824 1896 2873 quo

141 2893 205 2942 ad
245 2891 428 2941 fructus
471 2907 588 2941 suos
628 2899 675 2940 et
716 2891 930 2940 hominis
971 2891 1243 2954 profectum
1285 2892 1555 2939 consistunt
1592 2891 1642 2938 in
1683 2900 1808 2949 actu,
1845 2899 1898 2938 ut

139 2975 310 3023 beatus
333 2973 547 3038 Jacobus
572 2973 782 3022 declarat
802 2974 863 3021 de
883 2972 1036 3022 fidem.
1096 2972 1241 3021 Unde
1266 2974 1317 3020 in
1341 2973 1699 3035 praedieatione
1725 2988 1897 3021 secun-

141 3055 260 3105 dum
295 3055 630 3104 habitudinem
664 3063 801 3103 actus
826 3055 945 3103 tales
978 3063 1026 3102 et
1059 3053 1250 3103 habitus
1276 3054 1336 3102 de
1363 3069 1414 3102 se
1439 3055 1686 3117 reciproce
1709 3054 1897 3117 praedi-

141 3137 369 3198 canturss,
393 3145 441 3186 et
463 3137 717 3200 vulgariter
741 3137 886 3184 virtus
911 3137 1051 3199 gulae
1083 3135 1324 3200 opposita,
1351 3136 1472 3184 sicut
1496 3142 1544 3184 et
1567 3136 1709 3198 gulae
1733 3136 1899 3184 vitium

141 3219 441 3282 acc'piuntur
465 3219 515 3266 in
538 3218 900 3281 praedicatione
926 3217 1195 3266 secundum
1220 3216 1551 3264 habitudinem
1576 3231 1665 3279 pro
1691 3224 1802 3265 actu
1825 3217 1900 3263 vel

141 3313 304 3364 opere,
331 3300 488 3348 fructu
521 3315 703 3348 eorum.
775 3298 950 3346 Nullus
986 3307 1148 3346 tamen
1173 3297 1493 3360 philosophus
1519 3298 1582 3347 ad
1614 3305 1801 3345 tantum
1827 3297 1898 3344 in-

197 3410 211 3433 ¹
239 3409 385 3450 diebus
405 3414 447 3450 et
465 3407 678 3459 noctibus]
700 3407 786 3447 dies
806 3412 847 3447 et
865 3412 1020 3453 noctes,
1041 3406 1103 3446 ed.
1125 3419 1187 3459 pr.
1379 3405 1396 3428 ²
1423 3405 1580 3458 autem]
1602 3405 1722 3452 enirn,
1743 3406 1899 3447 A.B.C.

142 3463 208 3504 ed.
228 3477 290 3517 pr.
536 3462 552 3486 ³
571 3461 760 3514 faciliter]
783 3460 927 3507 facere,
947 3461 1009 3500 ed.
1030 3473 1092 3513 pr.
1336 3459 1351 3482 ⁴
1377 3459 1571 3505 ethicum,
1591 3459 1616 3499 i.
1627 3472 1661 3499 e.
1682 3459 1898 3501 hecticum.

141 3516 158 3542 ⁸
185 3517 363 3564 tisieum,
382 3517 408 3557 i.
416 3530 451 3558 e.
471 3516 704 3570 phtisicum.
849 3516 864 3539 ⁶
893 3514 1043 3566 facere]
1066 3527 1150 3554 om.
1171 3515 1234 3555 ed.
1255 3527 1317 3566 pr.
1482 3513 1498 3536 '¹
1527 3513 1707 3566 eveniat]
1729 3515 1898 3561 eveniet,

144 3571 212 3618 A.‚
227 3572 326 3613 B.C.
347 3571 547 3612 secundae
566 3583 723 3611 manus,
888 3570 903 3592 ⁸
931 3568 1044 3620 sunt]
1062 3569 1155 3614 sint,
1176 3568 1240 3608 ed.
1260 3581 1322 3620 pr.
1467 3566 1484 3590 ⁹
1511 3567 1698 3620 possent]
1715 3575 1899 3621 possunt,

144 3625 208 3666 ed.
230 3638 290 3679 pr.
401 3625 430 3649 ¹⁰
458 3625 508 3666 cs.
530 3626 616 3678 Jae.
638 3624 676 3664 ii.
698 3636 746 3675 14
767 3623 805 3662 ff.
944 3623 972 3647 ¹¹
1002 3622 1306 3675 praedicantur]
1328 3621 1659 3674 praedicandum,
1679 3622 1742 3663 ed.
1764 3636 1824 3676 pr.

2029 480 2125 517 201
