2436 4094
319 441 422 493 194

1011 419 1432 484 JOANNIS
1490 420 1836 471 WICLIF
2138 437 2297 467 mam.

553 568 749 602 sensum
782 561 942 602 textus
977 554 1197 617 apostoli,
1223 562 1271 602 et
1304 554 1622 617 postmodum
1656 555 1857 618 objicias
1897 560 2133 616 quantum
2165 551 2299 600 velis.

552 635 786 696 Loquitur
809 635 940 682 enim
970 636 1232 697 apostolus,
1258 634 1404 683 sicut1
1428 636 1634 698 pertinet
1666 650 1755 684 suo
1788 636 2058 698 proposito,
2083 633 2144 683 de
2175 641 2300 682 tem-

551 715 796 777 poralibus
832 715 1163 778 adjacentibus
1198 716 1386 764 homini
1420 717 1471 764 in
1497 732 1583 765 suo
1619 716 1843 765 introitu2
1864 716 1938 764 vel
1961 716 2092 764 exitu
2121 715 2182 764 de
2203 713 2301 762 hoc

552 796 753 855 mund0,
780 797 866 844 sed
891 797 983 855 dic,
1008 797 1048 845 si
1077 798 1221 857 nosti,
1258 798 1375 861 quid
1409 798 1470 846 de
1502 799 1676 846 talibus
1709 798 2054 861 temporalibus
2085 794 2300 845 intuleris

551 879 601 925 in
626 878 755 926 hunc
788 879 1060 926 mundum?
1130 878 1383 942 Numquid
1415 879 1544 927 fuisti
1576 879 1710 927 dives
1741 879 2008 927 haereticus
2039 885 2302 940 antequam

551 958 679 1007 fuisti
703 967 844 1008 natus
869 960 929 1007 de
953 961 1118 1008 matris
1150 962 1321 1009 utero?
1390 961 1490 1008 Aut
1521 959 1759 1023 numquid
1790 958 2111 1022 congregabis
2141 965 2303 1006 tecum

552 1040 736 1089 divitias
760 1041 810 1087 in
836 1041 1124 1104 sepulchro?
1160 1042 1407 1105 Intelligas
1431 1042 1586 1104 igitur,
1612 1042 1775 1099 idiota,
1801 1041 1861 1088 de
1885 1039 2158 1103 adJacentia
2179 1045 2304 1086 tem·-

551 1122 803 1184 poralium,
830 1122 890 1170 de
916 1124 1090 1185 quibus
1114 1124 1231 1171 nihil
1255 1124 1500 1172 intulimus
1524 1124 1576 1172 in
1599 1123 1729 1171 hunc
1761 1122 2012 1181 mundum,
2038 1119 2188 1170 sicut⁸
2210 1134 2304 1169 nec

553 1218 665 1251 cum
700 1204 867 1266 spiritu
902 1212 1071 1252 nostro
1107 1205 1373 1268 quidquam
1408 1220 1579 1253 eorum
1615 1204 1799 1253 auferre
1834 1217 2098 1267 possumus
2122 1201 2184 1250 de
2206 1200 2305 1250 hoc

552 1284 766 1344 mundo;
817 1293 866 1333 et
899 1286 991 1333 sic4
1023 1300 1114 1348 pro
1137 1293 1357 1348 tempore
1393 1286 1556 1335 medio
1593 1285 1827 1334 debemus
1861 1298 1951 1347 pro
1987 1282 2226 1332 alimentis
2257 1289 2306 1330 et

552 1367 842 1429 tegumentis
866 1366 1197 1429 adjacentibus
1222 1368 1504 1415 contentari.
1574 1366 1638 1415 Et
1662 1373 1898 1429 quantum
1915 1364 1978 1414 ad
1999 1372 2136 1413 tuam
2157 1362 2307 1427 tripli-

553 1463 661 1495 cem
686 1448 923 1510 argutiam
960 1448 1108 1496 debes
1131 1448 1443 1496 verecundari
1477 1447 1609 1511 quod
1643 1462 1745 1495 non
1781 1447 1842 1495 sit
1874 1446 2025 1509 digna
2054 1443 2306 1493 memoria.

554 1528 652 1576 Sed
687 1529 738 1575 in
761 1529 898 1577 tertia
931 1529 1240 1592 replicatione
1277 1529 1577 1592 quadruplici
1619 1536 1693 1577 est
1731 1527 1844 1576 tibi⁶
1879 1527 2014 1576 color
2047 1525 2306 1584 maximus,

553 1610 664 1658 ideo
700 1610 762 1658 ad
795 1610 925 1658 illam
960 1626 1047 1673 per
1071 1611 1430 1659 ordinationem
1451 1610 1775 1673 respondebo.
1849 1609 1947 1658 Sed
1980 1608 2045 1657 ad
2077 1609 2307 1657 ruborem

552 1700 687 1738 tuum
725 1692 884 1740 dicam
918 1693 969 1739 in
1004 1693 1256 1755 principio,
1282 1692 1416 1755 quod
1450 1692 1597 1740 uteris
1631 1691 1792 1739 multis
1827 1690 2059 1754 pictatiis⁶
2087 1691 2141 1739 in
2171 1697 2308 1739 textu

554 1773 775 1834 apostoli,
796 1773 991 1835 quando
1017 1774 1102 1820 tibi
1129 1774 1359 1821 deficiunt
1384 1780 1683 1835 argumenta.
1755 1770 1875 1820 Non
1893 1772 2024 1820 enim
2048 1770 2163 1820 dicit
2185 1785 2307 1834 apo-

555 1854 718 1911 stoluS‚
745 1854 878 1915 quod
911 1853 1146 1902 debemus
1171 1855 1387 1916 praecise
1399 1855 1619 1916 finaliter
1642 1853 1716 1900 vel
1739 1854 1808 1899 ad
1826 1853 2088 1900 maximum
2121 1851 2182 1900 de
2205 1851 2307 1900 istis

554 1935 698 1982 bonis
732 1935 948 1996 corporis
981 1936 1262 1993 contentari,
1294 1935 1379 1983 sed
1413 1934 1685 1997 specificat⁷
1715 1949 1803 1996 per
1833 1934 2062 1982 alimenta
2093 1941 2141 1981 et
2169 1941 2306 1996 tegu-

555 2025 732 2076 menta,
753 2018 887 2080 quod
907 2018 966 2065 de
985 2019 1127 2066 bonis
1153 2019 1373 2066 fortunae
1392 2018 1535 2066 nobis
1554 2018 1900 2081 adjacentibus,
1919 2031 2044 2079 quae
2064 2023 2176 2064 sunt
2192 2014 2307 2063 bona

556 2100 763 2157 minima,
784 2099 1016 2147 debemus
1041 2114 1153 2146 cum
1177 2099 1511 2147 moderamine
1536 2099 1817 2156 contentari,
1843 2113 1945 2146 non
1969 2112 2170 2160 negans,
2189 2097 2307 2160 quin

557 2181 790 2228 debemus
817 2180 1084 2228 contentari
1104 2180 1162 2227 de
1188 2180 1312 2227 bonis
1331 2180 1503 2237 mediis,
1525 2195 1650 2242 quae
1670 2187 1780 2228 sunt
1797 2180 1929 2227 bona
1946 2178 2192 2237 naturalia,
2212 2193 2306 2227 nec

556 2277 741 2323 negans
767 2262 853 2308 sed
871 2261 1138 2322 implicans,
1158 2261 1292 2324 quod
1311 2262 1544 2309 debemus
1570 2261 1715 2308 etiam
1739 2260 2007 2309 contentari
2030 2267 2077 2308 et
2093 2259 2307 2322 gaudere

557 2343 617 2391 de
645 2343 772 2390 bonis
795 2344 1033 2399 maximis,
1060 2357 1184 2404 quae
1217 2350 1328 2389 sunt
1359 2343 1492 2389 bona
1523 2342 1702 2403 gratiae
1735 2349 1782 2389 et
1805 2342 2000 2400 virtutis,
2025 2350 2072 2389 et
2105 2341 2308 2390 finaliter

558 2423 618 2471 de
643 2422 754 2471 Deo
779 2423 1011 2471 debemus
1029 2424 1238 2471 maxime
1258 2423 1510 2484 gratulari3
1548 2422 1634 2470 sed
1658 2423 1774 2485 quid
1797 2422 1892 2470 hoc
1916 2423 1980 2471 ad
2002 2423 2308 2486 propositum

559 2506 821 2553 sententiae
857 2505 1157 2567 assignatae?
1228 2505 1292 2552 Et
1335 2513 1572 2567 quantum
1613 2504 1676 2552 ad
1716 2505 1955 2551 secundam
1991 2512 2124 2552 tuam
2165 2519 2308 2566 argu-

557 2589 687 2646 tiam,
712 2595 856 2649 patet‚
894 2586 1026 2649 quod
1062 2587 1204 2634 currit
1245 2587 1335 2634 sub
1371 2587 1544 2635 eadem
1579 2586 1805 2634 instantia
1839 2585 2033 2645 frivola;
2085 2585 2172 2634 sed
2205 2599 2309 2633 non

558 2677 714 2716 nocet.
784 2668 849 2715 Et
873 2667 1184 2716 conformiter
1217 2668 1388 2715 dicitur
1412 2668 1475 2716 ad
1506 2670 1686 2716 tertiam
1709 2677 1843 2717 tuam
1877 2668 2136 2731 pictatiam.
2209 2666 2307 2714 Sed

557 2765 655 2812 quo
681 2748 743 2797 ad
775 2750 998 2807 ultimam,
1025 2765 1148 2811 quae
1181 2749 1327 2796 habet
1359 2750 1572 2797 colorem
1604 2750 1886 2808 maximum,
1919 2748 2148 2811 intelligo,
2173 2746 2308 2811 quod

558 2831 771 2893 prudens
806 2832 1054 2894 apostolus
1087 2831 1303 2892 intelligit
1327 2846 1413 2893 per
1445 2831 1672 2879 alimenta
1705 2832 1866 2878 cibum
1897 2838 1945 2878 et
1967 2837 2153 2892 potum,
2181 2843 2307 2891 quae

558 2914 622 2961 ad
656 2913 1000 2976 perficiendum
1038 2928 1162 2975 opus
1198 2913 1494 2960 meritorium
1536 2913 1775 2960 sufficiunt
1809 2913 1975 2960 viatori
1988 2927 2001 2971 ;
2055 2911 2168 2959 ideo
2204 2925 2307 2958 non

561 2995 688 3052 dicit,
715 2994 850 3056 quod
875 2995 1110 3041 debemus
1133 2994 1310 3041 habere
1335 2994 1564 3051 lauticias,
1588 2994 1754 3040 vinum
1778 2992 1877 3040 vel⁸
1902 2992 2116 3040 edulium
2139 3006 2307 3053 sump-

560 3083 769 3132 tuosum,
796 3075 883 3122 sed
907 3075 1186 3122 alimentum
1211 3074 1344 3136 quod
1373 3075 1515 3121 nobis
1548 3073 1751 3120 sufficiat
1781 3073 1844 3121 ad
1876 3072 2177 3130 merendum,
2202 3086 2306 3119 non

560 3170 759 3218 negans,
787 3157 904 3219 quin
922 3157 973 3203 in
997 3171 1113 3204 casu
1137 3170 1235 3217 quo
1260 3156 1318 3202 sit
1341 3155 1513 3202 lautius
1539 3162 1586 3201 et
1610 3154 1672 3201 ad
1703 3153 1990 3201 merendum
2021 3151 2304 3214 expeditius,

561 3253 672 3284 cum
707 3238 965 3299 gratiarum
1002 3237 1191 3284 actione
1228 3236 1388 3283 debita
1424 3236 1567 3283 debet
1602 3235 1740 3283 sumi.
1809 3234 1872 3282 Et
1909 3234 1991 3292 sic,
2032 3241 2086 3282 ut
2120 3233 2305 3281 videtur

615 3388 627 3411 ¹
658 3387 780 3439 sicut]
802 3386 915 3432 illud,
935 3386 997 3426 ed.
1018 3400 1078 3439 pr,
1299 3385 1314 3407 ²
1341 3384 1530 3436 introitu]
1551 3384 1728 3430 interitu,
1748 3384 1811 3423 ed.
1831 3395 1892 3435 pr.
2134 3382 2151 3406 ³
2177 3380 2303 3432 sicut]

562 3441 631 3486 sic,
652 3442 756 3481 A.C.
939 3440 953 3462 4
983 3441 1059 3492 sic]
1081 3453 1162 3480 om.
1184 3440 1338 3479 A.B.C.
1359 3439 1421 3478 ed.
1442 3452 1503 3491 pr.
1674 3438 1690 3460 ⁵
1717 3437 1812 3489 tibi]
1833 3449 1915 3477 om.
1936 3437 2003 3481 Α.,
2023 3437 2069 3476 Β.
2091 3435 2304 3480 secundae,

563 3495 609 3532 C.
631 3495 786 3545 primae
805 3507 961 3534 manus,
1072 3495 1087 3518 ⁶
1116 3494 1255 3535 multis
1274 3493 1472 3546 pictatiis]
1492 3492 1656 3532 incultis
1674 3491 1847 3545 picatiis,
1867 3491 1930 3531 ed.
1951 3503 2013 3543 pr.
2131 3489 2148 3512 ⁷
2176 3487 2303 3542 speci-

563 3546 672 3598 ficat]
693 3548 936 3599 specivocat,
957 3548 1019 3589 ed.
1040 3562 1101 3601 pr.
1277 3548 1294 3571 ⁸
1322 3547 1478 3603 vel]set,
1499 3547 1561 3587 ed.
1580 3560 1644 3599 pr.
