2436 4094
367 451 466 505 162
1029 447 1457 513 JOANNIS
1525 449 1877 499 WICLIF
2179 472 2347 502 unm.

282 599 435 661 {sigperbia
444 598 518 634 qum
594 583 714 632 dunt
760 590 895 632 actus
939 582 1190 631 hominem
1238 584 1598 632 conturbantes,
1680 583 1869 632 Dicitur
1915 593 2077 634 autem
2118 585 2346 650 superbia

594 666 893 714 inordinatus
926 680 1064 713 amor
1095 666 1317 728 propriae
1351 666 1675 728 excellentiae.
1744 665 1880 714 Deus
1913 667 2044 715 enirn
2077 677 2209 717 amat
2231 682 2344 731 pro-

594 747 748 809 priam
773 746 1120 805 excellentiam,
1147 747 1270 795 sicut
1301 755 1348 795 et
1380 747 1538 809 angeli
1571 762 1709 795 suam
1724 764 1736 807 ;
1786 748 2012 796 homines
2043 749 2203 807 etiam,
2228 763 2342 797 cum

593 829 768 891 quibus
807 835 879 876 est
920 829 1086 890 gratia,
1129 837 1295 876 amant
1334 829 1516 877 virtutis
1556 829 1903 888 excellentiam,
1943 837 1996 877 ut
2029 829 2344 893 postmodum

595 909 712 957 sint¹
746 910 886 958 beati.
958 910 1079 958 Ideo
1113 910 1345 959 subdolus
1369 912 1566 973 pseuslz's
1598 911 1758 959 statim
1794 912 2024 974 objiceret
2055 919 2226 960 contra
2254 910 2344 960 ho-

592 992 775 1038 minem
808 992 1084 1054 superbiam
1109 993 1263 1040 taliter
1287 993 1653 1051 describentem,
1681 991 1815 1055 quod
1844 1001 1918 1041 est
1949 1008 2088 1041 amor
2119 994 2344 1056 propriae

590 1074 915 1133 excellentiae,
959 1090 1071 1122 cum
1111 1075 1248 1123 Deus
1289 1075 1412 1123 foret
1451 1076 1520 1123 sic
1563 1090 1752 1123 summe
1795 1076 2044 1138 superbus.
2114 1074 2341 1139 Intelligo

590 1163 752 1203 autem
776 1171 863 1218 per
887 1171 1105 1204 amorem
1131 1172 1232 1204 non
1257 1157 1414 1205 solum
1437 1165 1599 1204 actum
1631 1156 1840 1215 amandi,
1867 1156 1951 1205 sed
1985 1157 2216 1216 habitum,
2242 1171 2342 1220 quo

591 1238 825 1300 superbus
849 1238 1100 1286 inclinatur
1119 1238 1180 1286 ad
1201 1239 1458 1286 zelandum
1481 1253 1572 1301 pro
1598 1253 1688 1286 suo
1713 1246 1838 1286 statu
1861 1237 2116 1287 indebit02.
2186 1238 2251 1287 Et
2274 1239 2344 1287 sic

590 1326 781 1381 oportet
815 1334 1103 1382 supponere,
1138 1321 1272 1382 quod
1295 1320 1431 1369 Deus
1464 1319 1678 1368 ordinat³
1702 1320 1868 1368 omnia
1899 1328 2059 1368 creata
2089 1320 2142 1368 in
2173 1319 2344 1368 ordine

592 1401 796 1463 pulchro
829 1404 1104 1450 consistere.
1183 1401 1414 1450 Creatura
1443 1410 1605 1450 autem
1634 1401 1895 1461 rationalis,
1919 1409 1972 1450 ut
2002 1401 2154 1450 homo
2183 1409 2232 1451 et
2255 1416 2344 1450 an-

589 1482 740 1544 geluS,
766 1482 980 1545 infringit
1015 1483 1145 1532 hunc
1182 1483 1403 1531 ordinem
1439 1485 1490 1531 in
1525 1499 1577 1532 se
1614 1483 1745 1546 ipsa⁴
1781 1491 1828 1532 et
1865 1483 1982 1542 aliis,
2008 1498 2121 1531 curn
2154 1484 2342 1532 ratione

589 1579 704 1611 suae
730 1564 1039 1612 excellentiae
1064 1566 1245 1627 appetit
1270 1566 1554 1623 inordinate,
1579 1573 1679 1612 tam
1713 1565 1982 1613 secundum
2006 1564 2342 1613 intellectivam

589 1647 858 1708 potentiam
894 1662 1041 1709 quam
1076 1648 1335 1705 volitivam,
1372 1648 1422 1694 in
1458 1647 1613 1710 gradu
1649 1647 2028 1710 incompetenti⁵
2062 1648 2341 1695 consistere.

303 1735 484 1804 {gagssgreg
587 1728 650 1775 Et
690 1729 1044 1791 distinguuntur
1077 1731 1239 1790 species
1273 1729 1524 1791 superbiae,
1562 1729 1832 1777 secundum
1869 1729 2004 1791 quod
2039 1729 2342 1777 inordinatae

589 1811 837 1872 potentiae
862 1818 1097 1873 appetunt
1120 1811 1276 1858 malos
1301 1811 1450 1871 fines;
1487 1819 1539 1859 ut
1571 1811 1856 1859 intellectiva
1885 1811 2116 1873 potentia,
2142 1809 2342 1872 quando

590 1893 771 1953 appetit
795 1884 1044 1940 scientiam
1063 1892 1136 1939 vel
1161 1892 1308 1939 finem
1328 1892 1473 1938 aliurn
1498 1892 1783 1949 inordinate,
1803 1899 1918 1939 tunc
1937 1891 2107 1939 dicitur
2128 1891 2342 1952 superbia

590 1974 797 2020 interior.
867 1972 1013 2020 Unde
1050 1960 1270 2021 diabolus
1307 1974 1463 2035 primo
1500 1972 1782 2020 mentiendo
1825 1973 2066 2034 suggessit
2101 1971 2340 2020 feminae:

591 2058 602 2079 ‘
618 2069 927 2117 nequaquam
961 2051 1154 2118 (inquit)
1188 2054 1474 2111 moriemini,
1513 2053 1600 2102 scit
1631 2053 1762 2100 enim
1785 2052 1934 2110 Deus,
1961 2052 2095 2115 quod
2119 2067 2342 2115 quocun-

589 2151 683 2198 que
720 2136 796 2184 die
823 2135 1127 2183 comederitis
1153 2151 1212 2183 ex
1245 2151 1321 2193 eo,
1349 2135 1622 2197 aperientur
1654 2134 1780 2182 oculi
1805 2135 1962 2193 vestri,
1987 2142 2034 2182 et
2058 2134 2187 2183 eritis
2219 2135 2342 2184 sicut

588 2218 681 2275 Dii,
709 2218 914 2266 scientes
938 2218 1125 2264 bonurn
1149 2225 1198 2264 et
1221 2215 1460 2265 malum⁶.'
1530 2217 1660 2264 Ecce
1686 2215 1819 2279 quod
1843 2215 1979 2264 Deus
2006 2215 2132 2274 dicit,
2154 2220 2166 2240 ‘
2182 2223 2340 2266 morte

587 2299 888 2357 moriemini,'
915 2299 1083 2346 mulier
1117 2299 1302 2346 dubitat
1334 2314 1396 2346 ne
1431 2299 1551 2346 forte
1583 2297 1852 2356 moriatur⁷,
1878 2305 1926 2346 et
1958 2297 2178 2346 diabolus
2201 2283 2340 2346 men-

587 2381 766 2429 daciter
791 2380 1088 2438 contradicit,
1109 2383 1446 2442 ‘nequaquam
1471 2376 1663 2445 (inquit)
1683 2378 1985 2437 moriemini,'
2005 2387 2053 2428 et
2077 2394 2220 2442 super
2243 2378 2340 2428 hoc

589 2462 758 2511 fundat
798 2462 1037 2526 originem
1080 2462 1152 2509 sui
1193 2461 1432 2510 mendacii
1475 2477 1504 2509 a
1544 2461 1655 2508 Deo
1697 2460 1976 2523 procedere.
2047 2461 2112 2509 Et
2151 2461 2202 2508 in
2250 2461 2340 2510 ista

585 2545 809 2607 superbia
833 2544 1118 2591 scholastica
1142 2552 1254 2591 sunt
1277 2543 1412 2590 multi
1438 2542 1595 2590 clerici
1621 2543 1859 2604 occupati,
1883 2557 1995 2590 cum
2018 2541 2132 2590 facit
2155 2542 2336 2591 multos

583 2626 809 2688 languere
836 2626 962 2674 circa
986 2625 1174 2672 inutiles
1198 2625 1506 2687 quaestiones
1539 2632 1587 2671 et
1619 2624 1669 2671 in
1701 2638 1888 2671 errores
1922 2624 2194 2673 intellectus
2217 2624 2339 2672 inci-

583 2708 710 2765 dere,
738 2723 797 2755 ex
823 2709 996 2769 quibus
1021 2715 1241 2755 causatur
1266 2721 1397 2754 error
1430 2705 1631 2753 affectus
1655 2713 1704 2752 et
1728 2705 2108 2754 extrinsecorum
2133 2721 2339 2768 operum

584 2790 697 2837 satis
720 2789 827 2836 late.
898 2788 961 2836 Et
996 2796 1049 2836 ut
1083 2788 1197 2835 dicit
1233 2787 1479 2846 Metricus,
1502 2787 1713 2849 superbia
1749 2787 1997 2834 intellectus
2020 2787 2071 2835 in
2106 2795 2335 2851 quattuor

582 2872 822 2919 erroribus
846 2879 919 2918 est
942 2868 1194 2918 fundatassz

274 1735 307 1795 E<

1002 2996 1013 3014 ⁸
1027 2991 1090 3031 Ex
1109 3003 1152 3031 se
1171 3003 1246 3043 pro
1267 2990 1422 3030 meritis
1440 2990 1542 3031 false
1560 2989 1653 3042 plus
1673 2989 1865 3030 omnibus
1883 2990 2025 3032 inflat!

652 3116 868 3176 Quidam
915 3116 1044 3164 enim
1096 3125 1266 3179 putant
1309 3131 1358 3165 se
1400 3116 1579 3164 habere
1622 3115 1957 3164 excellentiam
2004 3131 2065 3164 ex
2108 3132 2160 3165 se
2200 3117 2332 3180 ipsiS,

583 3198 780 3261 quidam
814 3198 1029 3246 secundo
1062 3206 1232 3260 putant
1265 3213 1316 3245 se
1348 3198 1528 3246 habere
1562 3199 1694 3245 bona
1726 3197 1959 3246 naturalia
1983 3198 2044 3246 de
2069 3198 2335 3262 condigno,

583 3280 782 3342 quidam
823 3286 994 3342 putant
1036 3295 1086 3328 se
1127 3279 1306 3327 habere
1347 3280 1481 3327 bona
1520 3279 1679 3341 aliqua
1724 3294 1849 3342 quae
1897 3294 2001 3326 non
2047 3279 2244 3339 habent,
2286 3289 2335 3329 et

638 3430 652 3453 ¹
682 3430 783 3483 sint]
806 3434 911 3476 sunt,
933 3431 995 3470 ed.
1016 3443 1078 3482 pr.
1369 3429 1385 3452 ²
1411 3429 1616 3482 indebito]
1638 3428 1821 3476 indubio,
1842 3429 1903 3475 Β.,
1925 3428 1977 3468 A.
1998 3428 2154 3481 primae
2172 3442 2332 3470 manus.

583 3483 597 3505 ³
626 3485 806 3536 ordinat]
829 3485 1001 3532 ordinet,
1022 3485 1085 3524 ed.
1106 3498 1166 3537 pr.
1370 3483 1385 3507 ⁴
1412 3484 1520 3536 ipsa]
1541 3484 1645 3536 ipso,
1667 3483 1769 3523 Α.Β.
1972 3483 1988 3506 ⁵
2016 3483 2333 3536 incompetenti]

584 3539 845 3589 competenti,
868 3540 922 3578 D.
1225 3539 1240 3561 ⁶
1270 3538 1374 3578 Gen.
1390 3539 1445 3578 iii.
1739 3537 1754 3560 ⁷
1783 3537 1999 3589 moriatur]
2020 3537 2253 3584 moriamur,
2277 3538 2331 3578 D.

585 3589 599 3612 ⁸
627 3590 814 3643 fundata]
836 3592 1017 3633 fundata.
1076 3595 1255 3640 Versus„
1276 3592 1338 3633 ed.
1360 3607 1420 3645 pr.
1437 3607 1447 3638 ;
1477 3598 1577 3633 nota
1597 3591 1832 3644 marginalis
1852 3591 1983 3631 codici
2003 3591 2052 3631 C.
2072 3591 2263 3644 ascripta.
