2496 4108
366 405 481 466 264.

1057 400 1480 464 JOANNIS
1550 400 1895 450 WICLIF
2198 418 2351 447 unns.

603 535 823 584 dividitur
878 542 926 582 et
974 534 1176 582 finaliter
1223 534 1480 592 desolatur,
1529 543 1575 582 et
1622 534 1875 597 quomodo
1923 534 2028 596 eJus
2082 531 2346 595 praepositi

603 614 922 664 benedicunt1
938 632 949 674 ;
1007 616 1069 663 ad
1101 623 1288 663 tantum
1324 616 1482 663 enim²
1516 617 1566 663 in
1603 631 1654 663 se
1693 615 1966 663 dividuntur
2000 615 2166 677 quoad
2194 615 2345 663 istam

601 698 850 744 materiam
876 705 1034 745 sectae
1058 697 1271 755 fratrum,
1292 697 1427 759 quod
1451 698 1692 760 quaelibet
1717 697 2030 745 contrariatur
2053 695 2279 758 reliquae,
2299 702 2348 742 et

601 780 730 827 nulla
762 778 931 826 fundat
964 777 1222 826 efficaciter
1254 778 1434 826 dictum
1468 795 1608 826 suum
1625 796 1637 837 ;
1683 787 1730 826 et
1754 780 1867 841 quia
1890 779 2088 840 praelati
2113 777 2186 825 sui
2209 790 2349 839 prae-

601 872 796 909 sumunt
820 868 1018 922 propter
1042 861 1300 922 pecuniam
1323 861 1612 908 benedicere
1637 876 1666 908 a
1683 860 1902 907 Domino
1921 858 2203 916 maledictis,
2225 858 2348 906 sicut

600 942 896 989 maledicunt
931 942 1142 988 crebrius
1179 957 1207 988 a
1235 941 1453 989 Domino
1488 942 1770 999 benedictis,
1797 941 1908 989 ideo
1945 941 2177 988 innuebat
2205 939 2348 987 nobis

601 1023 858 1072 Dominus.
877 1022 1128 1083 quomodo
1149 1037 1317 1070 eorum
1332 1023 1607 1070 benedictio
1629 1023 1898 1071 secundum
1913 1021 2165 1084 proprium
2176 1035 2348 1069 >eorum

570 1106 847 1151 ¹arbitrium
896 1119 1041 1165 saepe
1089 1104 1365 1152 maledictio
1412 1104 1613 1152 Domini
1661 1113 1731 1152 est
1783 1104 2003 1162 dicenda,
2050 1105 2189 1167 juxta
2233 1101 2351 1151 illud

602 1186 871 1232 Malachiae
889 1186 916 1231 i.
930 1201 940 1232 ε
968 1190 979 1210 ‘
996 1186 1283 1234 maledicam
1298 1186 1718 1233 benedictionibus
1734 1186 1902 1233 vestris
1912 1186 1955 1233 ⁸.’
2003 1185 2190 1233 Dicunt
2201 1185 2349 1243 enim,

604 1267 737 1328 quod
769 1267 819 1313 in
845 1266 1212 1314 consecratione
1238 1282 1353 1314 suae
1379 1266 1564 1314 hostiae
1589 1266 1883 1314 benedicunt
1907 1281 2086 1329 panem
2112 1273 2160 1314 et
2183 1267 2348 1313 vinum

603 1350 652 1395 in
685 1347 900 1404 nihilum,
927 1362 1040 1394 cum
1073 1348 1202 1394 nulla
1225 1363 1337 1409 pars
1362 1349 1465 1410 ejus
1490 1355 1707 1395 remanet
1737 1348 1786 1394 in
1811 1346 1989 1395 Christi
2021 1361 2226 1410 corpore
2257 1361 2350 1394 nec

572 1415 576 1487 Ι
603 1430 653 1475 in
678 1443 766 1476 suo
792 1437 1109 1487 sacramento,
1134 1438 1187 1476 ut
1210 1430 1445 1492 inquiunt,
1472 1430 1557 1477 sed
1582 1429 1832 1491 loquendo
1857 1429 2050 1491 proprie
2073 1429 2135 1477 de
2161 1427 2351 1476 annihi-

603 1510 779 1557 latione
805 1510 1094 1556 annihilatur
1118 1519 1165 1558 et
1194 1511 1244 1557 in
1269 1511 1386 1557 nihil
1420 1511 1727 1558 convertitur.
1799 1509 2019 1558 Christus
2047 1518 2211 1557 autem·
2241 1510 2350 1558 licet

605 1599 803 1639 vocatus
836 1591 978 1638 fuerit
1011 1591 1162 1639 homo
1201 1600 1418 1640 austerus
1455 1607 1483 1639 a
1519 1607 1658 1639 servo
1695 1588 1879 1654 pigro4,
1905 1607 2157 1653 nunquam
2183 1599 2350 1639 tamen

603 1681 702 1720 tam
729 1686 891 1720 severe
916 1673 1054 1720 alicui
1080 1674 1147 1720 rei
1172 1673 1392 1735 signabili
1416 1673 1687 1732 maledixit3
1726 1673 1923 1735 quando
1949 1674 2081 1720 enim
2105 1672 2352 1721 maledixit

605 1754 715 1801 ficui
749 1752 902 1801 Marci
926 1755 1003 1811 xi„
1029 1755 1260 1802 remansit
1294 1755 1413 1802 ficus
1452 1755 1730 1812 substantia,
1769 1770 1881 1802 cum
1916 1753 2135 1802 Christus
2167 1753 2351 1802 nesciat

605 1843 803 1897 propter
821 1844 1074 1896 peccatum
1099 1836 1173 1883 vel
1198 1836 1401 1897 figuram
1425 1837 1613 1898 peccati
1640 1851 1778 1883 suam
1803 1836 2088 1883 omnimode
2107 1835 2351 1883 destruere

606 1925 901 1975 creaturam,
951 1925 998 1963 et
1022 1932 1133 1963 cum
1159 1917 1288 1964 nulla
1314 1925 1529 1965 creatura
1560 1925 1723 1978 potest
1758 1916 2025 1978 quidquam
2060 1915 2233 1974 facere,
2257 1916 2351 1963 nisi

607 1997 881 2059 praeveniat
919 1997 1063 2044 factio
1101 1994 1340 2055 creatoris,
1378 2006 1511 2059 patet
1545 2006 1598 2045 ut
1635 2005 1886 2054 consonat,
1922 1997 2057 2059 quod
2091 1997 2200 2045 licet
2234 1997 2352 2060 ipsi⁵

606 2078 898 2125 benedicant
933 2093 1128 2145 pan-em,
1154 2087 1205 2126 ut
1241 2078 1359 2126 false
1394 2079 1573 2137 dicunt,
1600 2079 1650 2124 in
1683 2078 1899 2135 nihilum,
1927 2085 2091 2126 tamen
2117 2078 2351 2137 Christus,

609 2175 719 2206 cum
740 2160 798 2206 sit
824 2174 910 2206 sua
933 2159 1128 2217 fabrica,
1155 2153 1314 2220 ipsum
1340 2168 1508 2207 servat.
1581 2159 1689 2206 Nec
1715 2167 1907 2221 oportet
1930 2160 2182 2208 mussitare
2207 2175 2353 2223 super

608 2240 772 2287 dictis⁶
788 2238 1025 2302 johannis
1050 2241 1101 2286 de
1123 2239 1234 2297 Deo,
1267 2241 1400 2302 quod
1433 2241 1572 2302 panis
1605 2255 1863 2288 remanens
1897 2250 1981 2299 est,
2018 2242 2106 2289 sed
2141 2242 2354 2290 nescitur
2404 2293 2408 2295 ,

606 2322 687 2368 ubi
714 2329 813 2379 est;
851 2321 963 2383 quia
982 2321 1147 2368 fideles
1167 2322 1281 2370 satis
1301 2322 1470 2378 sciunt,
1491 2322 1624 2383 quod
1643 2322 1782 2383 panis
1807 2323 1975 2370 virtute
2001 2323 2352 2371 benedictionis

607 2401 782 2450 Christi
798 2402 848 2448 in
867 2402 1051 2459 melius,
1070 2403 1183 2463 quia
1201 2403 1250 2448 in
1270 2417 1445 2464 corpus
1462 2402 1677 2460 Domini,
1694 2411 1766 2450 est
1784 2417 2057 2461 conversus,
2073 2399 2121 2451 e‘t
2134 2414 2352 2453 remanet

605 2484 760 2545 panis,
786 2483 899 2544 quia
924 2491 1087 2529 manet
1122 2483 1529 2530 sacramentaliter
1560 2484 1721 2545 ipsum
1755 2498 1948 2546 corpus.
2018 2484 2080 2532 Et
2105 2486 2144 2534 si
2171 2487 2376 2545 dicunt,¹

606 2564 740 2625 quod
766 2564 1242 2612 transsubstantiatur
1262 2565 1430 2611 virtute
1455 2565 1712 2611 verborum
1738 2566 2170 2624 sacramentalium,
2196 2567 2353 2629 placet

605 2645 735 2702 mihi,
757 2660 868 2692 cum
895 2646 1158 2692 substantia
1182 2646 1261 2692 illa
1286 2661 1386 2692 non
1412 2646 1591 2703 transit,
1613 2646 1652 2693 si
1675 2661 1777 2692 non
1801 2646 1850 2692 in
1871 2661 1958 2693 suo
1984 2648 2183 2695 transitu
2206 2647 2354 2696 habet

605 2741 726 2774 esse.
775 2725 1055 2773 Laudemus
1082 2742 1198 2788 ergo
1223 2726 1394 2790 Jesum
1415 2726 1672 2784 Christum,
1699 2727 1834 2788 quod
1853 2735 2019 2775 auctor
2037 2727 2197 2776 istius⁷
2213 2744 2351 2778 men·-

606 2807 729 2854 dacii
754 2822 856 2854 non
882 2816 954 2855 est
979 2808 1054 2855 ille
1080 2809 1162 2869 qui
1191 2814 1201 2832 ‘
1219 2808 1339 2856 dixit
1371 2816 1418 2854 et
1442 2807 1568 2854 facta
1593 2805 1758 2865 sunt⁸,’
1785 2808 1870 2855 sed
1905 2809 2066 2870 potius
2101 2810 2178 2857 ille
2213 2825 2352 2858 men-

614 2888 722 2945 dax,
749 2889 832 2950 qui
857 2888 974 2935 dixit
997 2897 1044 2935 et
1069 2904 1170 2936 non
1195 2889 1322 2936 facta
1348 2898 1471 2946 sunt,
1497 2889 1742 2936 mandavit
1767 2877 1817 2936 et*
1838 2887 2079 2951 dispersa⁹
2102 2899 2226 2939 sunt.

677 2968 829 3027 Quod
866 2970 904 3017 si
929 2970 1147 3031 replicas,
1174 2986 1235 3017 ex
1260 2970 1354 3017 hoc
1389 2970 1538 3031 sequi,
1564 2969 1697 3031 quod
1733 2985 1860 3031 papa
1895 2979 1941 3016 et
1977 2971 2243 3019 cardinales
2279 2974 2352 3020 sui

607 3049 881 3111 frequenter
902 3051 952 3097 in
971 3051 1065 3097 fide
1085 3050 1311 3097 deficiunt
1331 3066 1386 3097 ac
1412 3066 1463 3097 se
1483 3058 1530 3097 et
1549 3050 1775 3097 ecclesias
1796 3065 1907 3097 suas
1927 3066 2071 3113 saepe
2091 3052 2351 3115 decipiunt,

607 3146 718 3178 vera
742 3139 816 3178 est
841 3131 1105 3188 conclusio,
1131 3131 1217 3178 sed
1244 3130 1512 3178 dolendam.
1573 3131 1922 3178 Verumtamen
1945 3140 2104 3180 utrum
2129 3133 2350 3182 decesse-

663 3304 676 3326 1
706 3303 1096 3354 benedicunt]·bene
1115 3302 1267 3347 dicunt,
1289 3303 1336 3342 C.
1596 3302 1611 3324 ²
1639 3302 1767 3354 enim]
1789 3303 1964 3354 quidem,
1984 3304 2102 3350 A.C.‚
2123 3303 2170 3343 Β.
2194 3304 2352 3356 primae

609 3369 764 3401 manus,
785 3357 847 3395 ed.
869 3370 930 3408 pr.
1106 3357 1121 3380 ³
1150 3357 1315 3396 Rectius
1336 3356 1514 3396 Malach.
1536 3358 1574 3396 ii.
1601 3368 1635 3396 2.
1799 3356 1815 3379 ⁴
1842 3357 1892 3396 ef.
1915 3358 2063 3397 Matth.
2084 3371 2174 3397 xxv,
2196 3370 2348 3410 24*ssq.

608 3409 623 3430 ⁵
651 3410 747 3460 ipsi]
770 3410 839 3455 ibi,
861 3410 915 3448 D.
1106 3410 1121 3433 ὅ
1150 3410 1288 3462 dictis]
1310 3411 1477 3454 dictum,
1499 3412 1561 3450 ed.
1582 3425 1642 3462 pr.
1855 3411 1870 3433 ⁷
1897 3411 2032 3463 istius]
2053 3411 2183 3463 hujus,
2203 3412 2265 3451 ed.
2285 3425 2346 3464 pr.

614 3463 628 3484 Β
652 3464 702 3501 cf.
725 3465 788 3502 Ps.
809 3465 940 3503 xxxiii.
964 3465 1122 3515 (xxxii.)
1143 3477 1181 3512 o.
1389 3466 1403 3486 ⁹
1430 3465 1629 3517 dispersa]
1652 3465 1900 3510 discrasiata‚
1922 3464 1975 3504 D.
2141 3466 2171 3489 1⁰
2198 3478 2347 3505 vera-

580 3527 582 3557 {
609 3515 803 3567 dolenda]
827 3531 920 3557 vera
940 3524 999 3558 est
1020 3525 1059 3557 et
1079 3518 1255 3558 dolenda
1275 3519 1495 3564 conclusio,
1518 3519 1572 3557 D.
