2424 4120
355 426 460 491 418

1036 424 1462 489 JOANNJS
1534 406 1886 474 WJCLJF
2204 445 2342 481 CAR3.

601 578 717 624 ergo
742 567 991 608 moverent
1015 558 1230 606 fidelem¹
1257 559 1347 606 sub
1379 573 1540 620 poena
1571 558 1782 606 haeresis
1813 559 1943 620 ipsas
1976 557 2170 607 credere
2202 574 2339 608 com-

600 641 886 689 mendare2?
945 640 1008 688 Et
1033 640 1346 687 confirmatur
1370 654 1429 686 ex
1455 639 1564 697 hoc,
1589 639 1724 702 quod
1748 654 1839 687 nec
1866 639 2085 688 Christus
2109 655 2204 688 nec
2234 641 2340 704 ejus

599 723 804 786 apostoli
828 723 959 784 ipsas
985 721 1324 777 servaverant³‚
1349 721 1456 768 illae
1480 721 1623 782 igitur
1646 728 1879 783 tanquam
1900 722 2239 770 ceremonialia
2261 723 2337 770 vel

598 805 770 866 legalia
805 812 915 851 sunt
951 803 1244 851 tractandae.
1318 801 1416 852 Hic
1455 802 1642 860 dicitur,
1682 803 1816 864 quod
1858 801 2013 851 dictae
2051 802 2186 866 leges
2227 811 2340 852 sunt

598 886 719 933 fides
744 885 987 942 ecclesiae,
1013 885 1125 946 quia
1157 899 1292 931 sacra
1324 884 1556 946 scriptura
1588 891 1823 946 perpetuo
1858 883 2175 943 observanda,
2199 892 2248 933 et
2271 885 2340 934 sic

598 967 903 1030 implicantur
927 968 976 1013 in
1000 965 1228 1013 omnibus
1261 965 1503 1013 mandatis
1536 965 1769 1027 decalogi,
1795 979 1907 1013 cum
1939 965 2343 1026 praevaricatores

597 1063 763 1096 earum
787 1047 1041 1095 offendunt
1065 1054 1233 1094 contra
1256 1054 1413 1093 totum
1442 1046 1758 1108 decalogum3
1809 1062 1912 1094 non
1943 1056 2107 1096 tamen
2132 1047 2345 1110 oportuit

597 1130 727 1191 ipsas
762 1129 896 1190 leges
931 1128 981 1174 in
1017 1127 1253 1189 decalogo
1290 1127 1542 1188 explicare,
1578 1128 1692 1189 quia
1727 1137 1838 1176 sunt
1869 1129 2002 1192 leges
2025 1129 2346 1190 particulares

596 1211 891 1272 pertinentes
924 1208 1253 1256 sacerdotibus
1286 1215 1333 1256 et
1357 1208 1547 1256 Levitis.
1621 1208 1718 1256 Sed
1750 1209 1925 1258 decem
1956 1210 2090 1273 leges
2122 1209 2343 1272 decalogi

597 1292 813 1353 obligant
852 1290 1131 1352 generaliter
1176 1297 1320 1351 atque
1369 1304 1574 1351 semper.
1662 1289 2015 1339 Verumtamen
2059 1291 2111 1339 in
2155 1291 2343 1353 legibus

597 1373 746 1420 tribus
772 1371 1054 1434 supradictis
1079 1370 1266 1418 fuerant
1291 1371 1450 1433 aliqua
1474 1371 1675 1418 moralia
1699 1379 1745 1419 et
1769 1372 1954 1435 aliqua*
1987 1372 2341 1430 ceremonialia,

597 1454 798 1501 moralia
822 1464 984 1500 autem
1008 1452 1226 1515 pontifex
1246 1461 1409 1500 noster
1429 1451 1646 1500 Christus
1667 1468 1781 1500 cum
1806 1454 1904 1501 suis
1929 1453 2162 1516 apostolis
2181 1453 2341 1502 stricte

598 1543 645 1582 et
668 1533 968 1596 regulariter⁵
992 1534 1293 1590 observabat,
1319 1541 1371 1580 ut
1394 1540 1525 1595 patet
1550 1549 1694 1595 supra
1725 1535 1787 1582 de
1821 1542 2008 1597 septem
2039 1535 2227 1597 legibus
2250 1549 2341 1598 pro

598 1617 688 1665 ista
727 1616 964 1664 sententia
1002 1615 1228 1676 allegatis.
1305 1613 1523 1662 Christus
1563 1622 1726 1662 autern
1769 1616 1967 1663 obmisit
2007 1615 2341 1678 acceptionem

600 1698 815 1746 decimae
841 1705 886 1744 et
911 1696 1212 1744 oblationum
1221 1696 1250 1753 ⁶,
1278 1711 1402 1758 quae
1426 1696 1476 1742 in
1500 1695 1606 1757 lege
1631 1697 1775 1744 veteri
1799 1696 1989 1745 fuerant
2012 1697 2342 1745 sacerdotibus

598 1780 841 1837 limitatae,
867 1778 980 1840 quia
1003 1778 1052 1824 in
1077 1778 1184 1839 ipso
1210 1778 1391 1839 figurae
1416 1777 1523 1824 illae
1548 1778 1781 1839 mysticae
1807 1786 1916 1826 sunt
1944 1778 2228 1840 completae.

667 1860 776 1907 Nos
812 1867 973 1907 autem
1008 1867 1227 1920 tempore
1263 1859 1382 1920 legis
1417 1859 1600 1920 gratiae
1633 1860 1932 1906 obmittimus
1965 1859 2100 1922 quod
2125 1858 2343 1908 Christus

598 1950 698 1988 tam
722 1940 998 2002 regulariter
1032 1940 1244 1997 servavit,
1270 1955 1385 1987 cum
1418 1939 1673 1986 moralitati
1705 1941 1954 2001 pertineat,
1980 1947 2028 1988 et
2059 1939 2273 1988 decimas
2295 1947 2345 1988 et

600 2022 867 2069 oblationes
893 2021 1006 2068 satis
1031 2020 1166 2067 avide
1192 2019 1560 2081 amplexamur⁷,
1582 2035 1694 2068 cum
1717 2028 1882 2068 tamen
1907 2020 2126 2069 Christus
2150 2020 2267 2069 dixit
2293 2022 2345 2069 in

600 2117 688 2150 suo
731 2102 952 2164 apostolo
995 2101 1057 2148 ad
1094 2100 1412 2148 Timotheum
1446 2102 1519 2158 vi.‚
1558 2102 1692 2162 quod
1727 2085 1989 2150 ‘habentes
2029 2102 2257 2151 alimenta
2295 2111 2344 2151 et

599 2183 773 2245 quibus
792 2192 1025 2243 tegamur,
1044 2181 1117 2229 his
1143 2182 1356 2229 contenti
1381 2179 1559 2229 simus.'
1621 2182 1683 2229 Et
1707 2183 1797 2231 ista
1822 2183 2057 2245 cupiditas
2075 2182 2342 2245 profunda⁸

601 2272 648 2311 et
689 2263 979 2311 ordinationi
1017 2263 1194 2310 Christi
1237 2263 1476 2310 contraria
1511 2263 1698 2310 induxit
1739 2265 1977 2326 maJorem
2012 2264 2256 2311 avaritiam
2290 2265 2343 2312 in

602 2344 866 2406 capiendo⁹
896 2344 1144 2391 mundana
1176 2344 1421 2402 dominia3
1466 2352 1512 2391 et
1544 2344 1624 2392 illa
1657 2345 1863 2402 avaritia,
1890 2346 1930 2392 si
1961 2345 2096 2394 Deus
2127 2345 2342 2404 voluerit,

600 2434 671 2473 est
707 2426 769 2474 ad
803 2426 1024 2472 ultimum
1060 2424 1360 2487 profundata.
1433 2425 1496 2471 Et
1531 2425 1596 2472 ita
1633 2426 1803 2472 dicitur
1827 2426 1962 2488 quod
1997 2425 2344 2488 assumptum¹⁰

600 2515 671 2554 est
708 2506 896 2563 falsum,
932 2521 1044 2553 cum
1085 2506 1285 2554 moralia
1325 2507 1522 2554 istarum
1563 2506 1727 2568 legum
1767 2507 1819 2554 in
1860 2506 2076 2569 quolibet
2111 2506 2343 2555 mandato

599 2587 819 2649 decalogi
843 2595 953 2635 sunt
977 2594 1250 2649 praecepta,
1275 2594 1322 2634 et
1346 2587 1396 2633 in
1421 2587 1515 2634 ista
1546 2595 1681 2649 parte
1714 2588 1945 2650 symboli:
1989 2593 2000 2613 ⁴
2017 2588 2165 2637 credo
2188 2587 2343 2639 eccle-

598 2669 719 2716 siam
745 2676 962 2715 sanctam
988 2667 1290 2716 catholicam'
1315 2667 1600 2730 quaelibet11
1627 2668 1886 2731 scripturae
1917 2683 2080 2717 sacrae
2113 2659 2344 2731 particula

597 2750 882 2796 continetur.
968 2748 1237 2807 Quomodo
1286 2765 1405 2811 ergo
1448 2764 1550 2796 non
1593 2749 1715 2796 foret
1755 2750 1974 2806 infidelis,
2019 2750 2102 2812 qui
2142 2757 2342 2811 negaret

595 2838 731 2891 gesta
749 2829 926 2877 Christi
949 2830 1000 2876 in
1024 2830 1273 2892 evangelio
1299 2831 1548 2892 explicata,
1569 2830 1678 2878 licet
1702 2845 1804 2877 non
1829 2831 1922 2878 sint
1940 2831 1991 2877 in
2015 2829 2236 2893 symbolo
2261 2845 2344 2878 ex-

595 2912 842 2972 pressata?
900 2910 1017 2958 Non
1042 2911 1171 2958 enim
1197 2926 1226 2957 a
1249 2919 1468 2972 tempore
1492 2911 1747 2959 nativitatis
1774 2910 1949 2959 Christi
1973 2925 2127 2974 usque
2153 2910 2216 2958 ad
2238 2910 2344 2973 ejus

596 2992 876 3053 passionem
895 2991 1115 3053 aliquid12
1138 2999 1385 3052 gestorum
1405 2990 1582 3039 Christi
1607 2993 1898 3053 exprimitur,
1919 3000 1967 3040 et
1989 2999 2154 3039 tamen
2177 2992 2344 3039 omnia

595 3072 673 3120 illa
698 3080 808 3119 sunt
831 3080 883 3119 ut
907 3072 1027 3119 fides
1051 3072 1283 3120 ecclesiae
1307 3072 1616 3134 acceptanda.
1687 3072 1750 3119 Et
1773 3080 1904 3134 patet
1928 3073 2116 3120 solutio.

650 3228 662 3251 ¹
692 3233 902 3267 moverent
921 3227 1102 3279 fidelem]
1125 3233 1339 3268 moventur
1358 3227 1509 3274 fideles,
1531 3228 1580 3268 C.
1799 3228 1815 3251 ²
1843 3229 2008 3270 credere
2027 3229 2321 3271 commendare

595 3281 620 3320 i.
633 3294 668 3321 e.
689 3282 987 3328 commendare,
1009 3282 1085 3321 sub
1103 3295 1238 3334 poena
1255 3282 1445 3327 haeresis,
1465 3288 1511 3322 ut
1530 3282 1670 3322 credat
1689 3283 1811 3336 ipsas.
2013 3283 2030 3307 ³
2057 3230 2341 3337 servaverant]

594 3340 815 3381 servarunt,
838 3336 886 3376 C.
1050 3334 1065 3358 ⁴
1093 3342 1134 3376 et
1153 3335 1307 3388 aliqua]
1329 3342 1463 3387 atque,
1484 3337 1617 3376 a.b.C.
1780 3337 1796 3360 ⁵
1823 3335 2081 3389 regulariter]
2103 3337 2282 3384 realiter,
2303 3351 2341 3378 a.

593 3387 608 3410 ⁶
637 3388 915 3441 oblationum]
937 3388 1041 3441 conj.
1063 3389 1219 3430 Omnes
1235 3390 1395 3430 codices
1414 3390 1591 3430 habent:
1620 3389 1885 3431 oblationem.
1993 3390 2010 3414 ⁷
2035 3387 2340 3444 amplexamur]

592 3442 887 3494 amplexantur,
908 3443 956 3483 C.
1254 3443 1269 3466 ⁸
1297 3444 1520 3505 profunda]
1541 3443 1799 3496 profundata,
1821 3445 1888 3491 Α.,
1908 3445 1988 3484 a.b.
2008 3456 2058 3484 ex
2076 3445 2341 3496 sequentibus
2410 3471 2422 3478 ,

591 3497 724 3535 verbis
743 3496 823 3536 huc
842 3497 1098 3537 translatum.
1217 3497 1233 3520 ⁹
1262 3497 1481 3549 capiendo]
1502 3497 1748 3550 recipiendo,
1770 3499 1820 3538 C.
1929 3498 1961 3522 ¹⁰
1988 3498 2265 3551 assumptum]
2288 3499 2342 3539 ad

591 3562 766 3596 sensum,
789 3551 836 3591 C.
1002 3551 1031 3576 ¹¹
1058 3550 1286 3604 quaelibet]
1307 3551 1501 3603 qualibet,
1521 3565 1560 3592 a.
1729 3551 1759 3577 ¹²
1785 3551 1958 3605 aliquid]
1979 3551 2104 3599 aliud,
2124 3552 2174 3594 C.
