2456 4088
315 449 420 487 222

235 1401 398 1439 Peccatum

256 1472 342 1495 atura
387 1476 395 1493 ι

233 1501 289 1540 sed
302 1502 434 1540 desertus

334 1543 352 1562 a

333 1442 358 1460 is
371 1440 432 1460 non
445 1440 478 1460 es

355 1467 458 1501 asqua

993 433 1422 498 JOANNIS
1493 435 1846 485 WICLIF
2146 457 2311 486 unul.

554 567 807 615 hominum
841 567 1112 615 secundum
1137 583 1284 630 quarn
1308 569 1572 631 postgeniti
1597 569 2000 618 descendebant¹.
2073 570 2173 620 Sed
2198 571 2302 620 scio

552 648 726 710 quam2
749 648 884 695 multi
908 649 958 695 in
982 650 1183 697 materia
1205 649 1296 697 ista
1319 651 1589 709 mussitant,
1611 658 1658 698 et
1683 651 1952 713 specialiter
1976 667 2088 701 cum
2112 653 2305 701 animae

550 730 813 778 multorum
847 738 1127 778 sanctorum
1159 734 1285 778 sunt
1303 732 1506 779 omnino
1538 732 1751 781 mundae
1777 749 1806 780 a
1830 734 2030 782 crimine
2061 749 2152 796 pro
2181 742 2300 783 tem·

551 826 670 874 pore
706 826 805 873 quo
841 819 1099 876 procreant
1139 812 1327 874 prolem
1363 828 1527 872 suarn3
1582 828 1611 861 a
1652 828 1750 876 quo
1788 830 1904 877 ergo
1943 816 2305 864 contraheretur

551 900 804 954 peccatum
852 893 1084 956 originale
1132 895 1182 941 in
1229 893 1398 956 prole?
1450 895 1687 957 numquid
1735 897 1797 943 ab
1845 896 1927 943 illo
1973 896 2173 945 homine
2219 898 2305 960 qui

551 973 798 1022 actualiter
829 989 931 1022 non
963 975 1135 1033 existit,
1161 983 1242 1023 aut
1278 976 1340 1023 ab
1364 976 1445 1023 illo
1479 976 1644 1038 spiritu
1677 985 1917 1039 separat0‚
1943 992 2092 1040 quern
2120 993 2305 1041 suppo-

551 1056 677 1103 nitur
701 1070 809 1104 esse
832 1057 1028 1104 beatum
1061 1064 1108 1104 et
1140 1057 1207 1104 sic
1240 1057 1444 1105 omnino
1477 1058 1748 1106 mundum?
1807 1058 1919 1106 Irno
1944 1058 2131 1107 videtur
2154 1060 2304 1123 quod,

551 1138 673 1185 sicut
696 1137 832 1185 Deus
855 1137 1066 1200 perfecte
1092 1146 1229 1185 sanat
1252 1137 1503 1186 hominem
1528 1154 1557 1187 a
1579 1147 1798 1201 peccato,
1818 1141 1884 1187 ita
1906 1139 2116 1202 perfecte
2141 1142 2306 1190 sanet³

550 1219 709 1280 ipsum
751 1220 839 1266 ne⁴
882 1219 1180 1268 contaminet
1220 1220 1410 1282 prolem
1453 1235 1605 1268 suam.
1696 1220 1794 1268 Hic
1837 1229 2001 1268 tamen
2042 1222 2304 1271 considero

550 1300 684 1362 quod
709 1309 900 1363 oportet
931 1301 1213 1363 loquentem
1245 1301 1297 1347 in
1332 1302 1424 1348 ista
1455 1302 1656 1349 materia
1679 1316 1787 1349 esse
1811 1302 1937 1349 bene
1970 1302 2226 1351 fundatum
2251 1304 2302 1351 in

550 1384 749 1430 materia
782 1383 842 1431 de
877 1383 1140 1445 quidditate
1178 1383 1422 1444 originalis
1454 1384 1653 1445 peccati,
1679 1384 1932 1432 noscendo
1957 1385 2209 1447 quomodo
2233 1394 2307 1434 est

550 1465 797 1527 originalis
822 1464 1062 1514 defectus⁶
1086 1472 1134 1512 et
1157 1479 1260 1512 non
1293 1463 1427 1526 quod
1459 1472 1534 1512 est
1566 1473 1784 1513 creatura
1815 1465 1976 1528 aliqua
2001 1481 2125 1529 quae
2147 1474 2304 1516 trans-

550 1548 697 1595 mitti⁶
722 1554 887 1609 posset
910 1562 997 1609 per
1030 1561 1211 1605 semen,
1236 1545 1310 1593 vel
1343 1545 1476 1594 aliter
1508 1560 1595 1608 per
1619 1561 1670 1594 se
1703 1561 1810 1595 esse
1825 1562 1839 1606 ;
1889 1547 1976 1595 sed
2008 1555 2082 1596 est
2105 1547 2304 1610 quidam

549 1629 802 1691 primarius
826 1628 1040 1676 defectus
1065 1629 1114 1675 in
1139 1627 1379 1690 producto
1408 1626 1623 1685 homine,
1649 1643 1796 1690 quem
1827 1627 2001 1676 habet⁷
2024 1644 2085 1677 ex
2110 1629 2304 1679 defectu

550 1725 749 1758 suorum
774 1709 1069 1772 parentum8,
1096 1725 1157 1757 ex
1181 1724 1280 1772 quo
1317 1709 1508 1756 defectu
1540 1709 1799 1771 impeditur
1831 1725 1893 1759 ne
1917 1711 2139 1760 observet
2169 1697 2304 1774 quod

551 1792 743 1840 aliunde
780 1791 869 1839 sibi
906 1799 1059 1840 stante
1097 1799 1221 1839 statu
1257 1806 1372 1839 suae
1408 1791 1716 1839 innocentiae
1745 1792 1869 1839 foret
1899 1792 2098 1854 justum.
2171 1792 2303 1841 Sciat

551 1888 667 1935 ergo
694 1872 845 1920 fidelis
869 1873 1141 1920 locutiones
1163 1874 1333 1920 breves
1356 1873 1406 1919 in
1431 1887 1600 1920 sensus
1623 1872 1742 1920 tales
1765 1872 2018 1931 resolvere,
2043 1881 2092 1922 et
2115 1874 2304 1921 cavebit

551 1955 723 2002 erroris
747 1954 1025 2016 periculum.
1089 1953 1324 2012 Quamvis
1348 1961 1509 2000 autern
1527 1952 1663 2001 Deus
1686 1961 1888 2016 peccata
1911 1953 2122 2004 hominis
2146 1955 2303 2004 deleat

541 2035 648 2098 'quo
686 2036 748 2084 ad
782 2051 1044 2098 personam
1079 2037 1339 2098 propriam,
1377 2050 1478 2082 non
1519 2043 1683 2082 tamen
1722 2036 1848 2083 delet
1882 2036 1987 2084 hie⁹
2024 2038 2302 2100 simpliciter

550 2132 750 2165 omnem
775 2132 1003 2180 poenam,
1030 2133 1142 2165 curn
1174 2117 1392 2164 astrictus
1426 2117 1484 2164 sit
1508 2117 1632 2164 mori
1657 2125 1704 2164 et
1727 2119 1827 2179 pati
1861 2119 2124 2180 angustias,
2151 2128 2199 2168 et
2231 2120 2301 2169 sic

550 2199 787 2247 redundat
811 2198 1179 2260 quodammodo
1203 2198 1252 2244 in
1277 2213 1491 2261 poenam
1516 2213 1667 2255 suam,
1694 2197 1827 2260 quod
1856 2199 2043 2260 prolem
2077 2209 2300 2263 procreet

553 2280 620 2327 sic
645 2287 942 2342 peccantem.
1015 2279 1219 2341 Oportet
1244 2294 1360 2340 ergo
1386 2279 1520 2341 quod
1543 2293 1632 2341 pro
1659 2279 1849 2327 defectu
1873 2279 1966 2337 tali,
1993 2280 2075 2343 qui
2099 2282 2300 2329 caeteris

549 2364 743 2424 paribus
768 2377 870 2409 non
905 2362 1046 2409 debet
1078 2362 1356 2423 parentibus
1389 2361 1629 2422 imputari,
1655 2361 1736 2408 fiat
1769 2361 2042 2420 satisfactio,
2068 2370 2120 2410 ut
2143 2363 2301 2426 bapti-

551 2445 670 2492 satio
707 2445 756 2490 in
779 2444 947 2491 virtute
983 2443 1150 2490 mortis
1177 2441 1353 2489 Christi
1382 2442 1455 2489 vel
1490 2442 1731 2490 medicina
1766 2442 1857 2490 alia
1892 2443 1942 2490 in
1977 2444 2299 2507 baptisatione

550 2534 780 2588 sequente
807 2524 1043 2587 duplici10,
1066 2539 1212 2586 quam
1236 2523 1528 2571 medicinam
1545 2522 1681 2571 Deus
1706 2539 1768 2570 ex
1793 2539 1880 2571 sua
1903 2525 2055 2586 gratia
2079 2534 2300 2590 acceptat

549 2623 637 2668 pro
682 2607 873 2655 defectu
913 2606 1060 2669 prolis
1106 2605 1259 2653 taliter
1301 2604 1577 2662 deficientis,
1622 2606 1688 2652 sic
1729 2605 1863 2668 quod
1905 2621 2006 2654 non
2047 2608 2299 2656 assistente

549 2690 828 2752 hujusmodi
854 2689 1095 2737 medicina
1118 2702 1319 2735 necesse
1344 2695 1415 2735 est
1439 2687 1626 2749 prolem
1650 2703 1679 2735 a
1702 2688 2051 2736 beatificatione
2076 2688 2296 2737 deficere.

548 2771 610 2818 Et
643 2779 876 2833 quantum
910 2771 972 2819 ad
1004 2771 1238 2832 obJectus,
1264 2769 1596 2831 experimento
1629 2768 1788 2826 didici,
1814 2769 1948 2831 quod
1979 2784 2127 2817 nemo
2161 2769 2300 2818 solvit

549 2853 674 2900 clare
711 2861 756 2900 et
794 2852 1181 2915 impugnabiliter
1219 2849 1480 2913 objectus¹¹
1522 2850 1657 2898 istius
1699 2851 1940 2908 materiae,
1977 2851 2070 2897 nisi
2104 2857 2298 2913 tempus

548 2935 813 2982 extenderit
848 2943 894 2981 et
932 2941 1100 2981 noscat
1140 2933 1328 2995 regulas
1365 2931 1551 2979 divinae
1583 2931 1806 2993 justitiae,
1843 2939 1892 2978 et
1925 2931 2129 2979 omnino
2163 2930 2298 2995 quod

548 3025 803 3077 peccatum
839 3015 1070 3077 originale
1112 3029 1213 3061 non
1255 3014 1314 3060 sit
1353 3014 1404 3060 in
1446 3014 1629 3060 semine
1671 3012 1860 3060 macula
1900 3013 2119 3074 positiva,
2156 3012 2298 3076 qua¹²

549 3099 710 3146 anima
734 3112 823 3160 pro
848 3096 1043 3144 instanti
1068 3110 1182 3142 suae
1207 3093 1564 3156 conjunctionis
1588 3093 1828 3155 polluatur
1838 3092 1886 3140 1³.

603 3206 617 3228 1
645 3211 740 3258 post
755 3204 884 3257 geniti
902 3201 1223 3253 descendebant]
1245 3205 1339 3252 post
1350 3200 1511 3251 genitus
1525 3199 1810 3246 descendebat,
1829 3199 1893 3240 ed.
1913 3213 1997 3252 pr.;
2024 3199 2154 3252 geniti
2172 3199 2296 3248 desc„

549 3259 703 3299 A.B.C.
988 3257 1004 3280 ²
1031 3255 1174 3308 quam]
1195 3255 1317 3307 quod,
1337 3253 1444 3293 D.B.
1473 3254 1642 3306 primae,
1663 3254 1711 3294 C.
1733 3253 1934 3294 secundae
1960 3267 2118 3300 manus,
2147 3254 2212 3294 ed.
2231 3268 2294 3308 pr.

548 3315 561 3335 ³
590 3313 768 3366 perfecte
787 3311 921 3363 sanet]
943 3310 1079 3355 faciat,
1100 3310 1163 3350 ed.
1183 3322 1245 3362 pr.
1408 3307 1423 3330 ¹
1451 3308 1521 3359 ne]
1543 3320 1685 3359 neque,
1706 3307 1770 3348 ed.
1789 3321 1852 3360 pr.
2045 3308 2061 3330 ⁵
2089 3307 2292 3361 defectus]

548 3368 728 3407 defectus
743 3366 935 3418 justitiae,
956 3366 1012 3406 D.
1033 3364 1095 3404 ed.
1112 3377 1174 3416 pr.
1401 3362 1416 3386 ⁶
1443 3362 1683 3414 transmitti]
1705 3361 1944 3408 transfundi,
1965 3361 2122 3402 C.D.B.
2141 3362 2298 3414 primae

548 3434 705 3466 manus,
725 3421 788 3461 ed.
809 3433 870 3473 pr.
1088 3418 1104 3441 ⁷
1132 3417 1277 3469 habet]
1299 3416 1438 3462 homo,
1458 3416 1561 3456 A.B.
1779 3416 1795 3439 ⁸
1823 3415 2056 3468 parentum]
2078 3422 2294 3467 parentum

549 3475 763 3520 contrahit,
780 3475 884 3514 A.B.
994 3473 1009 3496 ⁹
1038 3472 1124 3524 hic]
1146 3471 1315 3517 homini,
1332 3471 1486 3511 A.B.C.
1596 3470 1627 3494 1⁰
1654 3469 1828 3523 duplici]
1845 3469 1929 3510 scil.
1945 3469 2153 3522 baptismo
2166 3469 2294 3510 flami-

549 3529 610 3567 nis
631 3529 693 3568 vel
714 3528 932 3580 sanguinis.
1081 3527 1110 3550 ¹¹
1140 3525 1343 3577 objectus]
1364 3525 1556 3570 defectus,
1576 3524 1623 3564 B.
1645 3524 1845 3564 secundae
1864 3536 2021 3563 manus.
2132 3522 2163 3547 ¹²
2190 3524 2291 3579 qua]

548 3583 653 3634 quia,
675 3583 721 3622 B.
741 3583 896 3635 primae
910 3594 1067 3627 manus,
1087 3581 1150 3621 ed.
1170 3594 1231 3633 pr.
1396 3578 1425 3602 ¹³
1453 3578 1679 3631 polluatur]
1701 3577 1908 3630 polluitur,
1922 3577 1977 3617 D.
1997 3577 2060 3618 ed.
2081 3590 2141 3631 pr.
