2436 4094
306 449 403 504 152
961 430 1389 494 JOANNIS
1458 431 1807 481 WICLIF
2122 452 2286 482 mnan.

513 592 515 607 ι
543 567 858 629 dispositione
894 565 1067 623 deficit,
1105 573 1178 613 est
1214 574 1467 627 peccatum
1503 580 1759 612 remanens
1794 574 2030 627 perpetuo
2064 565 2116 611 in
2153 578 2291 626 prae-

543 649 662 695 scito
677 663 690 705 ;
728 655 773 694 et
798 647 932 694 ideol
954 647 1137 709 justum
1162 655 1248 704 est,
1275 647 1410 708 quod
1434 646 1550 693 illud
1576 655 1830 708 peccatum
1863 654 2096 708 perpetuo
2121 645 2292 708 punia-

540 737 628 785 tur,
662 743 773 775 cum
806 727 941 775 aliter
971 735 1242 775 remaneret
1273 736 1529 790 peccatum
1562 727 1758 789 aliquod
1789 728 2091 789 impunitum.
2170 724 2292 774 Ideo

541 809 933 872 blasphemantes
957 809 1007 855 in
1031 808 1194 855 Deum
1219 808 1278 855 de
1304 809 1447 856 nimis
1472 809 1562 855 levi
1594 809 1931 871 pronunciant,
1957 807 2092 871 quod
2115 820 2292 870 repug-

541 898 622 937 nat
647 890 834 937 divinae
859 889 1214 937 misericordiae
1239 898 1381 951 atque
1413 890 1637 952 justitiae,
1662 890 1797 952 quod
1833 890 1940 951 quis
1975 904 2064 951 pro
2088 896 2292 951 peccato

541 979 886 1018 momentaneo
927 979 1162 1033 perpetuo
1205 971 1457 1033 puniatur;
1512 986 1614 1018 non
1655 972 1786 1019 enim
1828 971 2126 1033 distinguunt
2170 970 2294 1017 inter

539 1061 700 1100 actum
726 1060 771 1098 et
797 1052 974 1109 vitium,
1001 1060 1047 1099 et
1072 1052 1275 1099 omnino
1306 1067 1408 1099 non
1441 1053 1564 1099 inter
1595 1053 1759 1099 vitium
1792 1059 1840 1099 et
1872 1051 2142 1111 defectum3
2190 1065 2293 1099 non

540 1135 670 1180 enim
713 1133 1037 1191 considerant,
1075 1132 1210 1195 quod
1251 1133 1356 1180 talis
1395 1142 1630 1196 perpetuo
1674 1133 1833 1181 deficit
1876 1135 1938 1181 ab
1973 1132 2156 1191 ordine,
2193 1147 2294 1195 quo

541 1219 712 1262 servire
739 1215 882 1262 debet
906 1222 1142 1277 perpetuo
1167 1214 1278 1262 Deo
1311 1229 1414 1261 suo.
1489 1214 1619 1262 Sicut
1651 1216 1783 1262 enim
1816 1216 1877 1262 ab
1909 1214 1990 1262 illo
2023 1214 2197 1271 deficit,
2223 1214 2294 1263 sic

541 1311 739 1344 necesse
795 1305 868 1345 est
924 1296 1058 1358 quod
1112 1311 1274 1359 poena
1321 1296 1562 1344 essentiali
1608 1305 1845 1358 perpetuo
1893 1296 2144 1358 puniatur3
2201 1309 2306 1360 nec*

542 1364 756 1436 dubium,
778 1377 895 1440 quin
920 1392 1082 1439 poena
1105 1377 1439 1426 accidentalis²
1461 1393 1522 1425 ex
1540 1378 1636 1426 hoc
1662 1378 1986 1440 consequitur,
2008 1391 2120 1425 cum
2145 1375 2294 1423 habet
2304 1410 2310 1421 2

541 1458 759 1507 dolorem
801 1458 875 1505 vel
917 1458 1285 1521 displicentiam,
1329 1459 1463 1522 quod
1505 1467 1605 1506 tam
1652 1459 1954 1521 negligenter
1995 1464 2293 1520 peccaverat.

542 1540 604 1588 Et
642 1548 787 1602 patet,
832 1541 966 1603 quod
1006 1541 1205 1603 praelati
1248 1541 1574 1589 concedentes
1610 1541 1932 1603 indulgentias
1971 1539 2294 1587 communiter

543 1621 879 1683 blasphemant
903 1623 953 1669 in
971 1621 1066 1669 Dei
1091 1623 1391 1683 sapientiam,
1411 1622 1525 1684 quia
1543 1622 1682 1670 stulte
1708 1630 1757 1670 et
1780 1621 1954 1684 cupide
1973 1619 2294 1684 praetendunt

542 1718 593 1750 se
618 1717 819 1750 noscere
846 1704 1110 1760 materiam,
1137 1718 1283 1765 quam
1308 1704 1547 1765 ignorant.

613 1782 864 1841 Quantum
889 1784 950 1831 ad
973 1785 1214 1830 secundum
1239 1784 1441 1842 dubium,
1462 1793 1607 1846 patet,
1628 1785 1763 1846 quod
1787 1785 1931 1832 nimis
1955 1783 2105 1832 multa
2127 1782 2296 1831 schola

543 1865 880 1926 theologorum
927 1865 1220 1927 intelligunt3
1262 1866 1322 1912 de
1370 1867 1536 1927 gratia,
1586 1867 1744 1929 quod⁴
1792 1868 1851 1914 sit
1896 1881 1995 1914 una
2041 1865 2296 1929 spiritualis

545 1946 749 2009 qualitas
793 1962 918 2008 quae
960 1947 1136 2009 poterit
1173 1957 1259 2008 per
1302 1962 1353 1995 se
1395 1962 1515 1995 esse.
1594 1943 1703 1994 ¹Sed
1744 1948 1832 1995 illis
1875 1947 2177 1996 confidenter
2215 1947 2299 1995 de·

545 2027 729 2085 nuntio,
767 2027 901 2089 quod
937 2043 1038 2075 non
1073 2028 1344 2075 fundabunt
1379 2028 1524 2075 talem
1559 2029 1776 2089 gratiam,
1803 2028 1889 2075 sed
1923 2036 2114 2090 praeter
2148 2028 2294 2086 illam,

545 2110 583 2156 si
618 2106 863 2170 ponatur⁵,
891 2117 1081 2171 oportet
1108 2109 1222 2156 dare
1253 2111 1638 2171 acceptationem
1672 2110 1896 2167 divinam,
1924 2110 2028 2157 sine
2059 2124 2157 2172 qua
2187 2109 2294 2157 talis

545 2190 655 2237 ficta
686 2191 842 2251 gratia
875 2205 977 2237 non
1010 2187 1240 2249 valeret⁶;
1291 2198 1338 2237 et
1371 2205 1483 2237 cum
1514 2190 1592 2237 illa
1625 2190 1919 2252 acceptatio⁷
1944 2192 2047 2238 sine
2080 2191 2160 2238 tali
2185 2191 2297 2239 ficta

544 2271 689 2332 priori
715 2271 930 2328 sufficiat,
956 2271 1140 2318 videtur
1173 2286 1436 2319 onerosum
1469 2279 1517 2318 et
1548 2270 1889 2333 blasphemum
1920 2271 2066 2318 talem
2089 2273 2295 2334 gratiam

544 2352 611 2399 sic
653 2351 770 2399 false
811 2353 1008 2414 fingere.
1091 2352 1168 2399 Ex
1209 2361 1343 2414 parte
1380 2361 1540 2400 autem
1575 2352 1669 2399 Dei
1705 2360 1778 2400 est
1813 2354 2129 2415 acceptantia,
2169 2368 2295 2415 quae

543 2441 703 2495 potest
728 2434 872 2480 etiam
897 2433 992 2480 dici
1017 2434 1183 2495 gratia,
1208 2442 1255 2481 et
1280 2449 1340 2480 ex
1364 2442 1498 2496 parte
1532 2442 1776 2481 creaturae
1801 2442 1875 2481 est
1908 2435 2099 2496 passiva
2122 2449 2296 2497 accep-

542 2516 672 2572 tatio,
693 2523 740 2562 et
765 2516 832 2562 sic
858 2515 1056 2576 quidam
1080 2515 1351 2576 intelligunt
1382 2515 1499 2562 illud
1521 2513 1760 2577 Johannis
1784 2515 1830 2573 i.,
1856 2518 1868 2539 ‘
1888 2515 1965 2563 De
1998 2515 2296 2578 plenitudine

543 2596 646 2658 ejus
683 2611 775 2643 nos
811 2610 983 2643 omnes
1019 2596 1297 2657 accepimus
1333 2597 1536 2657 gratiam
1572 2611 1662 2658 pro
1703 2596 1884 2659 gratia.'
1955 2595 2086 2644 Nam
2123 2612 2297 2660 accep-

542 2678 691 2724 tantia
728 2676 911 2724 divina⁸
948 2685 995 2724 et
1036 2676 1329 2739 specialiter⁹
1364 2677 1414 2724 in
1455 2676 1750 2725 humanitate
1786 2677 1964 2727 Christi
1997 2693 2090 2727 nos
2124 2693 2298 2734 omnes

543 2758 887 2820 praedestinati
913 2759 1192 2821 accepimus
1224 2759 1444 2820 gratiam,
1470 2774 1566 2821 qua
1591 2773 1757 2806 sumus
1791 2759 1993 2807 finaliter
2023 2760 2146 2822 grati
2169 2758 2295 2808 Deo.

229 2860 335 2899 Gratja
349 2869 434 2900 psag-
543 2839 607 2886 Et
631 2840 816 2887 videtur
840 2840 971 2897 mihi,
999 2840 1132 2901 quod
1150 2840 1317 2901 gratia
1351 2840 1455 2898 ista,
1482 2855 1606 2902 quae
1640 2840 1812 2887 dicitur
1842 2840 2294 2902 praedestinationis

229 2935 487 2990 ⁵¹Vss⁹5{{⁶·nais
547 2921 622 2967 vel
661 2921 879 2968 caritas¹⁰
915 2922 1074 2969 finalis
1116 2923 1498 2983 perseverantiae
1540 2936 1642 2968 non
1683 2927 1844 2983 poteSt
1884 2937 1913 2968 a
1955 2923 2297 2984 quocunque¹l

229 3031 344 3063 nequit,
544 3003 780 3055 excidere,
808 3005 921 3065 quia
956 3004 994 3051 si
1031 3004 1219 3060 excidit,
1245 3018 1347 3050 non
1382 3012 1453 3051 est
1488 3003 1565 3050 illa
1598 3002 1808 3064 gratiam.
1882 3003 2096 3050 Gratia¹³
2129 3004 2293 3066 ergo¹⁴¹

546 3086 760 3147 praecise
810 3084 1077 3132 secundum
1124 3092 1428 3145 praesentem
1472 3083 1703 3146 Justitiam
1750 3091 1823 3130 est
1868 3084 2150 3146 acceptatio,
2198 3099 2296 3146 qua

599 3193 612 3215 ¹
643 3198 683 3231 et
704 3191 817 3243 ideo]
839 3191 945 3236 ideo,
966 3191 1029 3230 ed.
1050 3203 1110 3242 pr.
1274 3190 1290 3213 ²
1317 3190 1597 3241 accidentalis]
1619 3190 1804 3236 actualis,
1825 3191 1888 3230 ed.
1908 3203 1969 3243 pr.
2106 3191 2122 3214 ³
2149 3191 2295 3232 intelli·

545 3246 667 3298 gunt]
690 3246 895 3297 intelligit,
918 3245 972 3285 D.
994 3246 1056 3284 ed.
1078 3258 1138 3297 pr.
1330 3244 1346 3267 ⁴
1374 3244 1503 3296 quod]
1525 3244 1593 3297 qui
1612 3244 1766 3290 dicunt,
1786 3245 1910 3296 quod,
1930 3245 1990 3289 Β.,
2012 3244 2117 3285 A.c.
2137 3248 2293 3298 primae

545 3313 700 3339 manus.
972 3300 988 3322 ⁵
1016 3298 1210 3352 ponatur]
1232 3299 1410 3351 ponitur,
1432 3299 1486 3338 D.
1764 3298 1780 3322 ⁶
1808 3298 1978 3350 valeret]
2000 3298 2122 3344 valet,
2142 3299 2210 3339 ed.
2227 3313 2289 3352 pr.

543 3353 559 3375 ⁷
587 3353 835 3406 acceptatio]
857 3353 1085 3406 acceptatio
1105 3353 1253 3398 divina,
1275 3353 1328 3398 D,
1348 3353 1411 3393 ed.
1433 3366 1494 3405 pr.
1727 3353 1743 3376 ⁸
1771 3352 2025 3405 acceptantia
2044 3352 2198 3405 divina]
2219 3366 2293 3406 per

545 3408 843 3460 acceptantiam
870 3408 1064 3451 divinam,
1092 3407 1225 3455 A.C.;
1258 3419 1331 3460 pei·
1353 3406 1677 3459 acceptationem
1700 3406 1794 3453 div.,
1822 3406 1894 3452 B.;
1930 3419 2007 3459 pro
2035 3408 2292 3459 acceptantia

546 3461 639 3505 div.,
659 3462 720 3500 ed.
742 3475 801 3514 pr.
965 3462 980 3485 ⁹
1010 3461 1255 3514 specialiter]
1277 3461 1551 3514 spiritualiter,
1570 3461 1633 3501 ed.
1654 3473 1714 3513 pr.
1853 3460 1884 3483 ¹⁰
1911 3460 2078 3512 caritas]
2100 3461 2293 3507 caritatis,

548 3514 699 3554 A.B.C.
838 3516 866 3540 ¹1
895 3515 1155 3567 quocunque]
1177 3527 1394 3567 quoquam,
1413 3515 1476 3555 ed.
1498 3528 1581 3568 pr.;
1612 3528 1694 3555 om.
1716 3515 1763 3553 Β.
1898 3514 1930 3538 ¹²
1955 3513 2108 3567 gratia]
2130 3528 2212 3555 om.
2234 3515 2288 3556 D.

547 3567 609 3606 ed.
631 3581 690 3619 pr.
857 3570 885 3593 ¹³
916 3568 1081 3621 Gratia]
1104 3582 1185 3609 om.
1208 3570 1254 3611 Β.
1419 3568 1448 3594 ¹⁴
1476 3569 1595 3622 ergo]
1617 3574 1766 3614 autem,
1786 3568 1847 3609 ed.
1869 3582 1929 3622 pr.
