2456 4088
91 483 270 521 ocrim„
712 463 1286 515 TRIALOGUS.

795 834 835 883 C
847 833 953 882 ΑΡ.
992 834 1204 883 XXVII.

674 964 828 1013 Deum
841 968 1043 1029 poluisse
1065 967 1325 1015 incarnari.

191 1097 394 1148 Ale’tln‘a.
463 1096 630 1146 Verba
670 1105 753 1146 tua
794 1097 844 1145 in
885 1106 1021 1160 parte
1062 1098 1292 1161 intellig0‚
1336 1106 1383 1155 et
1423 1098 1535 1147 licet
1569 1099 1882 1148 circumstent

122 1181 270 1230 dubia
291 1180 491 1238 infinita,
516 1179 700 1228 videtur
723 1188 888 1228 tamen
912 1180 1030 1227 mihi
1055 1179 1257 1238 difficile,
1277 1180 1529 1244 quomodo
1547 1180 1684 1229 Deus
1706 1181 1883 1243 poterit

117 1263 372 1322 incarnari,
407 1270 455 1311 et
493 1261 746 1324 quomodo
785 1262 848 1310 ad
886 1262 1106 1324 objectus
1146 1261 1477 1310 incarnatione
1521 1262 1775 1325 supposita
1810 1270 1883 1309 est

120 1344 399 1394 dicendum.
468 1343 674 1392 Videtur
708 1343 853 1402 enim,
891 1343 1024 1406 quod
1060 1344 1182 1391 sicut
1215 1343 1552 1392 identificatio¹
1590 1352 1664 1392 est
1696 1344 1884 1406 impos-

124 1427 289 1485 sibilis,
313 1434 368 1475 ut
392 1441 620 1489 suppono
654 1441 716 1473 ex
751 1426 862 1473 alibi
894 1425 1158 1482 declaratis,
1185 1425 1254 1472 sic
1286 1433 1335 1473 et
1366 1425 1650 1483 incarnatio,
1676 1440 1789 1473 cum
1823 1425 1884 1473 sit

124 1509 367 1572 quaedam
415 1507 727 1556 identificatio
783 1515 1062 1555 naturarum
1119 1508 1275 1569 magis
1331 1506 1681 1554 differentium²
1734 1521 1884 1569 quam

123 1606 295 1640 eorum
313 1589 552 1653 quorum³
574 1589 886 1637 identificatio
912 1596 984 1636 est
1008 1588 1249 1650 neganda.
1322 1587 1373 1635 Si
1405 1588 1537 1636 enim
1560 1587 1698 1636 Deus
1722 1596 1884 1651 partes

125 1673 464 1738 quantitativas
496 1673 715 1721 continui
746 1671 1043 1719 identificare
1074 1685 1177 1718 non
1210 1671 1400 1733 poterit,
1427 1671 1680 1733 quomodo
1712 1672 1885 1720 identi-

125 1757 270 1805 ficare
294 1755 478 1818 potest⁴
496 1753 888 1817 personalitatem
908 1751 1059 1800 Verbi
1084 1767 1197 1800 cum
1222 1760 1393 1799 natura
1409 1751 1638 1811 humana,
1658 1754 1727 1804 sic
1752 1752 1886 1816 quod

125 1847 384 1900 utrumque
425 1850 594 1885 eorum
638 1835 699 1884 sit
739 1834 914 1883 eadem
960 1834 1205 1896 persona?
1279 1832 1503 1881 Similiter
1550 1835 1885 1882 incarnatione

126 1918 394 1982 supposita,
419 1932 523 1966 non
546 1916 731 1964 videtur
754 1916 876 1963 ratio
901 1916 1019 1978 quin
1038 1914 1256 1962 Verbum
1281 1915 1468 1977 potest⁵
1491 1916 1668 1964 multas
1692 1924 1887 1964 naturas

123 2002 364 2051 humanas
399 1996 568 2048 simul⁰
590 2013 852 2056 assumere,
885 2006 932 2046 et
963 1997 1143 2045 multae
1177 2011 1418 2059 personae
1452 1997 1641 2045 divinae
1676 1997 1886 2046 eandem

126 2083 282 2133 simul.
351 2081 415 2130 Et
460 2081 593 2130 idem
634 2088 707 2128 est
750 2079 986 2143 judicium
1035 2078 1096 2127 de
1137 2078 1351 2141 qualibet
1397 2086 1570 2126 natura
1616 2087 1792 2138 creata,
1834 2087 1888 2127 ut

125 2165 312 2215 videtur
351 2161 619 2228 quosdam⁷
659 2162 886 2211 doctores
933 2176 1161 2219 asserere,
1204 2170 1251 2209 et
1297 2161 1475 2223 periret
1516 2162 1721 2210 omnino
1763 2163 1886 2210 ratio

125 2245 373 2311 arguendi,
399 2259 513 2294 cum
537 2244 658 2292 sicut
681 2258 829 2291 nemo
857 2243 944 2292 scit
967 2254 1129 2291 utrum
1153 2242 1257 2306 ipse
1282 2243 1341 2291 sit
1365 2242 1527 2291 Deus⁸
1552 2259 1640 2306 per
1663 2259 1886 2307 assump-

125 2329 312 2379 tionem
359 2326 709 2384 absconditam,
758 2326 826 2374 sic
873 2325 1027 2373 nescit
1080 2325 1140 2373 de
1187 2325 1402 2387 qualibet
1449 2334 1680 2385 creatura,
1727 2335 1889 2374 utrum

127 2410 310 2460 scilicet
331 2409 470 2458 Deus
494 2423 610 2457 suus
636 2408 695 2456 sit
719 2408 1049 2471 quodcunque
1075 2408 1255 2456 animal
1278 2408 1537 2457 rationale⁹
1562 2409 1637 2457 vel
1661 2409 1890 2457 accidens

126 2507 215 2556 per
238 2491 624 2554 assumptionem
648 2490 1004 2552 hypostaticam
1030 2505 1082 2538 se
1106 2491 1349 2538 latentem.

195 2573 471 2621 Phronesz's.
541 2572 748 2634 Oportet
790 2572 939 2619 fidem
981 2580 1034 2619 ut
1074 2572 1446 2620 fundamentum
1491 2573 1658 2636 juvare
1700 2574 1752 2620 in
1799 2573 1891 2621 ista

128 2655 344 2713 materia,
366 2661 413 2703 et
438 2661 623 2701 certum
648 2662 721 2700 est
745 2653 880 2715 quod
904 2653 984 2700 illa
1009 2654 1261 2715 supposita
1279 2653 1429 2721 facile*
1443 2662 1516 2702 est
1540 2670 1628 2716 per
1650 2655 1889 2702 rationem

128 2737 295 2786 tollere
320 2750 494 2784 omnes
527 2735 737 2797 argutias
767 2735 820 2781 in
852 2735 1134 2797 oppositum
1167 2735 1429 2783 faciendas.
1503 2735 1638 2784 Sicut
1671 2735 1803 2783 enim
1828 2752 1888 2783 ex

129 2819 340 2868 trinitate
365 2818 557 2865 animae
583 2832 612 2864 a
636 2817 892 2879 posteriori
911 2817 1222 2878 cognoscitur
1241 2817 1457 2864 Trinitas
1481 2817 1708 2875 increata,
1735 2818 1803 2865 sic
1827 2833 1889 2865 ex
1934 2825 1938 2830 ’

129 2901 312 2949 unione
348 2899 541 2947 animae
576 2913 689 2946 cum
726 2913 932 2961 corpore
964 2898 1230 2946 incarnatio
1254 2897 1348 2946 Dei
1383 2905 1544 2961 potest
1576 2898 1742 2947 nosci:
1791 2900 1889 2962 spi-

128 2982 248 3030 ritus
283 2981 414 3029 enirn
450 2988 639 3029 creatus
673 2980 878 3028 unitur¹⁰
909 2981 1102 3042 corpori
1136 2979 1350 3028 animato
1380 2967 1426 3028 et
1460 2980 1511 3028 fit
1544 2995 1643 3028 una
1677 2996 1889 3043 persona

131 3063 360 3120 hominis,
395 3077 520 3125 quae
557 3069 769 3110 servatur
804 3062 854 3109 in
891 3061 972 3109 illo
1011 3062 1192 3124 spiritu,
1228 3062 1676 3124 quomodocunque
1718 3070 1888 3110 natura

132 3159 369 3208 corporea
391 3143 534 3192 suerit
555 3144 759 3202 variata3
797 3144 930 3192 etsie
950 3142 1247 3191 credendum
1266 3151 1339 3190 est
1357 3143 1406 3190 in
1429 3150 1563 3205 parte
1590 3144 1650 3191 de
1675 3158 1887 3206 persona

187 3289 202 3312 ¹
230 3287 516 3340 identifioetio]
533 3285 868 3339 ydemptificatio‚
881 3286 976 3326 libri
987 3299 1113 3326 manu
1125 3285 1279 3339 scripti.
1390 3284 1406 3308 ²
1424 3284 1716 3338 differentium]
1734 3285 1884 3326 distan-

132 3342 323 3389 tium,D.
341 3343 405 3383 ed.
427 3355 489 3395 pr.
601 3343 616 3363 ³
644 3354 786 3381 eorum
799 3341 991 3393 quorum]
1013 3353 1152 3380 earum
1172 3353 1355 3393 quarum,
1368 3340 1423 3380 D.
1438 3340 1501 3380 ed.
1515 3354 1576 3393 pr.
1686 3340 1702 3363 ⁴
1728 3340 1884 3393 potest]

132 3397 300 3452 poterit,
321 3397 370 3438 C.
390 3395 593 3438 secundae
613 3408 770 3435 manus.
989 3395 1005 3418 ⁶
1032 3395 1191 3447 potest]
1214 3408 1296 3435 om.
1319 3395 1366 3434 B.
1387 3395 1544 3447 primae
1563 3407 1721 3440 manus,
1741 3395 1804 3435 ed.
1825 3408 1886 3447 pr.

133 3453 150 3476 ⁸
178 3451 321 3504 simul]
343 3451 464 3492 simul
484 3455 635 3503 posset,
658 3449 704 3488 B.
725 3449 881 3502 primae
899 3462 1057 3495 manuS,
1079 3449 1134 3489 D.
1155 3450 1218 3490 ed.
1239 3462 1299 3502 pr.
1447 3449 1463 3471 ⁷
1490 3449 1649 3490 videtur
1667 3449 1886 3502 quosdam]

132 3505 325 3547 videntur
344 3505 527 3558 quidam,
547 3504 594 3544 B.
615 3504 772 3557 primae
790 3517 948 3550 manus,
967 3504 1030 3544 ed.
1051 3517 1111 3557 pr.
1305 3502 1320 3526 ⁸
1349 3504 1401 3543 sit
1422 3502 1557 3556 Deus]
1578 3510 1638 3544 est
1660 3504 1788 3550 Deus,
1808 3504 1887 3550 A.;

140 3566 203 3601 est
218 3559 382 3612 dignus,
403 3559 452 3599 Β.
472 3559 674 3599 secundae
701 3571 859 3598 manus.
1188 3559 1202 3581 ⁹
1234 3557 1453 3611 rationale]
1475 3558 1722 3606 irrationale,
1742 3558 1806 3600 ed.
1826 3571 1888 3612 pr.

139 3614 169 3639 ¹⁰
196 3613 353 3667 unitur]
374 3614 512 3654 unitus
531 3620 605 3659 est,
628 3612 784 3653 A.B.C.

2017 482 2122 538 223

1970 1123 2010 1143 uo
2023 1114 2117 1143 modo

1961 1149 2005 1177 eri
2019 1148 2164 1184 potuerit,

1940 1187 1974 1210 ut
1990 1184 2075 1211 Deus
2087 1187 2175 1211 natu-

1940 1225 2005 1244 ram
2017 1218 2181 1245 humanam

1941 1255 2123 1281 assumeret.

1949 2587 2189 2628 Respiciendam

2143 2630 2173 2648 m

1947 2664 2066 2684 ammae
2081 2663 2151 2683 cum

1947 2697 2086 2725 corpore.
