<?xml version="1.0" encoding="UTF-8"?>
<!DOCTYPE html PUBLIC "-//W3C//DTD XHTML 1.0 Transitional//EN"
    "http://www.w3.org/TR/xhtml1/DTD/xhtml1-transitional.dtd">
<html xmlns="http://www.w3.org/1999/xhtml" xml:lang="en" lang="en">
 <head>
  <title>
</title>
<meta http-equiv="Content-Type" content="text/html;charset=utf-8" />
  <meta name='ocr-system' content='tesseract 3.04.00' />
  <meta name='ocr-capabilities' content='ocr_page ocr_carea ocr_par ocr_line ocrx_word'/>
</head>
<body>
  <div class='ocr_page' id='page_1' title='image "./trialoguscumsupp00wycluoft_0344.png"; bbox 0 0 2462 4114; ppageno 0'>
   <div class='ocr_carea' id='block_1_1' title="bbox 277 726 283 1788">
    <p class='ocr_par' dir='ltr' id='par_1_1' title="bbox 277 726 283 1788">
     <span class='ocr_line' id='line_1_1' title="bbox 277 726 283 1788; baseline 0 0"><span class='ocrx_word' id='word_1_1' title='bbox 277 726 283 1788; x_wconf 95' lang='lat' dir='ltr'> </span> 
     </span>
    </p>
   </div>
   <div class='ocr_carea' id='block_1_2' title="bbox 486 312 1696 326">
    <p class='ocr_par' dir='ltr' id='par_1_2' title="bbox 486 312 1696 326">
     <span class='ocr_line' id='line_1_2' title="bbox 486 312 1696 326; baseline 0 0"><span class='ocrx_word' id='word_1_2' title='bbox 486 312 1696 326; x_wconf 95' lang='lat' dir='ltr'> </span> 
     </span>
    </p>
   </div>
   <div class='ocr_carea' id='block_1_3' title="bbox 589 692 596 1343">
    <p class='ocr_par' dir='ltr' id='par_1_3' title="bbox 589 692 596 1343">
     <span class='ocr_line' id='line_1_3' title="bbox 589 692 596 1343; baseline 0 0"><span class='ocrx_word' id='word_1_3' title='bbox 589 692 596 1343; x_wconf 95' lang='lat' dir='ltr'> </span> 
     </span>
    </p>
   </div>
   <div class='ocr_carea' id='block_1_4' title="bbox 589 2136 594 2737">
    <p class='ocr_par' dir='ltr' id='par_1_4' title="bbox 589 2136 594 2737">
     <span class='ocr_line' id='line_1_4' title="bbox 589 2136 594 2737; baseline 0 0"><span class='ocrx_word' id='word_1_4' title='bbox 589 2136 594 2737; x_wconf 95' lang='lat' dir='ltr'> </span> 
     </span>
    </p>
   </div>
   <div class='ocr_carea' id='block_1_5' title="bbox 1074 406 2366 470">
    <p class='ocr_par' dir='ltr' id='par_1_5' title="bbox 1074 406 2366 470">
     <span class='ocr_line' id='line_1_5' title="bbox 1074 406 2366 470; baseline -0.001 -15"><span class='ocrx_word' id='word_1_5' title='bbox 1074 406 1503 470; x_wconf 82' lang='lat' dir='ltr'><em>JOANNIS</em></span> <span class='ocrx_word' id='word_1_6' title='bbox 1561 407 1914 456; x_wconf 84' lang='lat' dir='ltr'><em>WICLIF</em></span> <span class='ocrx_word' id='word_1_7' title='bbox 2215 425 2366 454; x_wconf 72' lang='lat' dir='ltr'>me.</span> 
     </span>
    </p>
   </div>
   <div class='ocr_carea' id='block_1_6' title="bbox 622 540 2370 1004">
    <p class='ocr_par' dir='ltr' id='par_1_6' title="bbox 622 540 2370 1004">
     <span class='ocr_line' id='line_1_6' title="bbox 626 540 2370 602; baseline -0.001 -13"><span class='ocrx_word' id='word_1_8' title='bbox 626 544 867 589; x_wconf 87' lang='lat' dir='ltr'>cationem</span> <span class='ocrx_word' id='word_1_9' title='bbox 893 540 1022 586; x_wconf 89' lang='lat' dir='ltr'>illam</span> <span class='ocrx_word' id='word_1_10' title='bbox 1047 541 1351 602; x_wconf 87' lang='lat' dir='ltr'>pertinaciter</span> <span class='ocrx_word' id='word_1_11' title='bbox 1376 550 1544 589; x_wconf 91' lang='lat' dir='ltr'>contra</span> <span class='ocrx_word' id='word_1_12' title='bbox 1569 541 1731 589; x_wconf 91' lang='lat' dir='ltr'>Deum</span> <span class='ocrx_word' id='word_1_13' title='bbox 1765 541 2092 592; x_wconf 88' lang='lat' dir='ltr'><strong>defenderent.</strong></span> <span class='ocrx_word' id='word_1_14' title='bbox 2165 541 2264 591; x_wconf 87' lang='lat' dir='ltr'>Sed</span> <span class='ocrx_word' id='word_1_15' title='bbox 2286 542 2370 590; x_wconf 92' lang='lat' dir='ltr'>ubi</span> 
     </span>
     <span class='ocr_line' id='line_1_7' title="bbox 625 621 2369 685; baseline 0.001 -17"><span class='ocrx_word' id='word_1_16' title='bbox 625 622 746 670; x_wconf 90' lang='lat' dir='ltr'>foret</span> <span class='ocrx_word' id='word_1_17' title='bbox 781 622 936 683; x_wconf 80' lang='lat' dir='ltr'>maJ&#39;or</span> <span class='ocrx_word' id='word_1_18' title='bbox 971 621 1181 668; x_wconf 90' lang='lat' dir='ltr'>haeresis</span> <span class='ocrx_word' id='word_1_19' title='bbox 1218 629 1302 668; x_wconf 86' lang='lat' dir='ltr'>aut</span> <span class='ocrx_word' id='word_1_20' title='bbox 1331 622 1439 683; x_wconf 93' lang='lat' dir='ltr'>plus</span> <span class='ocrx_word' id='word_1_21' title='bbox 1480 622 1801 670; x_wconf 88' lang='lat' dir='ltr'>damnabilis?</span> <span class='ocrx_word' id='word_1_22' title='bbox 1860 622 2054 670; x_wconf 90' lang='lat' dir='ltr'><strong>Debent</strong></span> <span class='ocrx_word' id='word_1_23' title='bbox 2088 623 2220 670; x_wconf 90' lang='lat' dir='ltr'>enim</span> <span class='ocrx_word' id='word_1_24' title='bbox 2253 637 2369 685; x_wconf 88' lang='lat' dir='ltr'>pos-</span> 
     </span>
     <span class='ocr_line' id='line_1_8' title="bbox 625 702 2370 766; baseline 0.001 -16"><span class='ocrx_word' id='word_1_25' title='bbox 625 703 875 750; x_wconf 88' lang='lat' dir='ltr'>sessionati</span> <span class='ocrx_word' id='word_1_26' title='bbox 901 702 1051 749; x_wconf 88' lang='lat' dir='ltr'>nostri</span> <span class='ocrx_word' id='word_1_27' title='bbox 1086 717 1385 763; x_wconf 86' lang='lat' dir='ltr'><strong>cognoscere</strong></span> <span class='ocrx_word' id='word_1_28' title='bbox 1410 711 1509 750; x_wconf 87' lang='lat' dir='ltr'>tam</span> <span class='ocrx_word' id='word_1_29' title='bbox 1533 719 1594 751; x_wconf 88' lang='lat' dir='ltr'>ex</span> <span class='ocrx_word' id='word_1_30' title='bbox 1630 704 1723 751; x_wconf 92' lang='lat' dir='ltr'>vita</span> <span class='ocrx_word' id='word_1_31' title='bbox 1747 703 1925 751; x_wconf 87' lang='lat' dir='ltr'>Christi</span> <span class='ocrx_word' id='word_1_32' title='bbox 1955 712 2003 751; x_wconf 92' lang='lat' dir='ltr'>et</span> <span class='ocrx_word' id='word_1_33' title='bbox 2037 702 2370 766; x_wconf 88' lang='lat' dir='ltr'>apostolorum</span> 
     </span>
     <span class='ocr_line' id='line_1_9' title="bbox 624 783 2368 848; baseline 0.001 -19"><span class='ocrx_word' id='word_1_34' title='bbox 624 799 769 845; x_wconf 86' lang='lat' dir='ltr'>quam</span> <span class='ocrx_word' id='word_1_35' title='bbox 812 798 872 830; x_wconf 86' lang='lat' dir='ltr'>ex</span> <span class='ocrx_word' id='word_1_36' title='bbox 915 783 1023 844; x_wconf 91' lang='lat' dir='ltr'>lege</span> <span class='ocrx_word' id='word_1_37' title='bbox 1071 785 1344 845; x_wconf 88' lang='lat' dir='ltr'>scripturae,</span> <span class='ocrx_word' id='word_1_38' title='bbox 1387 786 1521 846; x_wconf 91' lang='lat' dir='ltr'>quod</span> <span class='ocrx_word' id='word_1_39' title='bbox 1568 785 1751 833; x_wconf 92' lang='lat' dir='ltr'>dotatio</span> <span class='ocrx_word' id='word_1_40' title='bbox 1792 786 1897 833; x_wconf 89' lang='lat' dir='ltr'>talis</span> <span class='ocrx_word' id='word_1_41' title='bbox 1935 792 2172 848; x_wconf 84' lang='lat' dir='ltr'>repugnat</span> <span class='ocrx_word' id='word_1_42' title='bbox 2212 785 2368 842; x_wconf 84' lang='lat' dir='ltr'>statui,</span> 
     </span>
     <span class='ocr_line' id='line_1_10' title="bbox 623 865 2368 928; baseline 0.002 -18"><span class='ocrx_word' id='word_1_43' title='bbox 623 879 767 926; x_wconf 90' lang='lat' dir='ltr'>quem</span> <span class='ocrx_word' id='word_1_44' title='bbox 792 865 990 911; x_wconf 92' lang='lat' dir='ltr'>nomine</span> <span class='ocrx_word' id='word_1_45' title='bbox 1016 872 1170 922; x_wconf 91' lang='lat' dir='ltr'>tenus,</span> <span class='ocrx_word' id='word_1_46' title='bbox 1190 866 1298 913; x_wconf 92' lang='lat' dir='ltr'>licet</span> <span class='ocrx_word' id='word_1_47' title='bbox 1324 865 1439 913; x_wconf 90' lang='lat' dir='ltr'>false</span> <span class='ocrx_word' id='word_1_48' title='bbox 1464 873 1511 913; x_wconf 91' lang='lat' dir='ltr'>et</span> <span class='ocrx_word' id='word_1_49' title='bbox 1536 867 1802 914; x_wconf 90' lang='lat' dir='ltr'>intentione</span> <span class='ocrx_word' id='word_1_50' title='bbox 1827 866 2032 915; x_wconf 89' lang='lat' dir='ltr'>subdola</span> <span class='ocrx_word' id='word_1_51' title='bbox 2057 866 2342 928; x_wconf 87' lang='lat' dir='ltr'>profitentur</span> <span class='ocrx_word' id='word_1_52' title='bbox 2354 881 2368 924; x_wconf 91' lang='lat'>;</span> 
     </span>
     <span class='ocr_line' id='line_1_11' title="bbox 622 945 2368 1004; baseline 0.001 -12"><span class='ocrx_word' id='word_1_53' title='bbox 622 954 668 992; x_wconf 90' lang='lat' dir='ltr'>et</span> <span class='ocrx_word' id='word_1_54' title='bbox 710 953 872 992; x_wconf 91' lang='lat' dir='ltr'>tamen</span> <span class='ocrx_word' id='word_1_55' title='bbox 915 961 1027 994; x_wconf 91' lang='lat' dir='ltr'>cum</span> <span class='ocrx_word' id='word_1_56' title='bbox 1068 946 1160 993; x_wconf 92' lang='lat' dir='ltr'>isto</span> <span class='ocrx_word' id='word_1_57' title='bbox 1203 945 1507 995; x_wconf 89' lang='lat' dir='ltr'>fraudulento</span> <span class='ocrx_word' id='word_1_58' title='bbox 1545 949 1744 995; x_wconf 92' lang='lat' dir='ltr'>nomine</span> <span class='ocrx_word' id='word_1_59' title='bbox 1779 948 2118 996; x_wconf 87' lang='lat' dir='ltr'>machinantur</span> <span class='ocrx_word' id='word_1_60' title='bbox 2153 947 2368 1004; x_wconf 87' lang='lat' dir='ltr'>sollicite,</span> 
     </span>
    </p>
   </div>
   <div class='ocr_carea' id='block_1_7' title="bbox 589 1027 2368 1173">
    <p class='ocr_par' dir='ltr' id='par_1_7' title="bbox 589 1027 2368 1173">
     <span class='ocr_line' id='line_1_12' title="bbox 589 1027 2368 1096; baseline 0.002 -24"><span class='ocrx_word' id='word_1_61' title='bbox 589 1077 592 1096; x_wconf 27' lang='grc' dir='ltr'><strong><em>ι</em></strong></span> <span class='ocrx_word' id='word_1_62' title='bbox 620 1027 871 1088; x_wconf 90' lang='lat' dir='ltr'>quomodo</span> <span class='ocrx_word' id='word_1_63' title='bbox 897 1028 1229 1088; x_wconf 88' lang='lat' dir='ltr'>possessiones</span> <span class='ocrx_word' id='word_1_64' title='bbox 1253 1028 1356 1075; x_wconf 88' lang='lat' dir='ltr'>illas</span> <span class='ocrx_word' id='word_1_65' title='bbox 1380 1037 1585 1090; x_wconf 88' lang='lat' dir='ltr'>possunt</span> <span class='ocrx_word' id='word_1_66' title='bbox 1611 1045 1799 1091; x_wconf 90' lang='lat' dir='ltr'>augere,</span> <span class='ocrx_word' id='word_1_67' title='bbox 1825 1030 1875 1076; x_wconf 93' lang='lat' dir='ltr'>in</span> <span class='ocrx_word' id='word_1_68' title='bbox 1900 1030 2085 1078; x_wconf 91' lang='lat' dir='ltr'>mundo</span> <span class='ocrx_word' id='word_1_69' title='bbox 2110 1028 2368 1077; x_wconf 82' lang='lat' dir='ltr'><strong>defendere</strong></span> 
     </span>
     <span class='ocr_line' id='line_1_13' title="bbox 589 1098 2368 1173; baseline 0.002 -20"><span class='ocrx_word' id='word_1_70' title='bbox 589 1098 591 1153; x_wconf 61' lang='lat' dir='ltr'>J</span> <span class='ocrx_word' id='word_1_71' title='bbox 621 1116 667 1155; x_wconf 89' lang='lat' dir='ltr'>et</span> <span class='ocrx_word' id='word_1_72' title='bbox 704 1109 1043 1169; x_wconf 86' lang='lat' dir='ltr'>impugnantes</span> <span class='ocrx_word' id='word_1_73' title='bbox 1079 1109 1372 1170; x_wconf 86' lang='lat' dir='ltr'>extinguere.</span> <span class='ocrx_word' id='word_1_74' title='bbox 1445 1109 1706 1172; x_wconf 88' lang='lat' dir='ltr'>Repugnat</span> <span class='ocrx_word' id='word_1_75' title='bbox 1743 1119 1904 1158; x_wconf 90' lang='lat' dir='ltr'>autem</span> <span class='ocrx_word' id='word_1_76' title='bbox 1940 1110 2128 1158; x_wconf 90' lang='lat' dir='ltr'>divinae</span> <span class='ocrx_word' id='word_1_77' title='bbox 2160 1109 2368 1173; x_wconf 89' lang='lat' dir='ltr'>justitiae</span> 
     </span>
    </p>
   </div>
   <div class='ocr_carea' id='block_1_8' title="bbox 619 1188 2368 1820">
    <p class='ocr_par' dir='ltr' id='par_1_8' title="bbox 619 1188 2368 1820">
     <span class='ocr_line' id='line_1_14' title="bbox 620 1188 2368 1251; baseline 0.002 -16"><span class='ocrx_word' id='word_1_78' title='bbox 620 1197 807 1236; x_wconf 90' lang='lat' dir='ltr'>mentes</span> <span class='ocrx_word' id='word_1_79' title='bbox 831 1188 1111 1251; x_wconf 86' lang='lat' dir='ltr'>hujusmodi</span> <span class='ocrx_word' id='word_1_80' title='bbox 1146 1205 1247 1236; x_wconf 91' lang='lat' dir='ltr'>non</span> <span class='ocrx_word' id='word_1_81' title='bbox 1283 1191 1465 1251; x_wconf 89' lang='lat' dir='ltr'>punire.</span> <span class='ocrx_word' id='word_1_82' title='bbox 1537 1190 1599 1237; x_wconf 90' lang='lat' dir='ltr'>Et</span> <span class='ocrx_word' id='word_1_83' title='bbox 1634 1191 1807 1239; x_wconf 90' lang='lat' dir='ltr'>eadem</span> <span class='ocrx_word' id='word_1_84' title='bbox 1843 1199 1915 1239; x_wconf 91' lang='lat' dir='ltr'>est</span> <span class='ocrx_word' id='word_1_85' title='bbox 1950 1191 2272 1240; x_wconf 86' lang='lat' dir='ltr'>consideratio</span> <span class='ocrx_word' id='word_1_86' title='bbox 2306 1190 2368 1240; x_wconf 93' lang='lat' dir='ltr'>de</span> 
     </span>
     <span class='ocr_line' id='line_1_15' title="bbox 620 1270 2367 1335; baseline 0.002 -18"><span class='ocrx_word' id='word_1_87' title='bbox 620 1271 854 1327; x_wconf 90' lang='lat' dir='ltr'>fratribus,</span> <span class='ocrx_word' id='word_1_88' title='bbox 880 1271 961 1331; x_wconf 91' lang='lat' dir='ltr'>qui</span> <span class='ocrx_word' id='word_1_89' title='bbox 996 1270 1338 1332; x_wconf 87' lang='lat' dir='ltr'>blasphemant</span> <span class='ocrx_word' id='word_1_90' title='bbox 1362 1273 1411 1318; x_wconf 94' lang='lat' dir='ltr'>in</span> <span class='ocrx_word' id='word_1_91' title='bbox 1435 1271 1598 1319; x_wconf 92' lang='lat' dir='ltr'>Deum</span> <span class='ocrx_word' id='word_1_92' title='bbox 1635 1280 1682 1319; x_wconf 92' lang='lat' dir='ltr'>et</span> <span class='ocrx_word' id='word_1_93' title='bbox 1706 1281 1894 1335; x_wconf 90' lang='lat' dir='ltr'>partem</span> <span class='ocrx_word' id='word_1_94' title='bbox 1929 1288 2068 1321; x_wconf 88' lang='lat' dir='ltr'>suam</span> <span class='ocrx_word' id='word_1_95' title='bbox 2103 1271 2367 1321; x_wconf 89' lang='lat' dir='ltr'>defendunt</span> 
     </span>
     <span class='ocr_line' id='line_1_16' title="bbox 620 1352 2366 1416; baseline 0.002 -18"><span class='ocrx_word' id='word_1_96' title='bbox 620 1352 775 1413; x_wconf 89' lang='lat' dir='ltr'>magis</span> <span class='ocrx_word' id='word_1_97' title='bbox 801 1352 1012 1408; x_wconf 89' lang='lat' dir='ltr'>sollicite,</span> <span class='ocrx_word' id='word_1_98' title='bbox 1039 1367 1095 1398; x_wconf 92' lang='lat' dir='ltr'>ac</span> <span class='ocrx_word' id='word_1_99' title='bbox 1119 1352 1172 1398; x_wconf 93' lang='lat' dir='ltr'>in</span> <span class='ocrx_word' id='word_1_100' title='bbox 1204 1353 1402 1400; x_wconf 91' lang='lat' dir='ltr'>nomine</span> <span class='ocrx_word' id='word_1_101' title='bbox 1426 1353 1628 1401; x_wconf 91' lang='lat' dir='ltr'>Domini</span> <span class='ocrx_word' id='word_1_102' title='bbox 1662 1354 1945 1416; x_wconf 87' lang='lat' dir='ltr'>detegentes</span> <span class='ocrx_word' id='word_1_103' title='bbox 1968 1369 2135 1402; x_wconf 89' lang='lat' dir='ltr'>earum</span> <span class='ocrx_word' id='word_1_104' title='bbox 2170 1353 2366 1402; x_wconf 86' lang='lat' dir='ltr'>fraudes</span> 
     </span>
     <span class='ocr_line' id='line_1_17' title="bbox 620 1434 2366 1497; baseline 0.002 -18"><span class='ocrx_word' id='word_1_105' title='bbox 620 1434 834 1494; x_wconf 86' lang='lat' dir='ltr'>asperius</span> <span class='ocrx_word' id='word_1_106' title='bbox 858 1441 1222 1494; x_wconf 90' lang='lat' dir='ltr'>persequuntur.</span> <span class='ocrx_word' id='word_1_107' title='bbox 1293 1434 1355 1481; x_wconf 92' lang='lat' dir='ltr'>Et</span> <span class='ocrx_word' id='word_1_108' title='bbox 1379 1435 1509 1481; x_wconf 91' lang='lat' dir='ltr'>idem</span> <span class='ocrx_word' id='word_1_109' title='bbox 1546 1443 1616 1482; x_wconf 89' lang='lat' dir='ltr'>est</span> <span class='ocrx_word' id='word_1_110' title='bbox 1647 1435 1883 1497; x_wconf 88' lang='lat' dir='ltr'>judicium</span> <span class='ocrx_word' id='word_1_111' title='bbox 1919 1436 1979 1484; x_wconf 93' lang='lat' dir='ltr'>de</span> <span class='ocrx_word' id='word_1_112' title='bbox 2015 1450 2181 1483; x_wconf 89' lang='lat' dir='ltr'>amore</span> <span class='ocrx_word' id='word_1_113' title='bbox 2214 1443 2366 1484; x_wconf 89' lang='lat' dir='ltr'>status</span> 
     </span>
     <span class='ocr_line' id='line_1_18' title="bbox 620 1513 2365 1578; baseline 0.001 -18"><span class='ocrx_word' id='word_1_114' title='bbox 620 1522 700 1560; x_wconf 92' lang='lat' dir='ltr'>aut</span> <span class='ocrx_word' id='word_1_115' title='bbox 735 1514 853 1575; x_wconf 89' lang='lat' dir='ltr'>legis</span> <span class='ocrx_word' id='word_1_116' title='bbox 879 1513 1146 1561; x_wconf 89' lang='lat' dir='ltr'>Caesareae</span> <span class='ocrx_word' id='word_1_117' title='bbox 1180 1514 1253 1561; x_wconf 92' lang='lat' dir='ltr'>vel</span> <span class='ocrx_word' id='word_1_118' title='bbox 1288 1516 1485 1576; x_wconf 87' lang='lat' dir='ltr'>papalis,</span> <span class='ocrx_word' id='word_1_119' title='bbox 1512 1524 1637 1563; x_wconf 90' lang='lat' dir='ltr'>statu</span> <span class='ocrx_word' id='word_1_120' title='bbox 1672 1516 1746 1564; x_wconf 92' lang='lat' dir='ltr'>vel</span> <span class='ocrx_word' id='word_1_121' title='bbox 1780 1516 1886 1578; x_wconf 91' lang='lat' dir='ltr'>lege</span> <span class='ocrx_word' id='word_1_122' title='bbox 1920 1515 2121 1564; x_wconf 90' lang='lat' dir='ltr'>Domini</span> <span class='ocrx_word' id='word_1_123' title='bbox 2157 1523 2365 1578; x_wconf 88' lang='lat' dir='ltr'>praeter-</span> 
     </span>
     <span class='ocr_line' id='line_1_19' title="bbox 619 1595 2366 1660; baseline 0.002 -20"><span class='ocrx_word' id='word_1_124' title='bbox 619 1596 782 1642; x_wconf 84' lang='lat' dir='ltr'>misso.</span> <span class='ocrx_word' id='word_1_125' title='bbox 854 1595 1004 1652; x_wconf 90' lang='lat' dir='ltr'>Istud,</span> <span class='ocrx_word' id='word_1_126' title='bbox 1032 1595 1242 1656; x_wconf 89' lang='lat' dir='ltr'>inquam,</span> <span class='ocrx_word' id='word_1_127' title='bbox 1270 1604 1523 1657; x_wconf 89' lang='lat' dir='ltr'>peccatum</span> <span class='ocrx_word' id='word_1_128' title='bbox 1548 1598 1882 1660; x_wconf 90' lang='lat' dir='ltr'>gravissimum</span> <span class='ocrx_word' id='word_1_129' title='bbox 1906 1612 2007 1644; x_wconf 94' lang='lat' dir='ltr'>non</span> <span class='ocrx_word' id='word_1_130' title='bbox 2030 1605 2190 1660; x_wconf 90' lang='lat' dir='ltr'>potest</span> <span class='ocrx_word' id='word_1_131' title='bbox 2220 1597 2366 1646; x_wconf 89' lang='lat' dir='ltr'>deleri</span> 
     </span>
     <span class='ocr_line' id='line_1_20' title="bbox 619 1676 2366 1740; baseline 0.003 -18"><span class='ocrx_word' id='word_1_132' title='bbox 619 1677 772 1723; x_wconf 89' lang='lat' dir='ltr'>verbis</span> <span class='ocrx_word' id='word_1_133' title='bbox 797 1676 979 1724; x_wconf 88' lang='lat' dir='ltr'>floridis</span> <span class='ocrx_word' id='word_1_134' title='bbox 1002 1677 1074 1723; x_wconf 92' lang='lat' dir='ltr'>vel</span> <span class='ocrx_word' id='word_1_135' title='bbox 1099 1678 1351 1739; x_wconf 90' lang='lat' dir='ltr'>pomposis</span> <span class='ocrx_word' id='word_1_136' title='bbox 1371 1686 1450 1726; x_wconf 90' lang='lat' dir='ltr'>aut</span> <span class='ocrx_word' id='word_1_137' title='bbox 1476 1679 1624 1740; x_wconf 87' lang='lat' dir='ltr'>signis</span> <span class='ocrx_word' id='word_1_138' title='bbox 1644 1679 1961 1736; x_wconf 85' lang='lat' dir='ltr'>sensibilibus,</span> <span class='ocrx_word' id='word_1_139' title='bbox 1983 1679 2366 1727; x_wconf 88' lang='lat' dir='ltr'>absolutionibus</span> 
     </span>
     <span class='ocr_line' id='line_1_21' title="bbox 619 1758 2365 1820; baseline 0.003 -17"><span class='ocrx_word' id='word_1_140' title='bbox 619 1759 692 1806; x_wconf 90' lang='lat' dir='ltr'>vel</span> <span class='ocrx_word' id='word_1_141' title='bbox 716 1758 1022 1820; x_wconf 89' lang='lat' dir='ltr'>indulgentiis</span> <span class='ocrx_word' id='word_1_142' title='bbox 1059 1758 1341 1816; x_wconf 89' lang='lat' dir='ltr'>adinventis,</span> <span class='ocrx_word' id='word_1_143' title='bbox 1368 1760 1635 1820; x_wconf 89' lang='lat' dir='ltr'>specialiter</span> <span class='ocrx_word' id='word_1_144' title='bbox 1671 1759 1788 1807; x_wconf 90' lang='lat' dir='ltr'>dum</span> <span class='ocrx_word' id='word_1_145' title='bbox 1824 1760 2009 1808; x_wconf 88' lang='lat' dir='ltr'>affuerit</span> <span class='ocrx_word' id='word_1_146' title='bbox 2043 1760 2365 1808; x_wconf 87' lang='lat' dir='ltr'>satisfaciendi</span> 
     </span>
    </p>
   </div>
   <div class='ocr_carea' id='block_1_9' title="bbox 620 1839 2450 1904">
    <p class='ocr_par' dir='ltr' id='par_1_9' title="bbox 620 1839 2450 1904">
     <span class='ocr_line' id='line_1_22' title="bbox 620 1839 2450 1904; baseline 0.002 -19"><span class='ocrx_word' id='word_1_147' title='bbox 620 1839 955 1900; x_wconf 90' lang='lat' dir='ltr'>opportunitas</span> <span class='ocrx_word' id='word_1_148' title='bbox 991 1846 1037 1885; x_wconf 92' lang='lat' dir='ltr'>et</span> <span class='ocrx_word' id='word_1_149' title='bbox 1073 1840 1378 1900; x_wconf 87' lang='lat' dir='ltr'>possibilitas,</span> <span class='ocrx_word' id='word_1_150' title='bbox 1415 1850 1460 1888; x_wconf 93' lang='lat' dir='ltr'>et</span> <span class='ocrx_word' id='word_1_151' title='bbox 1497 1841 1702 1888; x_wconf 89' lang='lat' dir='ltr'>durandi</span> <span class='ocrx_word' id='word_1_152' title='bbox 1726 1842 1775 1888; x_wconf 92' lang='lat' dir='ltr'>in</span> <span class='ocrx_word' id='word_1_153' title='bbox 1810 1850 2011 1903; x_wconf 90' lang='lat' dir='ltr'>peccato</span> <span class='ocrx_word' id='word_1_154' title='bbox 2043 1842 2363 1904; x_wconf 86' lang='lat' dir='ltr'>pertinacitas.</span> <span class='ocrx_word' id='word_1_155' title='bbox 2446 1870 2450 1874; x_wconf 96' lang='lat'><em>-</em></span> 
     </span>
    </p>
   </div>
   <div class='ocr_carea' id='block_1_10' title="bbox 616 1919 2366 2784">
    <p class='ocr_par' dir='ltr' id='par_1_10' title="bbox 616 1919 2366 2784">
     <span class='ocr_line' id='line_1_23' title="bbox 621 1919 2366 1985; baseline 0.003 -19"><span class='ocrx_word' id='word_1_156' title='bbox 621 1920 745 1978; x_wconf 86' lang='lat' dir='ltr'>Quis</span> <span class='ocrx_word' id='word_1_157' title='bbox 770 1934 887 1981; x_wconf 90' lang='lat' dir='ltr'>ergo</span> <span class='ocrx_word' id='word_1_158' title='bbox 911 1919 1124 1981; x_wconf 87' lang='lat' dir='ltr'>prudens</span> <span class='ocrx_word' id='word_1_159' title='bbox 1159 1928 1206 1972; x_wconf 84' lang='lat' dir='ltr'>et</span> <span class='ocrx_word' id='word_1_160' title='bbox 1228 1921 1395 1968; x_wconf 87' lang='lat' dir='ltr'>videns</span> <span class='ocrx_word' id='word_1_161' title='bbox 1431 1922 1646 1969; x_wconf 88' lang='lat' dir='ltr'>animum</span> <span class='ocrx_word' id='word_1_162' title='bbox 1681 1923 1955 1970; x_wconf 91' lang='lat' dir='ltr'>mentientis</span> <span class='ocrx_word' id='word_1_163' title='bbox 1979 1923 2112 1985; x_wconf 85' lang='lat' dir='ltr'>quod</span> <span class='ocrx_word' id='word_1_164' title='bbox 2143 1937 2244 1983; x_wconf 86' lang='lat' dir='ltr'>non</span> <span class='ocrx_word' id='word_1_165' title='bbox 2266 1922 2366 1971; x_wconf 90' lang='lat' dir='ltr'>vult</span> 
     </span>
     <span class='ocr_line' id='line_1_24' title="bbox 621 2000 2363 2066; baseline 0.002 -18"><span class='ocrx_word' id='word_1_166' title='bbox 621 2002 743 2048; x_wconf 84' lang='lat' dir='ltr'>ultra</span> <span class='ocrx_word' id='word_1_167' title='bbox 767 2001 1057 2062; x_wconf 89' lang='lat' dir='ltr'>delinquere,</span> <span class='ocrx_word' id='word_1_168' title='bbox 1083 2009 1130 2048; x_wconf 89' lang='lat' dir='ltr'>et</span> <span class='ocrx_word' id='word_1_169' title='bbox 1155 2017 1266 2048; x_wconf 90' lang='lat' dir='ltr'>cum</span> <span class='ocrx_word' id='word_1_170' title='bbox 1290 2002 1409 2049; x_wconf 91' lang='lat' dir='ltr'>hoc1</span> <span class='ocrx_word' id='word_1_171' title='bbox 1434 2000 1660 2050; x_wconf 84' lang='lat' dir='ltr'>manum2</span> <span class='ocrx_word' id='word_1_172' title='bbox 1684 2019 1821 2051; x_wconf 90' lang='lat' dir='ltr'>suam</span> <span class='ocrx_word' id='word_1_173' title='bbox 1855 2012 2099 2051; x_wconf 86' lang='lat' dir='ltr'>extentam</span> <span class='ocrx_word' id='word_1_174' title='bbox 2123 2012 2175 2051; x_wconf 91' lang='lat' dir='ltr'>ut</span> <span class='ocrx_word' id='word_1_175' title='bbox 2195 2007 2363 2066; x_wconf 79' lang='lat' dir='ltr'>parate</span> 
     </span>
     <span class='ocr_line' id='line_1_25' title="bbox 622 2081 2363 2146; baseline 0.002 -17"><span class='ocrx_word' id='word_1_176' title='bbox 622 2081 906 2139; x_wconf 86' lang='lat' dir='ltr'>malefaciat,</span> <span class='ocrx_word' id='word_1_177' title='bbox 934 2091 1189 2144; x_wconf 90' lang='lat' dir='ltr'>peccatum</span> <span class='ocrx_word' id='word_1_178' title='bbox 1213 2084 1528 2131; x_wconf 88' lang='lat' dir='ltr'>commissum</span> <span class='ocrx_word' id='word_1_179' title='bbox 1554 2085 1810 2132; x_wconf 91' lang='lat' dir='ltr'>dimitteret</span> <span class='ocrx_word' id='word_1_180' title='bbox 1821 2084 1849 2141; x_wconf 78' lang='lat'>3,</span> <span class='ocrx_word' id='word_1_181' title='bbox 1877 2092 1923 2132; x_wconf 92' lang='lat' dir='ltr'>et</span> <span class='ocrx_word' id='word_1_182' title='bbox 1948 2085 2014 2132; x_wconf 92' lang='lat' dir='ltr'>sic</span> <span class='ocrx_word' id='word_1_183' title='bbox 2034 2093 2286 2146; x_wconf 88' lang='lat' dir='ltr'>parantem</span> <span class='ocrx_word' id='word_1_184' title='bbox 2311 2099 2363 2133; x_wconf 89' lang='lat' dir='ltr'>se</span> 
     </span>
     <span class='ocr_line' id='line_1_26' title="bbox 622 2163 2363 2226; baseline 0.001 -15"><span class='ocrx_word' id='word_1_185' title='bbox 622 2164 683 2211; x_wconf 86' lang='lat' dir='ltr'>ad</span> <span class='ocrx_word' id='word_1_186' title='bbox 708 2164 1010 2225; x_wconf 91' lang='lat' dir='ltr'>peccandum</span> <span class='ocrx_word' id='word_1_187' title='bbox 1032 2163 1226 2211; x_wconf 89' lang='lat' dir='ltr'>ulterius</span> <span class='ocrx_word' id='word_1_188' title='bbox 1251 2165 1300 2210; x_wconf 94' lang='lat' dir='ltr'>in</span> <span class='ocrx_word' id='word_1_189' title='bbox 1326 2165 1471 2212; x_wconf 92' lang='lat' dir='ltr'>corde</span> <span class='ocrx_word' id='word_1_190' title='bbox 1497 2165 1745 2226; x_wconf 88' lang='lat' dir='ltr'>diligeret?</span> <span class='ocrx_word' id='word_1_191' title='bbox 1800 2165 1936 2213; x_wconf 92' lang='lat' dir='ltr'>Deus</span> <span class='ocrx_word' id='word_1_192' title='bbox 1961 2174 2122 2212; x_wconf 90' lang='lat' dir='ltr'>autem</span> <span class='ocrx_word' id='word_1_193' title='bbox 2154 2166 2363 2219; x_wconf 90' lang='lat' dir='ltr'>intuetur</span> 
     </span>
     <span class='ocr_line' id='line_1_27' title="bbox 623 2235 2363 2308; baseline 0.003 -17"><span class='ocrx_word' id='word_1_194' title='bbox 623 2246 769 2292; x_wconf 91' lang='lat' dir='ltr'>corda</span> <span class='ocrx_word' id='word_1_195' title='bbox 794 2235 841 2292; x_wconf 86' lang='lat' dir='ltr'>et</span> <span class='ocrx_word' id='word_1_196' title='bbox 871 2246 1164 2292; x_wconf 89' lang='lat' dir='ltr'>intentiones</span> <span class='ocrx_word' id='word_1_197' title='bbox 1200 2246 1453 2293; x_wconf 91' lang='lat' dir='ltr'>hominum</span> <span class='ocrx_word' id='word_1_198' title='bbox 1486 2261 1543 2293; x_wconf 92' lang='lat' dir='ltr'>ac</span> <span class='ocrx_word' id='word_1_199' title='bbox 1579 2248 1867 2308; x_wconf 88' lang='lat' dir='ltr'>quantitates</span> <span class='ocrx_word' id='word_1_200' title='bbox 1902 2255 1947 2295; x_wconf 91' lang='lat' dir='ltr'>et</span> <span class='ocrx_word' id='word_1_201' title='bbox 1982 2248 2363 2296; x_wconf 87' lang='lat' dir='ltr'>circumstantias</span> 
     </span>
     <span class='ocr_line' id='line_1_28' title="bbox 623 2326 2363 2391; baseline 0.003 -19"><span class='ocrx_word' id='word_1_202' title='bbox 623 2327 916 2388; x_wconf 88' lang='lat' dir='ltr'>passionum.</span> <span class='ocrx_word' id='word_1_203' title='bbox 987 2326 1109 2373; x_wconf 88' lang='lat' dir='ltr'>Ideo</span> <span class='ocrx_word' id='word_1_204' title='bbox 1145 2342 1245 2373; x_wconf 93' lang='lat' dir='ltr'>non</span> <span class='ocrx_word' id='word_1_205' title='bbox 1279 2328 1472 2389; x_wconf 84' lang='lat' dir='ltr'>expedit</span> <span class='ocrx_word' id='word_1_206' title='bbox 1504 2328 1836 2390; x_wconf 89' lang='lat' dir='ltr'>blasphemare</span> <span class='ocrx_word' id='word_1_207' title='bbox 1869 2330 1918 2376; x_wconf 92' lang='lat' dir='ltr'>in</span> <span class='ocrx_word' id='word_1_208' title='bbox 1942 2344 2068 2387; x_wconf 90' lang='lat' dir='ltr'>eum,</span> <span class='ocrx_word' id='word_1_209' title='bbox 2095 2330 2229 2391; x_wconf 92' lang='lat' dir='ltr'>quod</span> <span class='ocrx_word' id='word_1_210' title='bbox 2259 2329 2363 2391; x_wconf 88' lang='lat' dir='ltr'>ipse</span> 
     </span>
     <span class='ocr_line' id='line_1_29' title="bbox 622 2408 2361 2472; baseline 0.002 -18"><span class='ocrx_word' id='word_1_211' title='bbox 622 2415 818 2469; x_wconf 89' lang='lat' dir='ltr'>propter</span> <span class='ocrx_word' id='word_1_212' title='bbox 842 2408 1034 2468; x_wconf 88' lang='lat' dir='ltr'>signum</span> <span class='ocrx_word' id='word_1_213' title='bbox 1064 2408 1286 2455; x_wconf 91' lang='lat' dir='ltr'>sensibile</span> <span class='ocrx_word' id='word_1_214' title='bbox 1321 2409 1631 2456; x_wconf 88' lang='lat' dir='ltr'>adinventum</span> <span class='ocrx_word' id='word_1_215' title='bbox 1663 2410 1939 2472; x_wconf 90' lang='lat' dir='ltr'>simpliciter</span> <span class='ocrx_word' id='word_1_216' title='bbox 1970 2410 2126 2459; x_wconf 88' lang='lat' dir='ltr'>deleat</span> <span class='ocrx_word' id='word_1_217' title='bbox 2148 2410 2361 2459; x_wconf 84' lang='lat' dir='ltr'>maculas</span> 
     </span>
     <span class='ocr_line' id='line_1_30' title="bbox 621 2489 2359 2558; baseline 0.003 -24"><span class='ocrx_word' id='word_1_218' title='bbox 621 2489 992 2549; x_wconf 60' lang='lat' dir='ltr'>praescitorum</span> <span class='ocrx_word' id='word_1_219' title='bbox 1043 2504 1166 2549; x_wconf 92' lang='lat' dir='ltr'>quae</span> <span class='ocrx_word' id='word_1_220' title='bbox 1188 2490 1344 2537; x_wconf 76' lang='lat' dir='ltr'>enim4</span> <span class='ocrx_word' id='word_1_221' title='bbox 1369 2490 1492 2537; x_wconf 89' lang='lat' dir='ltr'>foret</span> <span class='ocrx_word' id='word_1_222' title='bbox 1527 2492 1686 2552; x_wconf 86' lang='lat' dir='ltr'>magis</span> <span class='ocrx_word' id='word_1_223' title='bbox 1718 2491 1999 2558; x_wconf 82' lang='lat' dir='ltr'>blasphema</span> <span class='ocrx_word' id='word_1_224' title='bbox 2031 2493 2359 2554; x_wconf 87' lang='lat' dir='ltr'>praesumptio</span> 
     </span>
     <span class='ocr_line' id='line_1_31' title="bbox 621 2569 2360 2635; baseline 0.003 -20"><span class='ocrx_word' id='word_1_225' title='bbox 621 2584 767 2630; x_wconf 89' lang='lat' dir='ltr'>quam</span> <span class='ocrx_word' id='word_1_226' title='bbox 803 2569 930 2618; x_wconf 89' lang='lat' dir='ltr'>hosti</span> <span class='ocrx_word' id='word_1_227' title='bbox 966 2569 1057 2617; x_wconf 91' lang='lat' dir='ltr'>Dei</span> <span class='ocrx_word' id='word_1_228' title='bbox 1095 2570 1212 2618; x_wconf 87' lang='lat' dir='ltr'>false</span> <span class='ocrx_word' id='word_1_229' title='bbox 1249 2572 1540 2633; x_wconf 91' lang='lat' dir='ltr'>promittere,</span> <span class='ocrx_word' id='word_1_230' title='bbox 1583 2573 1715 2634; x_wconf 90' lang='lat' dir='ltr'>quod</span> <span class='ocrx_word' id='word_1_231' title='bbox 1750 2573 1892 2621; x_wconf 88' lang='lat' dir='ltr'>faciat</span> <span class='ocrx_word' id='word_1_232' title='bbox 1927 2573 2088 2621; x_wconf 89' lang='lat' dir='ltr'>Deum</span> <span class='ocrx_word' id='word_1_233' title='bbox 2129 2573 2219 2620; x_wconf 90' lang='lat' dir='ltr'>sibi</span> <span class='ocrx_word' id='word_1_234' title='bbox 2258 2573 2360 2635; x_wconf 89' lang='lat' dir='ltr'>pla-</span> 
     </span>
     <span class='ocr_line' id='line_1_32' title="bbox 620 2650 2355 2723; baseline 0.004 -27"><span class='ocrx_word' id='word_1_235' title='bbox 620 2650 805 2696; x_wconf 82' lang='lat' dir='ltr'>catum5</span> <span class='ocrx_word' id='word_1_236' title='bbox 837 2651 946 2698; x_wconf 87' lang='lat' dir='ltr'>licet</span> <span class='ocrx_word' id='word_1_237' title='bbox 978 2651 1139 2699; x_wconf 76' lang='lat' dir='ltr'>Deus⁶</span> <span class='ocrx_word' id='word_1_238' title='bbox 1165 2653 1432 2700; x_wconf 89' lang='lat' dir='ltr'>secundum</span> <span class='ocrx_word' id='word_1_239' title='bbox 1463 2654 1622 2723; x_wconf 86' lang='lat' dir='ltr'>legem</span> <span class='ocrx_word' id='word_1_240' title='bbox 1647 2663 1890 2702; x_wconf 89' lang='lat' dir='ltr'>aeternam</span> <span class='ocrx_word' id='word_1_241' title='bbox 1915 2663 1962 2702; x_wconf 93' lang='lat' dir='ltr'>et</span> <span class='ocrx_word' id='word_1_242' title='bbox 1985 2655 2204 2717; x_wconf 84' lang='lat' dir='ltr'>plenam⁷</span> <span class='ocrx_word' id='word_1_243' title='bbox 2222 2655 2355 2718; x_wconf 84' lang='lat' dir='ltr'>J&#39;usti-</span> 
     </span>
     <span class='ocr_line' id='line_1_33' title="bbox 616 2732 2361 2784; baseline 0.004 -7"><span class='ocrx_word' id='word_1_244' title='bbox 616 2732 730 2778; x_wconf 89' lang='lat' dir='ltr'>tiam</span> <span class='ocrx_word' id='word_1_245' title='bbox 779 2733 1107 2781; x_wconf 86' lang='lat' dir='ltr'>contradicat?</span> <span class='ocrx_word' id='word_1_246' title='bbox 1189 2734 1281 2781; x_wconf 92' lang='lat' dir='ltr'>Per</span> <span class='ocrx_word' id='word_1_247' title='bbox 1327 2735 1422 2782; x_wconf 92' lang='lat' dir='ltr'>hoc</span> <span class='ocrx_word' id='word_1_248' title='bbox 1469 2737 1600 2782; x_wconf 90' lang='lat' dir='ltr'>enim</span> <span class='ocrx_word' id='word_1_249' title='bbox 1647 2737 1763 2784; x_wconf 88' lang='lat' dir='ltr'>dant</span> <span class='ocrx_word' id='word_1_250' title='bbox 1809 2736 1913 2783; x_wconf 90' lang='lat' dir='ltr'>falsi</span> <span class='ocrx_word' id='word_1_251' title='bbox 1962 2735 2266 2784; x_wconf 89' lang='lat' dir='ltr'>confessores</span> <span class='ocrx_word' id='word_1_252' title='bbox 2313 2745 2361 2784; x_wconf 90' lang='lat' dir='ltr'>et</span> 
     </span>
    </p>
   </div>
   <div class='ocr_carea' id='block_1_11' title="bbox 551 2812 2359 2873">
    <p class='ocr_par' dir='ltr' id='par_1_11' title="bbox 551 2812 2359 2873">
     <span class='ocr_line' id='line_1_34' title="bbox 551 2812 2359 2873; baseline 0.003 -15"><span class='ocrx_word' id='word_1_253' title='bbox 551 2862 553 2864; x_wconf 65' lang='grc'><strong>,</strong></span> <span class='ocrx_word' id='word_1_254' title='bbox 617 2812 811 2873; x_wconf 79' lang='lat' dir='ltr'>praelati</span> <span class='ocrx_word' id='word_1_255' title='bbox 852 2815 1083 2862; x_wconf 89' lang='lat' dir='ltr'>membris</span> <span class='ocrx_word' id='word_1_256' title='bbox 1126 2816 1386 2863; x_wconf 89' lang='lat' dir='ltr'>antichristi</span> <span class='ocrx_word' id='word_1_257' title='bbox 1429 2817 1683 2864; x_wconf 88' lang='lat' dir='ltr'>audaciam</span> <span class='ocrx_word' id='word_1_258' title='bbox 1724 2818 1786 2865; x_wconf 89' lang='lat' dir='ltr'>ad</span> <span class='ocrx_word' id='word_1_259' title='bbox 1827 2833 1912 2865; x_wconf 87' lang='lat' dir='ltr'>sua</span> <span class='ocrx_word' id='word_1_260' title='bbox 1953 2818 2152 2865; x_wconf 90' lang='lat' dir='ltr'>crimina</span> <span class='ocrx_word' id='word_1_261' title='bbox 2193 2817 2359 2866; x_wconf 89' lang='lat' dir='ltr'>defen-</span> 
     </span>
    </p>
   </div>
   <div class='ocr_carea' id='block_1_12' title="bbox 615 2894 2359 3126">
    <p class='ocr_par' dir='ltr' id='par_1_12' title="bbox 615 2894 2359 3126">
     <span class='ocr_line' id='line_1_35' title="bbox 617 2894 2358 2962; baseline 0.005 -22"><span class='ocrx_word' id='word_1_262' title='bbox 617 2894 832 2941; x_wconf 91' lang='lat' dir='ltr'>dendum</span> <span class='ocrx_word' id='word_1_263' title='bbox 874 2903 920 2943; x_wconf 88' lang='lat' dir='ltr'>et</span> <span class='ocrx_word' id='word_1_264' title='bbox 962 2903 1169 2957; x_wconf 84' lang='lat' dir='ltr'>partem·</span> <span class='ocrx_word' id='word_1_265' title='bbox 1190 2912 1326 2943; x_wconf 89' lang='lat' dir='ltr'>suam</span> <span class='ocrx_word' id='word_1_266' title='bbox 1370 2906 1538 2944; x_wconf 85' lang='lat' dir='ltr'>contra</span> <span class='ocrx_word' id='word_1_267' title='bbox 1579 2897 1824 2946; x_wconf 89' lang='lat' dir='ltr'>Christum</span> <span class='ocrx_word' id='word_1_268' title='bbox 1871 2899 2015 2947; x_wconf 89' lang='lat' dir='ltr'>nimis</span> <span class='ocrx_word' id='word_1_269' title='bbox 2055 2900 2358 2962; x_wconf 86' lang='lat' dir='ltr'>pertinaciter</span> 
     </span>
     <span class='ocr_line' id='line_1_36' title="bbox 615 2976 2359 3041; baseline 0.004 -20"><span class='ocrx_word' id='word_1_270' title='bbox 615 2976 962 3038; x_wconf 89' lang='lat' dir='ltr'>usurpandum,</span> <span class='ocrx_word' id='word_1_271' title='bbox 987 2992 1043 3024; x_wconf 90' lang='lat' dir='ltr'>ac</span> <span class='ocrx_word' id='word_1_272' title='bbox 1081 2978 1120 3024; x_wconf 90' lang='lat' dir='ltr'>si</span> <span class='ocrx_word' id='word_1_273' title='bbox 1157 2978 1311 3039; x_wconf 88' lang='lat' dir='ltr'>magis</span> <span class='ocrx_word' id='word_1_274' title='bbox 1336 2979 1719 3039; x_wconf 81' lang='lat' dir='ltr'>praesumerent⁸</span> <span class='ocrx_word' id='word_1_275' title='bbox 1745 2980 1984 3028; x_wconf 90' lang='lat' dir='ltr'>dominari</span> <span class='ocrx_word' id='word_1_276' title='bbox 2018 2982 2069 3033; x_wconf 89' lang='lat' dir='ltr'>in</span> <span class='ocrx_word' id='word_1_277' title='bbox 2097 2980 2359 3041; x_wconf 76' lang='lat' dir='ltr'>Christum,</span> 
     </span>
     <span class='ocr_line' id='line_1_37' title="bbox 615 3054 2357 3126; baseline 0.005 -23"><span class='ocrx_word' id='word_1_278' title='bbox 615 3054 787 3117; x_wconf 79' lang='lat' dir='ltr'>quam9</span> <span class='ocrx_word' id='word_1_279' title='bbox 806 3057 998 3106; x_wconf 88' lang='lat' dir='ltr'>Lucifer</span> <span class='ocrx_word' id='word_1_280' title='bbox 1015 3059 1088 3105; x_wconf 89' lang='lat' dir='ltr'>vel</span> <span class='ocrx_word' id='word_1_281' title='bbox 1112 3059 1214 3121; x_wconf 91' lang='lat' dir='ltr'>ejus</span> <span class='ocrx_word' id='word_1_282' title='bbox 1240 3059 1501 3121; x_wconf 89' lang='lat' dir='ltr'>discipulus</span> <span class='ocrx_word' id='word_1_283' title='bbox 1519 3060 1837 3109; x_wconf 89' lang='lat' dir='ltr'>antichristus.</span> <span class='ocrx_word' id='word_1_284' title='bbox 1900 3061 2222 3111; x_wconf 90' lang='lat' dir='ltr'>Considerent</span> <span class='ocrx_word' id='word_1_285' title='bbox 2239 3079 2357 3126; x_wconf 86' lang='lat' dir='ltr'>ergo</span> 
     </span>
    </p>
   </div>
   <div class='ocr_carea' id='block_1_13' title="bbox 612 3198 2357 3526">
    <p class='ocr_par' dir='ltr' id='par_1_13' title="bbox 612 3198 2357 3526">
     <span class='ocr_line' id='line_1_38' title="bbox 670 3198 2356 3252; baseline 0.003 -15"><span class='ocrx_word' id='word_1_286' title='bbox 670 3199 682 3221; x_wconf 78' lang='lat'>1</span> <span class='ocrx_word' id='word_1_287' title='bbox 711 3198 810 3250; x_wconf 93' lang='lat' dir='ltr'>hoc]</span> <span class='ocrx_word' id='word_1_288' title='bbox 833 3211 914 3238; x_wconf 86' lang='lat' dir='ltr'>om.</span> <span class='ocrx_word' id='word_1_289' title='bbox 936 3198 982 3238; x_wconf 90' lang='lat' dir='ltr'>B.</span> <span class='ocrx_word' id='word_1_290' title='bbox 1003 3199 1158 3250; x_wconf 87' lang='lat' dir='ltr'>primae</span> <span class='ocrx_word' id='word_1_291' title='bbox 1176 3212 1334 3244; x_wconf 87' lang='lat' dir='ltr'>manus,</span> <span class='ocrx_word' id='word_1_292' title='bbox 1356 3199 1410 3238; x_wconf 93' lang='lat' dir='ltr'>D.</span> <span class='ocrx_word' id='word_1_293' title='bbox 1431 3199 1494 3239; x_wconf 89' lang='lat' dir='ltr'>ed.</span> <span class='ocrx_word' id='word_1_294' title='bbox 1514 3212 1574 3251; x_wconf 88' lang='lat' dir='ltr'>pr.</span> <span class='ocrx_word' id='word_1_295' title='bbox 1767 3199 1782 3222; x_wconf 84' lang='lat'><strong>²</strong></span> <span class='ocrx_word' id='word_1_296' title='bbox 1809 3200 1994 3252; x_wconf 89' lang='lat' dir='ltr'>manum]</span> <span class='ocrx_word' id='word_1_297' title='bbox 2015 3200 2156 3240; x_wconf 86' lang='lat' dir='ltr'>videns</span> <span class='ocrx_word' id='word_1_298' title='bbox 2175 3214 2356 3249; x_wconf 90' lang='lat' dir='ltr'>manum,</span> 
     </span>
     <span class='ocr_line' id='line_1_39' title="bbox 617 3251 2355 3306; baseline 0.002 -15"><span class='ocrx_word' id='word_1_299' title='bbox 617 3251 671 3291; x_wconf 95' lang='lat' dir='ltr'>D.</span> <span class='ocrx_word' id='word_1_300' title='bbox 693 3253 891 3292; x_wconf 84' lang='lat' dir='ltr'>secundae</span> <span class='ocrx_word' id='word_1_301' title='bbox 911 3266 1067 3292; x_wconf 89' lang='lat' dir='ltr'>manus.</span> <span class='ocrx_word' id='word_1_302' title='bbox 1192 3254 1206 3274; x_wconf 70' lang='lat'>³</span> <span class='ocrx_word' id='word_1_303' title='bbox 1236 3253 1498 3292; x_wconf 87' lang='lat' dir='ltr'>commissum</span> <span class='ocrx_word' id='word_1_304' title='bbox 1518 3253 1757 3306; x_wconf 87' lang='lat' dir='ltr'>dimitteret]</span> <span class='ocrx_word' id='word_1_305' title='bbox 1781 3254 2044 3294; x_wconf 84' lang='lat' dir='ltr'>commissum</span> <span class='ocrx_word' id='word_1_306' title='bbox 2064 3255 2280 3302; x_wconf 87' lang='lat' dir='ltr'>omitteret,</span> <span class='ocrx_word' id='word_1_307' title='bbox 2302 3258 2355 3297; x_wconf 92' lang='lat' dir='ltr'>A.</span> 
     </span>
     <span class='ocr_line' id='line_1_40' title="bbox 615 3307 2357 3362; baseline 0.003 -18"><span class='ocrx_word' id='word_1_308' title='bbox 615 3307 815 3351; x_wconf 83' lang='lat' dir='ltr'>secundae</span> <span class='ocrx_word' id='word_1_309' title='bbox 830 3320 997 3353; x_wconf 82' lang='lat' dir='ltr'>manus3</span> <span class='ocrx_word' id='word_1_310' title='bbox 1028 3307 1205 3346; x_wconf 91' lang='lat' dir='ltr'>dimittet</span> <span class='ocrx_word' id='word_1_311' title='bbox 1225 3307 1500 3352; x_wconf 84' lang='lat' dir='ltr'>commissum,</span> <span class='ocrx_word' id='word_1_312' title='bbox 1520 3308 1582 3347; x_wconf 86' lang='lat' dir='ltr'>ed.</span> <span class='ocrx_word' id='word_1_313' title='bbox 1603 3321 1663 3360; x_wconf 91' lang='lat' dir='ltr'>pr.</span> <span class='ocrx_word' id='word_1_314' title='bbox 1811 3307 1826 3330; x_wconf 75' lang='lat'>4</span> <span class='ocrx_word' id='word_1_315' title='bbox 1853 3308 1981 3360; x_wconf 88' lang='lat' dir='ltr'>enim]</span> <span class='ocrx_word' id='word_1_316' title='bbox 2003 3321 2114 3360; x_wconf 89' lang='lat' dir='ltr'>ergo,</span> <span class='ocrx_word' id='word_1_317' title='bbox 2135 3309 2181 3348; x_wconf 90' lang='lat' dir='ltr'>B.</span> <span class='ocrx_word' id='word_1_318' title='bbox 2200 3310 2357 3362; x_wconf 87' lang='lat' dir='ltr'>primae</span> 
     </span>
     <span class='ocr_line' id='line_1_41' title="bbox 614 3361 2355 3414; baseline 0.003 -16"><span class='ocrx_word' id='word_1_319' title='bbox 614 3372 769 3404; x_wconf 87' lang='lat' dir='ltr'>manus,</span> <span class='ocrx_word' id='word_1_320' title='bbox 790 3361 851 3405; x_wconf 88' lang='lat' dir='ltr'>ed.</span> <span class='ocrx_word' id='word_1_321' title='bbox 873 3374 934 3412; x_wconf 90' lang='lat' dir='ltr'>pr.</span> <span class='ocrx_word' id='word_1_322' title='bbox 1161 3361 1175 3383; x_wconf 88' lang='lat'><strong>⁵</strong></span> <span class='ocrx_word' id='word_1_323' title='bbox 1204 3361 1339 3400; x_wconf 90' lang='lat' dir='ltr'>Deum</span> <span class='ocrx_word' id='word_1_324' title='bbox 1358 3361 1435 3401; x_wconf 87' lang='lat' dir='ltr'>sibi</span> <span class='ocrx_word' id='word_1_325' title='bbox 1455 3362 1682 3414; x_wconf 89' lang='lat' dir='ltr'>placatum]</span> <span class='ocrx_word' id='word_1_326' title='bbox 1705 3362 1841 3403; x_wconf 88' lang='lat' dir='ltr'>Deum</span> <span class='ocrx_word' id='word_1_327' title='bbox 1860 3362 1944 3413; x_wconf 89' lang='lat' dir='ltr'>ejus</span> <span class='ocrx_word' id='word_1_328' title='bbox 1963 3363 2152 3410; x_wconf 88' lang='lat' dir='ltr'>amicum,</span> <span class='ocrx_word' id='word_1_329' title='bbox 2173 3363 2328 3405; x_wconf 87' lang='lat' dir='ltr'>A.B.C.</span> <span class='ocrx_word' id='word_1_330' title='bbox 2345 3378 2355 3410; x_wconf 83' lang='grc'><strong>;</strong></span> 
     </span>
     <span class='ocr_line' id='line_1_42' title="bbox 615 3413 2354 3494; baseline 0.003 -43"><span class='ocrx_word' id='word_1_331' title='bbox 615 3413 840 3452; x_wconf 88' lang='lat' dir='ltr'>Dominum</span> <span class='ocrx_word' id='word_1_332' title='bbox 861 3416 937 3454; x_wconf 88' lang='lat' dir='ltr'>sibi</span> <span class='ocrx_word' id='word_1_333' title='bbox 958 3415 1167 3466; x_wconf 89' lang='lat' dir='ltr'>placitum,</span> <span class='ocrx_word' id='word_1_334' title='bbox 1187 3415 1250 3454; x_wconf 90' lang='lat' dir='ltr'>ed.</span> <span class='ocrx_word' id='word_1_335' title='bbox 1273 3428 1333 3466; x_wconf 89' lang='lat' dir='ltr'>pr.</span> <span class='ocrx_word' id='word_1_336' title='bbox 1444 3416 1459 3438; x_wconf 75' lang='lat'><strong>⁶</strong></span> <span class='ocrx_word' id='word_1_337' title='bbox 1488 3416 1619 3466; x_wconf 88' lang='lat' dir='ltr'>Deus]</span> <span class='ocrx_word' id='word_1_338' title='bbox 1636 3416 1853 3463; x_wconf 88' lang='lat' dir='ltr'>Dominus,</span> <span class='ocrx_word' id='word_1_339' title='bbox 1873 3417 1936 3456; x_wconf 88' lang='lat' dir='ltr'>ed.</span> <span class='ocrx_word' id='word_1_340' title='bbox 1956 3429 2017 3468; x_wconf 89' lang='lat' dir='ltr'>pr.</span> <span class='ocrx_word' id='word_1_341' title='bbox 2126 3417 2142 3440; x_wconf 80' lang='lat'>⁷</span> <span class='ocrx_word' id='word_1_342' title='bbox 2163 3416 2354 3494; x_wconf 56' lang='lat' dir='ltr'>plenam]</span> 
     </span>
     <span class='ocr_line' id='line_1_43' title="bbox 612 3466 2350 3526; baseline 0.004 -22"><span class='ocrx_word' id='word_1_343' title='bbox 612 3466 788 3517; x_wconf 82' lang='lat' dir='ltr'>planam,</span> <span class='ocrx_word' id='word_1_344' title='bbox 810 3469 871 3507; x_wconf 89' lang='lat' dir='ltr'>ed.</span> <span class='ocrx_word' id='word_1_345' title='bbox 892 3482 951 3520; x_wconf 87' lang='lat' dir='ltr'>pr.</span> <span class='ocrx_word' id='word_1_346' title='bbox 1135 3470 1149 3492; x_wconf 79' lang='lat'>⁸</span> <span class='ocrx_word' id='word_1_347' title='bbox 1179 3470 1499 3522; x_wconf 85' lang='lat' dir='ltr'>praesumerent]</span> <span class='ocrx_word' id='word_1_348' title='bbox 1522 3477 1807 3522; x_wconf 86' lang='lat' dir='ltr'>praesumeret,</span> <span class='ocrx_word' id='word_1_349' title='bbox 1829 3472 1892 3511; x_wconf 93' lang='lat' dir='ltr'>ed.</span> <span class='ocrx_word' id='word_1_350' title='bbox 1912 3483 1972 3522; x_wconf 86' lang='lat' dir='ltr'>pr.</span> <span class='ocrx_word' id='word_1_351' title='bbox 2208 3471 2350 3526; x_wconf 85' lang='lat' dir='ltr'>quam]</span> 
     </span>
    </p>
   </div>
   <div class='ocr_carea' id='block_1_14' title="bbox 580 3521 979 3583">
    <p class='ocr_par' dir='ltr' id='par_1_14' title="bbox 580 3521 979 3583">
     <span class='ocr_line' id='line_1_44' title="bbox 580 3521 979 3583; baseline 0.01 -25"><span class='ocrx_word' id='word_1_352' title='bbox 580 3559 582 3583; x_wconf 12' lang='grc' dir='ltr'>ἵ,</span> <span class='ocrx_word' id='word_1_353' title='bbox 613 3521 815 3569; x_wconf 87' lang='lat' dir='ltr'>quoniam,</span> <span class='ocrx_word' id='word_1_354' title='bbox 837 3523 895 3562; x_wconf 85' lang='lat' dir='ltr'>ed.</span> <span class='ocrx_word' id='word_1_355' title='bbox 918 3536 979 3575; x_wconf 87' lang='lat' dir='ltr'>pr.</span> 
     </span>
    </p>
   </div>
  </div>
 </body>
</html>
