2436 4094
468 2833 495 2877 00
467 2511 496 2757 &105OEss
470 2377 496 2422 ω

469 2981 513 3025 9·

443 3114 514 3145 10.

1071 322 1703 375 CONSPECTUS.

503 516 511 525 .
551 478 742 537 Quibus
766 480 816 526 in
841 479 983 527 rebus
1009 479 1175 525 fratres
1199 478 1293 539 legi
1318 475 1493 523 Christi
1520 476 1743 524 contrarii
1770 478 1864 524 sint

505 582 513 593 .
552 546 855 608 Persequitur
879 546 1072 594 ulterius
1098 546 1294 592 fratrum
1319 545 1499 590 abusus
1554 580 1563 590 .

505 651 514 661 .
552 613 740 661 Fratres
765 614 998 661 seducunt
1021 628 1184 674 regna,
1209 626 1334 674 quae
1358 610 1576 658 incolunt

503 718 512 728 .
550 680 626 728 De
650 681 846 728 fratrum
871 681 1049 727 malitia
1076 688 1123 727 et
1147 679 1314 727 fraude
1403 715 1413 726 .
1555 716 1565 726 .
2158 716 2169 728 .

504 786 512 795 .
549 748 750 795 Domini
804 747 1094 810 temporales
1152 747 1377 809 adjuvare
1435 749 1612 797 debent
1659 746 1918 809 populares
1973 717 2144 796 contra

702 815 869 862 fratres
946 852 954 860 .

502 920 511 930 .
549 882 624 930 De
650 882 781 929 rebus
804 882 1077 938 novz’sszmz's,
1105 889 1150 928 et
1182 882 1339 944 primo
1371 882 1430 929 de
1464 882 1811 931 resurrectione
1844 889 2144 930 mortuorum

701 948 857 995 futura
952 985 961 995 .

504 1053 513 1063 .
550 1016 625 1063 De
646 1016 828 1078 judicio
853 1015 1023 1062 ultimo
1094 1052 1104 1064 .
1248 1054 1256 1064 .

503 1120 511 1130 .
549 1083 625 1130 De
650 1083 935 1144 corporibus
960 1084 1214 1132 beatorum
1241 1122 1250 1132 .

501 1188 510 1198 .
547 1150 623 1197 De
648 1151 901 1198 animabus
924 1151 1178 1199 beatorum
1239 1190 1247 1199 .

499 1255 508 1265 .
546 1217 622 1264 De
646 1219 818 1279 poenis
846 1218 1185 1266 damnatorum
1245 1256 1254 1265 .
1396 1259 1405 1268 .
1551 1258 1560 1268 .
1702 1257 1712 1267 .
1853 1257 1863 1267 .

500 1321 509 1331 .
546 1284 622 1332 De
646 1287 897 1333 beatorum
923 1288 1142 1334 sensibus
1167 1297 1266 1334 tam
1291 1289 1488 1335 internis
1514 1303 1660 1350 quam
1686 1288 1896 1336 externis

719 1574 1504 1638 SUPPLEMENTUM
1586 1579 2044 1640 TRIALOGI

1328 1781 1442 1814 SIVE

806 1921 914 1973 DE
969 1921 1450 1976 DOTATIONE
1505 1921 1966 1975 ECCLESIAE.

503 2128 512 2139 .
548 2090 795 2140 Ecclesiae
840 2092 1141 2141 dotationem
1184 2105 1212 2141 a
1254 2092 1382 2141 clero
1421 2108 1507 2155 per
1550 2092 1688 2140 nefas
1737 2099 1990 2155 acceptam
2036 2108 2144 2142 esse

701 2159 1059 2208 demonstratur

503 2263 513 2274 .
549 2225 851 2289 Argumenta
875 2243 1058 2287 eorum,
1083 2229 1165 2289 qui
1191 2197 1491 2276 dotationem
1525 2244 1554 2276 a
1578 2227 1706 2275 clero
1737 2227 1866 2290 juste
1890 2235 2143 2290 acceptam

703 2309 809 2342 esse
835 2295 1148 2349 contendunt,
1174 2296 1439 2343 refutantur

502 2399 511 2408 .
549 2360 707 2424 Leges
746 2361 806 2409 de
849 2362 1050 2411 decimis
1086 2364 1409 2478 exigendis
1373 2363 1492 2412 latas
1534 2363 1629 2425 legi
1667 2361 1845 2410 Christi
1882 2363 2146 2411 contrarias

702 2444 809 2476 CSSC

503 2532 512 2542 .
548 2495 734 2558 Papam
758 2511 864 2544 esse
890 2496 1075 2544 fontem
1099 2498 1339 2560 nequitiae
1364 2499 1525 2546 omnis
1548 2499 1599 2545 in
1623 2496 1829 2545 ecclesia
1851 2498 2056 2560 vigentis

502 2600 511 2609 .
548 2563 624 2610 De
649 2564 884 2625 religiosis
911 2566 1285 2626 possessionatis

501 2666 510 2677 .
546 2629 623 2677 De
648 2630 897 2678 ordinibus
919 2633 1299 2680 mendicantium
1405 2670 1414 2680 .

503 2735 512 2745 .
548 2697 738 2745 Fratres
770 2700 1114 2758 mendicanteS,
1142 2701 1322 2763 quippe
1354 2701 1529 2764 quibus
1563 2699 1719 2748 desint
1752 2700 1892 2762 signa
1923 2669 2144 2759 caritatiS,

702 2780 804 2813 non
839 2781 945 2814 esse
969 2766 1063 2814 Dei
1088 2767 1213 2815 filios

502 2868 511 2878 .
549 2830 777 2894 Argutiae
813 2833 876 2881 ad
910 2833 1243 2883 defendendos
1279 2834 1658 2883 mendicantium
1694 2834 1890 2883 ordines
1931 2834 2147 2896 prolatae

703 2899 1051 2962 redarguuntur
1853 2938 1864 2948 .

555 2965 824 3015 Consilium
849 2968 1066 3017 Christi'
1054 2986 1103 3016 1n
1133 2940 1406 3032 prophetia
1419 2940 1590 3018 Matth.
1618 2970 1740 3016 xxiv,
1773 2983 1833 3028 23
1862 2983 1958 3031 ssq.
1993 2983 2146 3017 enun-

703 3035 882 3083 ciatum
906 3036 968 3083 ad
992 3037 1202 3085 schisma
1229 3038 1401 3100 papale
1427 3037 1733 3085 referendum
1757 3051 1865 3084 esse
1891 3037 2094 3085 docetur
2153 3073 2165 3085 .

553 3099 629 3147 De
674 3103 887 3163 periculo
936 3105 1206 3152 animarum
1254 3106 1303 3152 in
1351 3106 1686 3168 persecutione
1733 3104 1901 3152 ultima
1947 3104 2146 3153 feliciter

705 3171 927 3219 evstando

2155 510 2436 605 :368³

2153 621 2436 688 ·373·3

2154 2172 2413 2222 .4o7⁷

2185 431 2340 467 Pneuu

2240 479 2336 538 365

2240 681 2336 742 376

2153 852 2163 863 .
2239 817 2337 877 380

2155 986 2167 998 .
2239 952 2336 1012 385

2153 1054 2164 1066 ·
2239 1019 2335 1079 389

2152 1122 2162 1134 ·
2238 1100 2335 1146 393

2155 1190 2165 1201 ·
2239 1161 2333 1213 397

2156 1257 2166 1268 .
2237 1234 2338 1278 400

2155 1324 2166 1335 .
2237 1301 2333 1345 402

2154 2333 2165 2344 .
2238 2312 2297 2356 41
2310 2313 2335 2344 2

2154 2467 2164 2478 .
2237 2442 2333 2492 417

2154 2535 2165 2546 .
2239 2514 2337 2560 423

2157 2601 2168 2613 .
2240 2568 2338 2625 428

2156 2669 2167 2680 ·
2240 2648 2337 2696 433

2155 2805 2165 2814 ·
2240 2783 2338 2830 439

2155 2938 2166 2950 ·
2239 2917 2337 2962 444

2238 3037 2336 3096 448

2156 3208 2165 3218 .
2239 3181 2334 3238 452
