2456 4088
146 463 297 499 enas.
753 447 1319 498 TRIALOGUS.
2043 455 2146 512 215

143 592 206 626 ex
229 579 516 641 ignorantia,
536 597 649 629 cum
672 582 842 630 mulier
860 583 921 632 sit
948 582 1158 640 seducta,
1180 591 1227 630 et
1250 582 1320 628 vir
1343 597 1404 629 ex
1430 581 1616 643 peccati
1640 579 1902 642 gravedine

3 651 23 735 >j
63 709 67 711 ,
143 667 218 708 est
265 660 511 724 deceptus.
597 661 803 729 Secundo
849 665 1152 727 supponitur,
1200 662 1336 726 quod
1382 663 1452 709 vir
1497 662 1585 710 iste
1632 669 1679 709 et
1722 661 1904 709 femina

71 788 78 799 ,
106 781 111 784 .
143 742 406 791 sentientes
437 752 625 792 tantam
658 761 849 808 poenae
882 746 1194 808 gravedinem
1227 746 1522 802 innovatam,
1551 751 1662 790 ante
1695 750 1904 790 mortem

143 824 486 886 poenituerunt
526 826 786 875 fructuose.
871 827 934 875 Et
974 828 1107 875 lertio
1146 826 1434 888 supponitur
1473 833 1525 872 ut
1568 840 1711 886 saepe
1756 824 1902 886 prius,

140 905 276 968 quod
316 908 683 957 nonobstante
725 918 928 971 peccato
970 909 1112 972 primi
1147 907 1375 964 hominis,
1414 905 1673 954 servanda¹
1717 905 1804 954 sit2
1841 921 1902 953 ex

141 986 332 1050 integro
351 989 534 1051 justitia
556 990 866 1038 inconcussa.

209 1069 323 1118 Istis
358 1071 622 1134 suppositis
656 1072 840 1130 dicitur,
878 1070 1012 1134 quod
1048 1086 1249 1120 necesse
1285 1069 1373 1133 fuit
1407 1069 1628 1117 Verbum
1661 1068 1905 1116 divinum³

139 1151 393 1210 incarnari,
443 1153 557 1215 quia
603 1169 804 1201 necesse
852 1153 939 1200 fuit
985 1168 1142 1215 genus
1190 1152 1461 1198 humanum
1510 1150 1681 1198 salvari
1723 1151 1773 1197 in
1815 1165 1903 1198 suo

138 1233 393 1296 principio,
416 1234 553 1296 juxta
586 1235 997 1297 suppositionem4
1029 1234 1322 1293 secundam;
1349 1241 1397 1280 et
1438 1233 1607 1280 salvari
1637 1247 1741 1280 non
1765 1240 1902 1294 pote-

138 1323 227 1373 rat,
269 1314 361 1362 nisi
411 1314 631 1364 Christus
672 1316 840 1365 fuisset
881 1318 1184 1375 incarnatus;
1237 1315 1348 1362 ideo
1390 1314 1603 1377 sequitur
1647 1315 1901 1361 intentum.

142 1394 324 1444 Salvari
364 1397 564 1459 quidem
605 1399 819 1460 oportuit
867 1399 1000 1446 illum
1046 1398 1315 1455 hominem,
1353 1411 1466 1444 cum
1513 1403 1616 1442 tam
1660 1394 1903 1443 fructuose

139 1478 392 1541 poenituit,
418 1487 466 1527 et
490 1478 627 1527 Deus
653 1495 756 1527 non
780 1488 941 1542 potest
965 1495 1144 1542 negare
1178 1494 1316 1526 suam
1341 1477 1725 1526 misericordiam
1749 1477 1904 1524 taliter

137 1560 421 1622 poenitenti.
490 1561 556 1608 Et
587 1577 700 1609 cum
728 1562 867 1624 juxta
901 1561 1291 1624 suppositionem
1322 1560 1512 1607 tertiam
1545 1566 1738 1622 oportet
1771 1558 1904 1620 quod

0 1694 9 1714 ὲ
47 1651 58 1654 ’
136 1639 224 1690 fiat
249 1641 513 1690 satisfactio
538 1657 631 1705 pro
653 1651 871 1705 peccam,
896 1643 1008 1690 ideo
1042 1651 1248 1705 oportet,
1276 1642 1410 1704 quod
1435 1641 1552 1688 illud
1583 1641 1715 1688 idem
1747 1655 1925 1702 genus-⁴

136 1722 352 1772 hominis
385 1731 573 1772 tantum
615 1724 874 1783 satisfaciat
910 1731 1147 1787 quantum
1183 1724 1232 1770 in
1274 1723 1577 1786 protoplasto
1621 1722 1902 1784 deliquerat,

138 1805 273 1867 quod
299 1805 477 1863 ,nullus
523 1805 675 1853 homo
717 1805 876 1853 facere
918 1814 1121 1868 poterat,
1165 1806 1257 1852 nisi
1301 1805 1442 1852 simul
1484 1804 1634 1852 foret⁵
1673 1803 1809 1850 Deus
1852 1811 1903 1851 et

137 1886 305 1935 homo.
376 1886 554 1936 Omnis
586 1889 718 1934 enim
751 1887 870 1934 alius
902 1887 1054 1934 homo
1090 1902 1193 1934 non
1226 1886 1413 1934 suffecit
1438 1901 1498 1933 ex
1524 1901 1574 1933 se
1600 1885 1662 1933 ad
1687 1885 1905 1933 satisfac-

137 1969 327 2016 tionem
344 1983 434 2031 pro
458 1969 658 2031 proprio
682 1976 886 2030 peccato
912 1969 1162 2030 attingere,
1183 1968 1436 2030 quomodo
1462 1982 1580 2029 ergo
1609 1966 1904 2015 satisfaceret

136 2064 229 2113 pro
263 2056 369 2097 toto
406 2064 495 2097 suo
528 2050 741 2112 genere?
813 2049 937 2108 Quis
973 2065 1097 2112 rogo
1133 2050 1292 2112 potuit
1328 2050 1390 2096 ad
1426 2057 1613 2096 tantum
1648 2048 1901 2106 humiliari,

137 2130 260 2179 sicut
298 2129 464 2179 Adam
500 2131 800 2194 superbivit?
871 2130 1000 2179 Cum
1042 2132 1173 2179 enim
1220 2131 1297 2178 ille
1346 2131 1608 2194 superbivit
1655 2131 1902 2193 implicite,

135 2211 392 2275 implicans
427 2227 479 2261 se
515 2213 578 2260 ad
616 2213 956 2276 aequalitatem
991 2213 1086 2261 Dei
1122 2213 1371 2276 attingere,
1410 2213 1524 2276 quia
1559 2213 1815 2260 innuebat⁶
1852 2227 1902 2260 se

137 2309 241 2343 non
259 2293 436 2342 debere
459 2293 692 2342 mandato
711 2293 832 2342 Dei⁷
850 2295 1062 2352 obedire,
1083 2302 1216 2357 patet
1240 2295 1376 2358 quod
1400 2295 1616 2357 oportuit
1639 2309 1903 2357 personam

137 2375 513 2425 satisfacientem
538 2391 567 2424 a
589 2383 726 2424 tanto
758 2377 914 2438 gradu
948 2377 1251 2425 exaltationis
1277 2377 1542 2424 humilitate
1573 2376 1899 2434 descendere;

136 2456 224 2506 sed
245 2457 331 2504 ubi
353 2456 476 2505 foret
498 2457 578 2505 illa
599 2458 794 2520 paritas,
820 2459 926 2517 nisi,
953 2459 1075 2507 sicut
1096 2459 1248 2507 homo
1267 2474 1371 2506 non
1394 2458 1530 2506 Deus
1556 2458 1898 2520 aequalitatem

135 2537 339 2610 Domini
378 2540 735 2601 praesumebat,
780 2540 847 2588 sic
889 2540 1042 2588 homo
1084 2539 1238 2593 Deus>
1264 2541 1325 2587 ab
1372 2540 1659 2601 aequalitate
1703 2539 1797 2586 Dei
1841 2540 1903 2587 ad

137 2619 456 2668 humilitatem
502 2619 716 2668 hominis
764 2620 1126 2669 descendisset?
1204 2620 1325 2669 Ideo
1374 2621 1487 2668 dicit
1534 2622 1785 2682 apostolus
1833 2621 1896 2668 ad

137 2700 259 2749 Phil.
294 2700 383 2759 ii.⁸‚
419 2702 555 2764 quod
591 2701 812 2750 Christus
849 2703 1196 2764 ‘semetipsum
1232 2702 1495 2749 exinanivit
1534 2701 1743 2748 formam
1781 2703 1902 2748 servi

135 2782 438 2846 accipiens⁹.'
510 2781 798 2831 Notandum
831 2791 996 2830 tamen
1022 2783 1106 2831 tibi
1133 2791 1220 2840 est,
1246 2783 1380 2844 quod
1404 2784 1735 2844 praesumptio
1759 2784 1926 2845 primi

135 2863 350 2912 hominis
390 2879 528 2912 more
570 2864 783 2912 criminis
824 2864 913 2911 fuit
953 2864 1088 2921 falsa,
1127 2863 1213 2911 sed
1249 2865 1515 2926 assumptio
1557 2871 1605 2910 et
1640 2864 1900 2912 minoratio

138 2944 317 3002 Christi
327 2945 364 2973 ¹⁰
387 2945 588 2994 secundi
612 2945 834 3015 hominis⁴
850 2945 938 2993 fuit
962 2946 1102 2993 realis
1135 2954 1182 2993 et
1206 2961 1329 2992 vera.
1402 2944 1688 2992 Notandum
1722 2953 1794 2992 est
1818 2947 1901 2994 tibi

136 3027 371 3086 secundO,
415 3026 550 3096 quod
592 3027 679 3075 iste
722 3027 965 3075 secundus
1014 3027 1167 3075 homo
1214 3042 1316 3074 non
1365 3026 1585 3084 cadebat,
1630 3027 1752 3074 sicut
1799 3041 1901 3074 non

135 3109 308 3173 potuit,
345 3124 375 3157 a
410 3108 568 3157 forma
603 3108 805 3166 deitatis,
844 3124 956 3156 cum
992 3123 1094 3156 non
1130 3116 1289 3171 potest
1325 3122 1431 3156 esse
1475 3107 1704 3155 accidens
1744 3108 1899 3165 alicui,

135 3190 223 3240 sed
246 3190 325 3239 illa
355 3198 541 3240 servata
572 3190 925 3239 humanitatem
958 3191 1233 3253 assumpsit,
1259 3204 1386 3252 quae
1419 3189 1528 3237 licet
1561 3188 1748 3236 fuerit¹¹
1772 3190 1823 3236 in
1848 3204 1899 3237 se

189 3334 204 3359 ¹
233 3333 451 3386 servanda]
473 3333 690 3379 servando,
714 3334 761 3372 B.
1009 3333 1024 3355 ²
1053 3333 1126 3384 sit]
1148 3333 1238 3378 fuit,
1258 3333 1322 3372 ed.
1343 3345 1404 3384 pr.
1652 3333 1667 3356 ³
1694 3332 1897 3384 divinum]

134 3387 323 3434 Domini,
343 3387 410 3428 ed.
428 3401 491 3440 pr.
677 3388 691 3409 ⁴
721 3387 1067 3439 suppositionem]
1085 3387 1347 3439 positionem,
1368 3387 1431 3432 C.,
1452 3386 1499 3426 B.
1522 3387 1722 3426 secundae
1741 3399 1896 3426 manus.

133 3442 150 3466 ³
176 3441 303 3495 foret]
333 3441 465 3488 fuerit,
488 3441 563 3487 D.;
601 3441 745 3486 fuerat,
775 3441 838 3480 ed.
868 3454 929 3493 pr.
1203 3441 1219 3464 ⁶
1248 3440 1463 3492 innuebat]
1493 3442 1712 3487 annuebat,
1743 3441 1897 3481 A.B.C.

133 3495 150 3519 ⁷
178 3496 280 3548 Dei]
310 3496 495 3542 Domini,
515 3496 562 3534 B.
583 3496 740 3548 primae
759 3507 916 3541 manus,
936 3495 999 3535 ed.
1020 3509 1082 3549 pr.
1411 3494 1426 3518 ⁸
1455 3494 1508 3534 ad
1529 3494 1634 3534 Phil.
1654 3494 1717 3547 ii.]
1739 3508 1821 3534 om.
1844 3494 1898 3534 D.

135 3550 158 3644 Ξ
180 3549 356 3644 songiam
371 3550 476 3590 servi
492 3549 716 3603 accipiens]
737 3562 820 3590 om.
842 3549 905 3589 ed.
927 3562 987 3601 pr.
1100 3551 1129 3574 ¹⁰
1159 3548 1334 3600 Christi]
1352 3561 1435 3589 om.
1449 3548 1513 3589 ed.
1528 3561 1587 3601 pr.
1702 3550 1727 3573 ¹¹
1758 3548 1896 3601 fuerit]
2243 3602 2248 3638 1

153 3603 228 3651 uit,
303 3635 311 3644 .
332 3617 394 3657 pr.
2244 3641 2247 3658 ἲ
