2424 4120
210 438 274 463 ,a
325 411 1138 465 SUPPLEMENTUM
1188 415 1680 480 TRJALOGJ.
2004 432 2111 487 455

71 550 309 614 ficantur,
345 561 459 597 cum
492 548 649 597 verbis
684 548 864 607 dicunt,
902 549 1038 613 quod
1072 550 1123 598 in
1146 549 1240 598 Dei
1277 552 1491 611 nomine,
1527 567 1674 615 quem
1710 553 1871 602 habeo

88 627 372 698 stass-namet
417 644 535 693 prae
581 630 748 689 oculis,
796 630 923 679 facio
970 631 1099 679 istud
1152 632 1389 695 judicium
1441 642 1489 682 et
1541 634 1751 682 decerno
1797 635 1875 683 isti

90 700 364 780 ,fsper‘sonae
409 711 643 760 ecclesiae
688 712 815 760 istud
861 713 1167 760 beneficium.
1256 712 1353 761 Sed
1399 715 1451 762 in
1497 716 1723 763 omnibus
1770 716 1874 764 istis

87 788 253 845 {md
275 791 590 842 daemonium
620 793 768 842 habet
801 795 999 843 oculum
1031 795 1083 842 in
1116 795 1298 844 directo
1331 797 1503 844 intuitu
1529 797 1642 845 solis
1663 798 1873 860 justitiae

114 872 464 923 tenebratum&
535 874 637 924 Ista
670 877 943 939 persecutio
967 886 1138 939 quarta
1173 877 1223 924 in
1257 876 1434 925 latente
1466 877 1743 926 infidelitate
1769 878 1873 926 Ro-

83 953 255 1005 *mam
277 955 495 1019 episcopi
526 956 735 1005 ereditur
763 973 871 1006 esse
902 958 1082 1016 ultima,
1107 973 1233 1022 quae
1267 959 1453 1007 eveniet
1488 959 1719 1008 ecclesiae
1750 960 1872 1007 mili-

87 1036 253 1103 stanti.
324 1036 423 1086 Sed
447 1038 509 1087 de
541 1039 645 1103 ejus
676 1039 977 1090 durabilitate
1009 1048 1058 1089 et
1089 1041 1294 1089 acuitate
1328 1041 1534 1103 graviter
1565 1043 1869 1105 pertimesco.

81 1114 173 1174 'fii
192 1118 328 1167 enim
361 1119 585 1184 discipuli
619 1122 884 1171 antichristi
919 1130 1222 1185 congregent
1257 1130 1304 1171 et
1340 1122 1603 1171 defendant
1639 1131 1871 1187 tanquam

94 1206 265 1266 &eaput
286 1201 518 1251 ecclesiae
541 1218 692 1252 unam
714 1213 901 1267 partem
929 1205 1066 1253 istius
1098 1205 1410 1267 apostematis
1443 1204 1540 1252 sie²
1565 1205 1755 1268 dirupti,
1781 1206 1871 1253 alia

76 1281 80 1285 ’
98 1291 231 1347 pars
273 1281 537 1332 antichristi
582 1283 812 1334 defendat
852 1285 995 1333 aliam
1041 1293 1243 1348 partem,
1286 1300 1584 1334 venenosam
1630 1286 1870 1334 haeresim

113 1363 330 1428 priorem
361 1364 414 1414 in
447 1367 800 1430 spongiositate
837 1383 951 1416 suae
985 1368 1157 1430 prioris
1187 1368 1432 1430 voraginis
1468 1375 1867 1430 congregantem,

79 1452 232 1503 mc
264 1449 500 1513 quamdiu
533 1450 645 1499 Deo
682 1451 929 1514 placuerit,
960 1452 1319 1500 continuabitur
1352 1451 1447 1499 hoc
1482 1459 1707 1514 quartum
1741 1451 1868 1514 peri-

29 1551 32 1554 ’
78 1527 291 1600 ’σιώπα
360 1529 425 1578 Et
459 1546 521 1579 ex
557 1533 1006 1596 superhabundanti
1043 1532 1228 1581 cautela
1264 1532 1443 1581 diaboli
1468 1532 1634 1581 seduci
1663 1541 1868 1595 possunt

107 1624 254 1674 reges
284 1612 528 1676 principes
560 1621 609 1662 et
640 1614 718 1662 alii
743 1615 984 1663 seculares
1013 1613 1238 1671 domini³,
1264 1629 1377 1663 cum
1408 1614 1585 1663 nostris
1609 1614 1866 1676 episcopiS‚

66 1701 72 1759 ’ἱ
110 1688 224 1757 qui⁴
262 1693 491 1743 occidant
532 1696 757 1745 atrociter
803 1696 983 1745 multos
1024 1696 1270 1744 veritatem
1311 1695 1641 1757 evangelicam
1683 1696 1735 1742 in
1775 1695 1867 1743 ista

55 1773 82 1820 fs
106 1775 312 1824 materia
352 1777 758 1840 promulgantes⁶.
827 1777 890 1826 Et
934 1777 1068 1840 quod
1108 1777 1265 1840 magis
1306 1777 1471 1835 time0,
1507 1776 1865 1839 pseudofratres

0 1872 4 1896 2
104 1863 224 1905 sunt
245 1857 390 1920 proni
411 1872 500 1920 per
518 1873 607 1906 sua
630 1858 920 1908 scandalosa
942 1859 1198 1907 mendacia
1223 1858 1286 1906 ad
1308 1858 1698 1922 persecutionem
1722 1858 1864 1906 istam

57 1910 78 2013 ἶ
104 1937 315 1988 subdole
342 1936 672 2002 promovere⁶.
746 1939 845 1989 Sed
879 1941 1101 1989 solamen
1133 1940 1348 1988 fidelium
1373 1948 1461 1998 est,
1486 1939 1620 2003 quod
1646 1939 1864 1988 Christus
1922 1955 1964 1983 s0
1922 1955 2023 2018 „333
2022 1959 2130 2031 ffid
2111 1990 2183 2018 num

41 2018 59 2026 ”
69 2019 280 2080 hinnit,
321 2020 504 2071 electos
545 2036 662 2071 suos
708 2038 812 2071 non
857 2037 1006 2086 posse
1048 2022 1214 2071 seduci
1255 2023 1307 2070 in
1347 2023 1440 2071 isto
1483 2023 1546 2070 ab
1587 2022 1866 2085 evangelica
1922 2031 2034 2059 mpen
2008 2024 2104 2053 τίσω]
2113 2025 2171 2053 ³1¹⁰·

27 2093 35 2097 ’
86 2098 320 2152 veritate.
391 2101 521 2153 Cum
544 2119 663 2168 ergo
689 2105 823 2168 prius
846 2104 1121 2168 praedictus
1144 2103 1358 2167 psalmus
1377 2091 1611 2167 promittit
1630 2103 1864 2163 fidelibus,

105 2183 245 2248 quod
279 2187 293 2210 ‘
308 2191 446 2234 scuto
481 2185 801 2235 circumdabit
833 2195 881 2236 te
916 2187 1088 2235 veritas
1124 2186 1228 2249 ejus
1237 2186 1284 2244 ⁷,'
1318 2200 1561 2234 armemus
1595 2200 1688 2233 nos
1727 2193 1865 2234 scuto

56 2278 68 2331 ᾗ·
106 2261 224 2315 ndei
257 2266 580 2330 evangelicae,
604 2275 652 2316 et
688 2282 792 2315 non
829 2268 996 2317 dubito
1032 2268 1151 2331 quin
1186 2275 1375 2316 astante
1401 2283 1488 2330 spe
1523 2267 1679 2316 finalis
1703 2283 1864 2331 perse—

59 2372 75 2390 s
95 2345 352 2397 lvetantiae
376 2348 690 2398 salvabimur⁸
713 2351 778 2398 ab
800 2350 980 2398 insultu
1002 2350 1146 2413 hujus
1170 2349 1326 2412 quarti
1348 2349 1560 2411 periculi.
1628 2348 1679 2396 Si
1703 2357 1865 2397 autem

67 2478 69 2482 ,
104 2426 330 2480 Christus
367 2430 483 2480 dicit
517 2431 570 2479 in
604 2431 859 2495 evangelio
898 2431 1134 2480 Matthaei
1170 2447 1217 2480 x.
1256 2435 1267 2456 ‘
1283 2431 1368 2494 qui
1406 2438 1537 2479 amat
1574 2431 1721 2479 etiam
1762 2432 1864 2480 ani-

105 2524 242 2585 mam
276 2527 417 2562 suam
450 2513 561 2577 plus
591 2528 740 2576 quam
763 2528 858 2572 me,
884 2527 986 2560 non
1018 2521 1090 2561 est
1119 2528 1198 2561 me
1231 2510 1434 2575 dignuS,'
1460 2520 1508 2561 et
1539 2512 1617 2560 ille
1643 2511 1864 2561 Christus

46 2615 59 2635 τ
99 2602 179 2645 eet
217 2595 392 2645 veritas
433 2595 727 2659 evangelica,
763 2603 1016 2644 teneamus
1058 2602 1338 2643 constanter
1370 2594 1618 2642 veritatem
1653 2609 1862 2657 evange-

43 2674 46 2678 ’
78 2664 275 2738 Δ1ἰ<>ε.ῐιι,’
298 2685 348 2727 et
381 2677 499 2727 salvi
534 2693 592 2727 ac
627 2677 762 2741 digni
798 2678 975 2725 erimus
1012 2677 1088 2725 isti
1121 2675 1252 2740 Jesu.
1326 2675 1376 2724 Si
1415 2682 1577 2724 autem
1611 2675 1862 2738 apostolus

58 2746 59 2749 ¹
102 2758 275 2809 ‘evitat’
297 2775 361 2808 ex
378 2759 476 2809 fide
501 2759 754 2818 catholiea,
774 2758 910 2822 quod
934 2759 994 2806 sit
1017 2756 1300 2806 onerosus¹⁰
1322 2756 1568 2816 ecclesiae,
1587 2772 1675 2820 per
1698 2757 1861 2806 locum

54 2843 57 2845 ’
97 2856 137 2893 ⁴⁸
167 2843 423 2893 sufficienti
456 2842 765 2893 similitudine
789 2842 989 2905 quilibet
1021 2841 1372 2890 ecclesiasticus
1397 2841 1541 2889 debet
1565 2839 1692 2888 istud
1715 2855 1860 2889 vene-

45 2916 61 2953 ’Ῠ
103 2938 226 2977 num
242 2932 476 2989 tanquam
494 2923 789 2974 diabolumll
808 2923 999 2981 evitare,
1015 2930 1063 2971 et
1080 2938 1167 2986 per
1185 2937 1494 2985 consequens
1512 2922 1859 2986 pseudopapae

30 3053 34 3057 .
102 3013 155 3056 et
186 3006 550 3071 pseudofratres
591 3021 706 3055 curn
745 3013 849 3054 tota
888 3004 1151 3053 antichristi
1192 3005 1379 3067 integra
1420 3003 1705 3063 duodenam,
1745 3019 1859 3053 cum
1940 2992 1946 2998 ἃ

43 3078 58 3143 ⁵3:
104 3085 204 3138 nint
219 3094 323 3137 tam
340 3087 538 3137 onerosi
561 3087 807 3147 ecclesiae,
828 3086 1008 3136 debent
1026 3094 1261 3149 tanquam
1283 3084 1460 3134 diaboli
1484 3099 1597 3134 cum
1615 3084 1714 3134 suis
1738 3099 1856 3134 con-

57 3244 61 3262 ³
156 3235 174 3262 ¹
201 3234 481 3288 tenebratum]
501 3235 775 3282 tenebrarum,
795 3235 845 3277 C.
1020 3233 1037 3258 ²
1065 3233 1143 3287 sic]
1165 3233 1281 3280 sicut,
1301 3246 1338 3274 a.
1341 3234 1382 3274 b.
1385 3233 1434 3275 C.
1612 3231 1855 3273 ⁸seculases

50 3299 54 3329 ῐ
104 3288 286 3343 domini]
305 3289 465 3331 domini
482 3289 722 3337 saeculares,
743 3291 793 3332 C.
985 3287 1117 3342 *qui]
1139 3288 1262 3351 quod,
1284 3289 1332 3329 C.
1479 3286 1851 3340 ‘promulgantefl

43 3347 64 3398 ’γ
102 3343 412 3398 provulgata,
431 3345 482 3386 C.
689 3343 1028 3398 ⁶promovere]
1018 3357 1043 3384 1.
1052 3357 1087 3384 e.
1106 3343 1228 3396 proni
1249 3347 1344 3383 sunt
1363 3342 1417 3382 ad
1436 3341 1761 3395 persecutionem
1780 3354 1853 3394 per

44 3397 68 3443 ζ
103 3398 322 3440 mendacia
341 3397 516 3439 subdole
532 3399 870 3452 promovendam.
1034 3398 1050 3421 ⁷
1078 3397 1130 3438 cf.
1152 3398 1216 3437 Ps.
1236 3397 1312 3437 xci.
1334 3409 1372 3448 4.
1538 3396 1554 3420 ⁸
1582 3395 1850 3448 salvabimur]

62 3481 66 3485 -
102 3451 176 3500 dc,
195 3452 251 3493 A.
269 3452 473 3494 secundae
490 3465 657 3500 manus;
687 3452 923 3499 salvabitur,
945 3452 998 3492 A.
1022 3451 1179 3505 primae
1197 3464 1355 3498 manuS,
1376 3450 1508 3491 a...bC
1624 3450 1641 3474 ⁹
1670 3450 1853 3490 evitat—-

46 3510 58 3547 ζ’
102 3505 236 3588 guod]
255 3506 284 3547 i.
291 3519 328 3548 e.
348 3512 478 3554 cavet,
497 3519 573 3554 ne;
603 3507 654 3549 cf.
678 3519 699 3547 2
722 3508 819 3549 Cor.
838 3507 892 3548 xi.
913 3519 953 3560 9.
1299 3505 1331 3529 ¹⁰
1360 3503 1576 3558 onerosus]
1596 3517 1780 3552 aurosus,
1800 3505 1851 3547 C.

42 3563 45 3570 '
161 3559 397 3615 diabolum]
415 3537 679 3609 diabolicum,
694 3562 744 3604 C.
910 3560 942 3585 ¹²
969 3560 1020 3602 cf.
1041 3572 1164 3614 supra
1183 3572 1218 3601 c.
1233 3558 1272 3600 6.
1293 3559 1370 3600 sub
1389 3558 1524 3601 finem.
