2462 4114
27 402 85 497 ἰὴ
127 441 280 478 «κω.
718 423 1142 476 TRIALOG
1172 427 1291 477 σε.
2007 429 2115 499 383

20 615 21 619 Ἰ
80 579 82 581 ·
126 554 327 612 “edant
347 556 494 609 nimis
516 556 715 606 faciliter
737 557 874 605 omni
897 558 1133 621 spiritui¹;
1172 562 1259 610 sed
1282 563 1462 612 debent
1485 565 1762 612 examinare
1785 578 1871 613 eos
1928 568 2062 630 {³333
2071 570 2191 637 Effigi-

35 665 78 703 21
123 636 194 689 α’,
214 651 278 687 ex
317 635 429 686 Deo
470 645 597 696 sunt,
638 637 774 700 quod
813 646 887 686 est
927 641 1128 689 seculari
1170 644 1283 692 satis
1325 644 1476 703 facile,
1519 660 1632 693 cum
1674 645 1871 694 faciliter
1928 637 2148 699 ξιῖιῗῗῶῖἳῗέι

124 717 294 783 pondtr
311 733 342 767 a
374 717 519 769 fratre
553 733 782 782 quaerere
818 733 879 766 ex
913 721 1193 771 testimonio
1227 725 1373 773 totius
1409 734 1567 774 sectae
1605 741 1720 774 suae
1758 742 1871 774 cum

25 804 29 814 ⁵
68 853 78 867 b
123 798 284 863 dgillo
319 814 411 849 suo
444 801 710 858 communi,
735 800 853 864 quid
885 801 944 849 sit
975 801 1133 851 hostia
1165 814 1463 855 consecrata.
1531 807 1593 854 In
1625 822 1725 870 quo
1759 823 1872 855 cum

124 878 271 931 stater
304 874 622 931 necessitatur
654 881 860 938 mentiri,
894 889 1027 944 patet
1062 885 1197 946 quod
1232 886 1458 935 secularis
1494 888 1720 937 dominus
1754 904 1873 937 con-

16 967 18 969 ’
125 961 326 1019 moeris
348 962 505 1012 fratris
527 962 840 1013 mendacium
864 965 915 1013 in
945 966 1146 1012 materia
1169 965 1281 1014 fidei
1313 967 1456 1016 debet
1480 970 1682 1018 omnino
1714 971 1875 1033 ipsum

60 1049 69 1057 “’
125 1042 358 1107 repellere
387 1051 442 1094 ut
473 1052 767 1107 suspectum.
845 1045 978 1094 Nam
1009 1046 1060 1093 in
1092 1061 1181 1094 suo
1213 1049 1426 1110 generali
1466 1051 1672 1098 concilio
1711 1051 1875 1099 decre-

13 1182 15 1186 ,
50 1142 57 1148 ‘¹
72 1164 85 1191 s·
124 1133 310 1184 rerunt,
351 1126 474 1175 sicut
513 1133 563 1175 et
603 1126 828 1176 doctores
870 1128 943 1177 sui
984 1143 1014 1176 a
1053 1135 1272 1191 tempore
1313 1145 1413 1193 quo
1457 1130 1876 1180 Christianismum

63 1193 71 1206 s
122 1206 515 1267 subintroierunt,
539 1209 676 1271 quod
698 1209 789 1258 ista
810 1209 997 1258 hostia2
1021 1210 1082 1257 sit
1113 1211 1339 1259 accidens
1376 1213 1480 1261 sine
1514 1214 1756 1277 subjecta⁸
1788 1213 1878 1262 sibi

55 1343 57 1346 ,
124 1289 393 1339 substantia
414 1286 540 1338 sive⁴
561 1290 694 1348 nihil,
719 1291 855 1352 quod
879 1293 919 1339 si
953 1291 1081 1340 istud
1113 1302 1412 1352 consecrant,
1441 1295 1607 1343 dicunt
1643 1294 1879 1343 dominis⁶

123 1384 268 1422 suam
288 1369 529 1419 haeresim
552 1371 822 1430 manifeste,
848 1388 961 1420 cum
986 1388 1089 1420 non
1113 1374 1271 1421 solum
1297 1375 1476 1424 debent
1513 1377 1671 1424 dicere
1705 1391 1878 1425 conse-

124 1459 344 1516 quenter,
364 1452 500 1515 quod
516 1452 609 1501 ista
625 1452 786 1501 hostia
802 1468 904 1502 non
929 1455 1084 1516 possit
1101 1470 1209 1503 esse
1232 1458 1373 1518 panis
1391 1458 1465 1505 vel
1490 1472 1667 1520 corpus
1686 1457 1877 1506 Christi.

8 1527 11 1532 ’
43 1539 54 1560 ·’
126 1531 228 1583 Sed
265 1541 320 1584 ut
359 1541 489 1582 certe
530 1535 634 1583 scio
676 1550 851 1583 omnes
891 1535 1062 1584 fratres
1100 1537 1270 1585 mundi
1310 1553 1412 1586 non
1456 1547 1667 1601 possunt
1702 1539 1878 1586 docere

10 1607 14 1642 5
38 1646 61 1683 .‘·
124 1614 353 1679 aliquem,
377 1631 471 1665 nec
494 1631 547 1665 se
570 1617 719 1680 ipsos,
743 1617 861 1679 quid
885 1618 944 1666 sit
968 1618 1085 1667 illud
1109 1619 1338 1668 accidens
1364 1621 1467 1668 sine
1493 1621 1726 1684 subject0‚
1746 1621 1880 1683 quod

35 1694 39 1698 ’
125 1697 197 1750 sic
220 1706 512 1748 consecrant
533 1706 582 1747 et
606 1698 825 1747 adorant.

128 1819 131 1823 .
195 1777 527 1829 considerent
561 1794 680 1843 ergo
704 1780 755 1828 hi
780 1780 967 1828 domini
991 1780 1105 1828 illud
1128 1782 1315 1844 psalmi,
1340 1784 1423 1830 ubi
1450 1782 1651 1845 Spiritus
1678 1783 1881 1831 Sanctus

124 1859 298 1912 diffinit
319 1875 406 1924 per
423 1869 647 1910 sanctum
663 1861 837 1920 David,
861 1862 997 1925 quod
1020 1862 1070 1910 hi
1093 1862 1379 1911 habitabunt
1402 1873 1638 1926 tanquam
1661 1866 1880 1913 membra

123 1941 178 1993 in
199 1942 512 1991 tabernaculo
535 1943 770 1992 ecclesiae
794 1943 1065 1992 militantis⁶
1092 1953 1139 1992 et
1157 1946 1463 2007 requiescent
1488 1947 1806 2008 postmodum
1830 1948 1879 1994 in

17 2011 35 2052 ἷ-
122 2031 292 2074 monte
327 2024 559 2075 ecclesiae
593 2024 970 2088 triumphantis⁷,
1004 2026 1056 2073 in
1088 2027 1263 2089 quibus
1300 2027 1605 2076 conditiones
1639 2029 1759 2076 istae
1794 2043 1880 2091 per

123 2106 349 2159 ordinem
367 2115 480 2160 sunt
498 2108 798 2170 completae:
834 2108 994 2170 primo
1013 2109 1150 2171 quod
1170 2113 1181 2134 ‘
1200 2109 1531 2171 ingrediantur
1549 2109 1653 2157 sine
1673 2110 1877 2157 macula'

0 2179 40 2250 ‘231-
74 2253 86 2258 „
125 2187 178 2237 in
201 2195 330 2238 statu
353 2188 514 2238 debite
537 2188 813 2248 militandi⁸,
838 2204 868 2237 a
891 2205 990 2253 quo
1015 2198 1200 2252 puncto
1223 2190 1390 2239 fratres
1421 2199 1469 2239 et
1493 2191 1678 2239 cuncti⁹
1706 2191 1877 2254 Symo-

75 2263 77 2266 ⁴
124 2269 253 2319 niaci
274 2277 494 2332 patenter
516 2269 772 2331 deficiunt;
809 2271 1028 2320 secundo
1062 2271 1195 2334 quod
1218 2272 1385 2330 viator,
1411 2280 1674 2335 postquam
1705 2281 1881 2320 statum

35 2344 38 2346 ’
123 2348 260 2399 illum
287 2350 546 2409 intraverit,
571 2351 765 2399 assidue
791 2355 803 2377 ‘
819 2359 1045 2414 operetur
1063 2352 1297 2415 justitiam
1311 2353 1339 2411 ;’
1383 2361 1431 2400 et
1454 2353 1578 2401 inter
1599 2353 1717 2401 alias
1745 2354 1881 2416 justi-

2 2435 8 2443 ⁴
55 2464 57 2469 -
118 2431 216 2480 ‘tias
238 2429 493 2480 hominem
511 2432 678 2494 Juvare
701 2433 980 2495 proximum
999 2448 1143 2481 suum
1168 2433 1398 2495 spirituali
1419 2434 1665 2496 juvamine
1689 2442 1762 2482 est
1785 2450 1883 2482 una

67 2537 89 2553 «
124 2512 400 2576 praecipua,
419 2527 533 2560 cum
557 2513 617 2560 sit
640 2513 883 2575 singulare
907 2528 1034 2576 opus
1056 2514 1432 2572 misericordiae,
1459 2514 1521 2562 ad
1545 2515 1680 2577 quod
1705 2530 1881 2562 omnes

125 2592 351 2642 homines
375 2593 651 2657 obligantur
663 2610 678 2654 ;
714 2595 856 2642 tertio
880 2594 1015 2656 quod
1039 2595 1098 2643 sit
1121 2609 1265 2642 verax
1274 2594 1311 2621 ¹⁰
1335 2610 1438 2642 non
1470 2595 1600 2642 nude
1631 2596 1683 2642 in
1710 2595 1881 2653 verbiS,

15 2726 18 2727 a
127 2675 216 2726 sed
238 2675 422 2734 animo,
446 2675 722 2739 cujusmodi
744 2682 818 2723 est
841 2675 995 2723 viator
1021 2679 1032 2700 ‘
1049 2675 1132 2737 qui
1155 2675 1365 2737 loquitur
1388 2676 1636 2723 veritatem
1660 2676 1710 2722 in
1735 2676 1882 2724 corde

126 2754 264 2816 81103'
311 2763 361 2804 et
394 2763 582 2819 quart0,
614 2756 751 2819 quod
782 2771 885 2804 non
911 2753 1116 2818 ‘lingua’
1149 2756 1264 2804 vel¹¹
1301 2756 1511 2804 sensibili
1544 2755 1789 2818 colloquio
1823 2756 1883 2804 sit

7 2830 40 2897 ‘⁴3'sp
126 2837 362 2887 ‘dolosus
375 2836 405 2898 ς’
454 2837 625 2900 quinto
657 2837 791 2899 quod
824 2841 836 2862 ‘
853 2852 956 2885 non
980 2838 1228 2900 injurietur
1250 2836 1509 2900 proximo,'
1534 2838 1883 2899 veldcorporale
1948 2856 1953 2862 “

0 2966 5 2973 ,
128 2918 398 2969 subsidium
429 2918 506 2966 vel
537 2918 793 2981 spirituale,
819 2918 953 2981 quod
982 2919 1138 2980 magis
1162 2927 1236 2967 est
1268 2919 1499 2977 debitum,
1526 2918 1880 2977 subtrahendo;

3 3025 14 3029 2
31 3035 46 3056 -s
91 3059 93 3061 ,
128 3007 271 3050 sexto
305 3001 390 3063 qui
424 3014 528 3048 non
563 3007 783 3062 acceptat
819 3008 866 3048 et
898 3014 999 3047 non
1034 2999 1184 3048 credit
1219 3000 1540 3063 obpropriosa
1574 3001 1720 3048 verba
1755 3000 1885 3048 dicta

129 3081 191 3132 de
227 3082 347 3141 aliis,
381 3082 654 3145 cujusmodi
692 3082 943 3144 potissime
979 3089 1091 3129 sunt
1126 3082 1340 3140 crimina,
1374 3081 1498 3129 ἰΠεε12
1529 3095 1630 3129 non
1666 3081 1885 3143 accipit¹⁸

187 3189 204 3214 ¹
232 3189 299 3231 Cf.
322 3201 340 3229 1
364 3189 460 3243 Joh.
480 3189 534 3229 iv.
558 3199 594 3229 1.
676 3188 693 3212 ²
719 3188 874 3242 hostia]
891 3194 1141 3235 consecrata,
1154 3190 1230 3229 ins.
1246 3190 1310 3229 ed.
1325 3202 1387 3242 pr.
1469 3187 1486 3211 ⁸
1513 3188 1713 3240 subjecta]
1730 3187 1882 3239 subjee-

129 3247 230 3291 uta,
253 3244 329 3290 C.;
359 3244 579 3289 substrata,
600 3243 655 3282 D.
675 3243 739 3283 ed.
760 3256 823 3296 pr.
951 3242 966 3266 ⁴
994 3243 1097 3295 sive]
1120 3244 1217 3289 sine,
1238 3244 1302 3283 ed.
1323 3257 1384 3296 pr.
1520 3243 1536 3266 ⁶
1564 3242 1778 3294 Dominis]
1796 3242 1882 3282 Do-

127 3297 256 3344 mino,
276 3298 342 3338 ed.
361 3309 425 3351 pr.
575 3297 592 3321 ⁶
620 3296 886 3337 tabernaculo
904 3297 1098 3338 ecclesiae
1117 3298 1346 3348 militantis]
1367 3297 1418 3337 cf.
1439 3298 1505 3337 Ps.
1526 3311 1589 3337 xv.
1610 3297 1730 3348 (xiv.)
1756 3307 1773 3335 1
1799 3308 1882 3348 seq.

125 3349 144 3375 '
173 3351 218 3392 in
234 3356 378 3392 monte
392 3350 589 3391 ecclesiae
600 3350 910 3403 triumphantis]
933 3351 975 3391 in
988 3351 1159 3391 ecclesia
1171 3352 1462 3404 triumphante,
1474 3350 1516 3390 in
1531 3357 1673 3391 monte
1688 3350 1884 3391 ecclesiae

128 3404 432 3500 triumtpharggis,
462 3404 641 3451 A.B.C.;
682 3404 724 3444 in
752 3404 1326 3510 ecgtlesizittgrigrffphaffiiadin
1350 3411 1492 3500 mcgige
1516 3404 1886 3499 eccleffiaaengriuffi.

275 3472 308 3506 s,
392 3471 493 3498 .r‚
844 3471 1047 3498 muni
1098 3472 1371 3505 mianum,
1439 3471 1659 3505 ..;m1
1761 3471 1800 3505 o,
1874 3488 1884 3497 .

10 3523 55 3562 ἐ·
74 3516 83 3525 “
171 3513 330 3567 cuncti]
353 3471 510 3559 omges,
530 3513 584 3553 A.
734 3512 766 3537 ¹⁰
793 3512 934 3565 verax]
955 3513 997 3552 in
1017 3525 1060 3552 se
1080 3526 1212 3559 verax,
1234 3513 1282 3553 C.
1302 3514 1365 3554 ed.
1385 3526 1447 3566 pr.
1631 3514 1660 3538 ¹¹
1688 3512 1774 3565 vel]
1795 3513 1885 3559 sub,

38 3568 40 3602 ἶ
57 3622 60 3626 ‚
130 3566 284 3609 ΑΒΕ.
304 3567 368 3608 ed.
388 3580 451 3619 pr.
584 3565 614 3591 ¹²
642 3565 730 3618 ille]
751 3566 808 3607 ibi
827 3565 901 3612 illi,
919 3567 981 3606 ed,
1002 3579 1063 3619 pr.
1192 3567 1221 3591 ¹³
1248 3567 1420 3620 accipit]
1441 3566 1660 3620 accipiunt,
1681 3566 1745 3607 ed.
1766 3579 1828 3620 pr.
