2436 4094
15 3045 19 3050 “
41 3042 51 3067 1

170 428 306 458 mna.
762 413 1343 464 TRIALOGUS.

170 545 332 595 divina
365 554 438 596 est
476 548 615 608 filius,
649 550 718 598 sic
749 565 811 598 ex
840 550 919 598 illa
954 551 1166 614 gignitur
1201 550 1325 599 filius
1339 567 1351 610 ;
1403 558 1452 598 et
1486 548 1591 597 illal
1628 548 1679 597 in
1715 563 1927 612 persona

168 627 319 691 patris
352 629 508 692 gignit
539 631 702 690 filium,
729 639 777 679 et
808 633 998 694 spiritus
1029 642 1224 681 sanctus
1256 632 1476 695 procedit
1500 647 1561 680 ex
1593 631 1673 679 illa
1704 631 1756 679 in
1789 638 1926 694 patre

169 718 218 760 et
239 709 353 769 filio,
378 726 481 759 non
504 721 669 760 tamen
692 714 823 761 idern
852 714 1007 776 gignit
1038 714 1126 773 se2,
1153 715 1372 777 quamvis
1397 729 1607 777 persona
1638 714 1848 776 gignens
1880 722 1929 762 et

167 805 379 854 persona
401 794 684 856 genitasint
708 795 881 843 eadem
914 796 1161 844 es‘sentiass.
1235 796 1384 845 Tales
1408 804 1570 844 autem
1603 803 1714 844 sunt
1746 795 1926 843 multae

167 871 484 935 difficultates,
509 890 635 938 quae
659 877 822 939 potius
846 885 976 925 stant
999 878 1050 924 in
1074 878 1246 940 logica,
1274 893 1424 941 quam
1455 878 1506 925 in
1531 893 1583 925 re
1615 878 1734 941 ipsa.
1805 876 1927 925 Ideo

167 954 298 1004 circa
320 955 656 1006 altercationes
679 957 959 1021 hujusmodi
983 974 1084 1007 non
1111 959 1374 1008 contendo,

885 1219 1028 1268 CAP
1064 1219 1206 1268 VIII.

934 1364 1010 1412 De
1035 1366 1161 1412 z'dez's.

183 1487 187 1505 ⁵
236 1490 467 1541 Pseustz’s.
539 1492 746 1542 Videtur
787 1495 923 1557 quod
964 1496 1015 1542 in
1057 1495 1160 1542 istis
1201 1493 1414 1541 materiis
1455 1492 1663 1555 ydiotice
1699 1490 1927 1553 loqueriS‚

167 1588 341 1638 vocem
372 1575 626 1638 propriam
657 1577 948 1640 ignorand0‚
974 1592 1086 1625 cum
1120 1591 1223 1624 non
1257 1575 1468 1623 subsistit
1500 1573 1637 1631 rati0,
1665 1572 1800 1635 quod
1834 1572 1929 1619 sint

165 1655 320 1720 ydeae
353 1672 383 1705 a
405 1656 544 1706 Deo⁴
575 1658 843 1726 distinctae,
870 1659 989 1721 quin
1020 1673 1108 1720 per
1144 1657 1275 1705 idem
1312 1656 1470 1704 forent
1503 1655 1786 1718 hujusmodi
1822 1653 1930 1700 infi-

166 1738 311 1797 nitae,
338 1747 387 1787 et
409 1754 496 1802 per
519 1755 828 1808 consequens
852 1740 977 1788 foret
999 1739 1136 1787 Deus
1160 1739 1376 1786 infinitus
1400 1737 1586 1785 ratione
1610 1735 1927 1783 multitudinis

75 1805 81 1810 “
166 1813 415 1884 ydearum‚
444 1829 493 1870 et
527 1822 663 1885 quod
700 1822 794 1870 sint
829 1822 982 1884 ydeae
1019 1837 1048 1870 a
1079 1820 1191 1868 Deo
1228 1819 1479 1868 distinctae
1516 1817 1795 1875 formaliter,
1827 1831 1931 1863 non

166 1903 385 1967 negabis,

183 1986 185 1992 ’
235 1985 510 2049 Phrenesis.
580 1986 772 2045 Fateor,
794 1985 930 2049 quod
952 1994 1150 2049 propter
1174 1983 1475 2032 altitudinem
1497 1980 1727 2029 materiae
1751 1980 1929 2042 ignoro

167 2066 443 2130 plurimum,
481 2068 568 2117 sed
604 2068 766 2127 credo,
803 2068 938 2132 quod
968 2069 1020 2115 in
1051 2067 1207 2131 patria
1239 2065 1415 2113 videbo
1455 2064 1583 2112 clare
1626 2062 1931 2119 sententiam,

168 2142 319 2213 quam
342 2151 495 2200 modo
518 2151 750 2200 balbutio,
822 2150 944 2199 Ideo
968 2158 1114 2199 teneo
1138 2164 1218 2197 me
1243 2149 1294 2196 in
1318 2147 1414 2195 fide
1440 2147 1705 2209 scripturae
1731 2151 1778 2191 et
1805 2143 1932 2191 limi-

166 2233 296 2281 tibus
318 2233 542 2294 rationis;
582 2248 713 2297 nego
744 2241 907 2282 autem
940 2231 1073 2295 quod
1111 2232 1206 2279 sint
1237 2230 1453 2278 infinitae
1486 2241 1725 2291 personae
1750 2226 1801 2273 in
1819 2224 1932 2272 Deo

164 2308 235 2364 'ad
263 2314 403 2374 intra,
430 2330 543 2364 cum
575 2316 694 2377 nec-⁵
726 2316 847 2364 ratio
881 2331 973 2364 nec
1006 2314 1266 2362 auctoritas
1297 2312 1392 2360 hoc
1427 2309 1687 2359 convincit.
1758 2307 1932 2355 Perso-

167 2397 341 2446 nalitas
364 2397 552 2446 autem⁶
576 2406 649 2447 est
680 2397 840 2446 divina
871 2397 1095 2455 essentia,
1120 2404 1167 2443 et
1207 2410 1310 2443 non
1344 2393 1516 2440 veritas
1553 2391 1709 2439 aliena
1743 2389 1795 2437 in
1818 2388 1930 2436 Deo

167 2472 382 2537 fun‘data,
417 2486 472 2527 ut
507 2478 672 2528 Deum
709 2494 856 2542 posse
896 2479 1160 2541 intelligere
1203 2493 1268 2535 se,
1306 2475 1471 2523 Deum
1509 2473 1712 2536 quietari
1754 2471 1805 2518 in
1845 2485 1931 2518 sua

166 2561 503 2610 intellectione.
575 2560 704 2610 Istae
729 2569 842 2609 sunt
863 2568 959 2609 tres
976 2575 1066 2618 res,
1087 2574 1199 2607 cum
1222 2559 1273 2605 in
1297 2557 1366 2604 eis
1394 2557 1452 2604 sit
1470 2555 1693 2618 prioritas
1718 2551 1929 2615 originiS,

169 2652 219 2693 et
253 2643 495 2707 quaelibet
529 2659 699 2692 earum
733 2651 808 2691 est
844 2642 1004 2690 divina
1040 2641 1264 2689 essentia.
1334 2639 1399 2685 Et
1432 2638 1472 2685 si
1496 2645 1549 2684 tu
1577 2634 1929 2698 imaginaveris,

169 2726 397 2794 quotiens
420 2726 507 2774 tibi
533 2725 736 2783 libuerit,
762 2724 927 2772 Deum
950 2738 1097 2786 posse
1122 2736 1267 2785 posse
1287 2720 1554 2781 intelligere
1577 2732 1641 2774 se,
1666 2715 1822 2764 idem⁷
1845 2714 1932 2762 erit

168 2807 304 2872 quod
338 2807 502 2856 Deum
537 2822 684 2871 posse
719 2804 1036 2877 intelligere&
1084 2803 1248 2851 Deum
1285 2810 1447 2850 autem
1483 2814 1627 2862 posse
1663 2796 1932 2863 intelligere

169 2890 423 2940 hominem
445 2889 520 2937 vel
544 2889 687 2938 aliam
711 2903 815 2937 rem
840 2888 903 2936 ad
930 2895 1080 2944 extra,
1099 2900 1201 2933 non
1226 2892 1297 2933 est
1321 2896 1533 2946 persona
1557 2878 1819 2928 formaliter
1836 2877 1932 2941 ¹sed

160 2973 322 3036 passio
362 2971 536 3030 divina,
574 2978 623 3019 et
670 2970 824 3018 multo
866 2969 1024 3031 magis
1072 2967 1198 3030 ydea
1239 2980 1343 3013 non
1384 2971 1456 3011 est
1499 2975 1713 3025 persona
1755 2960 1929 3017 divina,

171 3054 260 3104 sed
293 3054 466 3103 veritas
501 3052 720 3102 absolute
756 3051 1044 3109 necessaria,
1082 3064 1209 3112 quae
1245 3055 1316 3095 est
1347 3041 1728 3107 intelligibilitas⁹
1764 3042 1832 3089 rei
1868 3041 1931 3088 ad

169 3144 317 3186 extra.
407 3134 679 3195 Quomodo
727 3149 909 3196 quaeso
951 3131 1236 3194 intelligeret
1275 3129 1412 3176 Deus
1455 3123 1828 3188 significandum
1869 3123 1931 3172 ad
1987 3132 2064 3164 ‘¹90⁶

171 3226 322 3276 extra,
365 3218 459 3266 nisi
496 3218 554 3266 sit
587 3215 795 3280 ipsum¹⁰
836 3210 1194 3278 intelligibile‘?0
1254 3210 1387 3259 Sicut
1429 3223 1548 3271 ergo
1590 3207 1802 3270 primum
1847 3207 1932 3253 ab-

226 3370 242 3394 ¹
267 3367 359 3422 ina]
380 3368 452 3415 ita,
472 3368 626 3409 A.B.C.
647 3367 711 3408 ed.
731 3380 792 3421 pr.
932 3364 947 3387 ²
976 3363 1038 3416 se]
1061 3377 1104 3404 se
1122 3363 1270 3415 ipsum,
1288 3361 1346 3400 D.
1498 3358 1513 3381 ³
1541 3356 1737 3411 essentia]
1759 3357 1934 3399 essentia

169 3423 289 3471 trina,
310 3423 464 3465 A.B.C.
484 3423 547 3463 ed.
567 3436 628 3476 pr.
712 3421 728 3445 ⁴
755 3435 780 3461 a
800 3420 913 3473 Deo]
935 3420 978 3459 in
998 3418 1104 3463 Deo,
1126 3419 1178 3456 A.
1200 3416 1263 3456 ed.
1283 3429 1344 3468 pr.
1428 3413 1443 3437 ⁶
1471 3426 1578 3458 cum,
1606 3412 1702 3466 nec]
1732 3425 1826 3453 cum
1845 3425 1929 3454 om.

172 3479 236 3520 ed.
256 3492 316 3532 pr.
482 3477 498 3501 ⁶
526 3477 680 3530 autem]
701 3476 822 3521 enim,
845 3475 898 3514 D.
1045 3473 1060 3494 ⁷
1089 3471 1214 3524 idem]
1234 3470 1346 3514 illud,
1367 3469 1429 3508 ed.
1450 3482 1511 3521 pr.
1642 3467 1657 3490 Β
1685 3466 1930 3520 intelligere]

171 3533 302 3576 intelli
332 3545 399 3573 ere
418 3544 474 3578 se,
493 3532 556 3572 ed.
576 3545 637 3584 pr.
659 3532 704 3571 B.
798 3531 814 3554 ⁰
842 3526 1171 3580 intelligibilitas]
1194 3523 1541 3567 intellectibilitas,
1563 3521 1609 3561 B.
1723 3522 1754 3546 ¹⁰
1780 3521 1858 3562 nisi
1879 3521 1931 3563 sit

169 3588 305 3642 ipsum
346 3586 424 3627 nisi
443 3586 577 3640 ipsum
595 3585 714 3631 foret,
734 3586 782 3626 C.
802 3584 865 3624 ed.
887 3596 946 3635 pr.

2082 410 2147 461 61

1987 1501 2064 1530 Idea
2076 1509 2138 1528 non
2153 1504 2200 1541 est

1986 1544 2120 1571 persona
2133 1536 2245 1565 divina,

1987 3055 2044 3083 sed
2057 3056 2171 3085 veritas

1987 3089 2140 3131 absolute·
