2424 4120
341 476 448 531 390
1016 461 1122 524 so
1140 462 1183 509 A
1206 462 1443 511 NNJS
1513 463 1738 513 WJCL
1757 463 1862 511 [Γ
2170 483 2251 512 m.
2267 482 2324 511 ιν.

573 596 776 656 primam
809 595 1105 654 quaestionem
1129 596 1410 657 quaesitam,
1436 611 1539 644 non
1575 597 1789 654 dubium,
1816 612 1928 646 cum
1951 597 2148 659 quilibet
2170 595 2322 644 homo

578 676 724 722 habet
757 675 975 736 spiritum
1003 677 1253 738 proprium
1278 678 1637 739 sempiternum,
1663 686 1854 740 oportet
1887 693 1996 726 esse
2025 678 2173 725 finem
2204 691 2323 724 con-

577 756 860 803 versationis
893 756 1162 815 hominum,
1189 759 1302 820 quia
1327 758 1460 806 aliter
1493 766 1618 806 esset
1651 774 1910 821 processus
1933 759 1985 805 in
2009 758 2248 806 infinitum
2271 759 2323 806 in

577 851 664 899 per
689 851 741 884 se
766 838 1041 885 substantiis
1066 840 1381 901 sempiternis.
1455 839 1553 887 Sed
1587 840 1734 888 talem
1769 855 2025 888 numerum
2049 839 2186 888 Deus
2219 853 2324 888 non

577 925 737 979 potest
774 933 983 977 causare,
1020 920 1103 981 qui
1138 922 1298 983 posuit
1334 922 1500 969 omnia
1534 922 1584 968 in
1619 936 1847 969 mensura
1879 935 2084 969 numero
2119 928 2166 969 et
2196 934 2323 983 pon-

577 1000 689 1047 dere
700 999 730 1053 ¹,
755 1000 866 1048 ideo
891 1015 1091 1049 necesse
1115 1010 1186 1050 est
1209 1010 1262 1049 ut
1285 1009 1562 1064 expectetur
1584 1018 1738 1051 unum
1771 1002 1912 1050 finale
1941 1002 2190 1065 judicium.
2259 1000 2324 1048 Et

577 1096 689 1129 cum
712 1081 889 1129 multae
916 1083 1103 1130 animae
1136 1083 1229 1130 sint
1254 1083 1442 1130 interim
1466 1085 1516 1130 in
1540 1084 1821 1146 purgatorio
1845 1082 2205 1146 expurgandae,
2230 1096 2322 1130 nec

575 1162 713 1210 decet
754 1163 1071 1211 universalem
1111 1164 1382 1212 Dominum
1423 1165 1737 1228 multiplicare
1785 1166 1851 1213 sic
1893 1180 2035 1213 suum
2070 1164 2320 1228 judicium,

575 1251 705 1305 patet
744 1244 877 1306 quod
915 1253 1106 1306 oportet
1140 1261 1246 1294 esse
1281 1246 1459 1294 unum2
1489 1246 1726 1309 judicium
1760 1246 2046 1294 ultimatum.
2117 1246 2180 1294 In
2213 1241 2321 1293 illo³

574 1339 693 1386 ergo
735 1332 925 1386 oportet
973 1340 1082 1373 esse
1129 1328 1530 1375 resurrectionem
1578 1327 1898 1375 universalem
1943 1327 2216 1387 hominum,
2257 1326 2321 1375 ad

574 1406 905 1468 recipiendum
929 1407 1205 1454 mercedem
1229 1423 1377 1471 quam
1401 1409 1479 1458 hic
1503 1417 1792 1457 meruerant.

642 1486 705 1534 Et
733 1495 969 1549 quantum
1001 1489 1065 1536 ad
1090 1488 1209 1536 duas
1234 1489 1350 1537 alias
1375 1487 1720 1552 quaestiones4‚
1747 1504 1849 1537 non
1881 1489 2066 1538 mireris
2100 1504 2252 1548 soror,
2277 1490 2320 1539 si

259 1571 372 1600 Verum
384 1573 437 1601 ubi
572 1583 659 1630 per
693 1570 1016 1631 ignorantiam
1040 1586 1119 1619 me
1143 1586 1340 1620 excuso.
1412 1571 1587 1620 Utrum
1619 1580 1781 1620 autem
1813 1573 1934 1619 locus
1955 1572 2128 1636 finalis·
2144 1572 2326 1635 judicii

572 1651 660 1698 erit
684 1651 734 1698 in
759 1651 876 1698 valle
901 1651 1135 1715 Josaphat
1157 1654 1231 1701 vel
1256 1654 1379 1712 alibi,
1406 1669 1510 1701 non
1534 1653 1795 1712 contendO,
1821 1653 1908 1702 sed
1939 1654 2042 1702 scio
2074 1653 2209 1716 quod
2231 1653 2319 1701 erit

572 1731 846 1793 ubicunque
878 1733 929 1779 in
961 1749 1113 1795 regno
1151 1734 1326 1782 Christi
1362 1735 1446 1782 ubi
1482 1736 1586 1797 ipse
1623 1735 1897 1792 decreverit,
1932 1733 2068 1797 quod
2098 1741 2172 1782 est
2203 1734 2318 1783 satis

574 1812 811 1860 credibile.
882 1813 1081 1861 Certum
1112 1823 1277 1863 tamen
1309 1815 1427 1863 mihi
1459 1824 1544 1874 est,
1570 1816 1705 1878 quod
1729 1816 2072 1878 praedestinati
2099 1815 2318 1864 salvandi

571 1894 835 1941 obviabunt
867 1893 1060 1942 Christo
1093 1897 1142 1943 in
1174 1902 1298 1954 ae'ra,
1328 1905 1379 1943 ut
1409 1897 1521 1944 dicit
1553 1897 1800 1959 apostolus
1831 1897 1987 1959 prima
2011 1894 2232 1945 Thessal.
2256 1897 2315 1945 iv.

570 1973 646 2020 De
681 1973 967 2022 damnandis
1004 1984 1164 2022 autem
1199 1978 1417 2038 reprobis
1448 1978 1544 2024 hoc
1580 1993 1682 2025 non
1715 1979 1874 2025 credo.
1948 1976 2045 2025 Sed
2079 1985 2316 2040 quantum

570 2054 909 2115 praedestinati
935 2056 1178 2138 distabunt
1214 2058 1274 2104 ab
1312 2058 1428 2115 aliis,
1454 2058 1638 2105 videtur
1660 2057 1778 2104 mihi
1802 2058 1935 2120 quod
1971 2059 2030 2106 sit
2053 2058 2246 2122 puerilis
2269 2068 2316 2107 et

571 2134 709 2182 stulta
733 2136 992 2183 contentio.

252 2224 437 2284 ggtgpggldgst
636 2215 700 2262 Et
740 2225 973 2278 quantum
1015 2218 1077 2265 ad
1119 2220 1300 2266 tertiam
1337 2220 1661 2280 quaestzbneffl
1699 2220 1961 2282 respondet
1995 2220 2312 2283 evangelium,

249 2289 509 2386 {Qssglssffile'
568 2297 704 2358 quod
751 2297 811 2344 de
860 2298 936 2345 die
982 2298 1060 2346 illa
1106 2314 1253 2347 nemo
1302 2302 1404 2357 scit,
1448 2316 1607 2363 neque
1654 2301 1800 2348 Filius
1842 2316 1941 2363 quo
1983 2301 2046 2349 ad
2087 2300 2313 2350 humani-

252 2364 292 2384 n0
316 2364 341 2384 IS
357 2366 390 2386 eS
405 2378 412 2387 .

567 2384 714 2424 tatem
750 2386 986 2440 quantum
1021 2379 1084 2427 ad
1120 2394 1170 2427 se
1208 2380 1385 2438 attinet,
1421 2381 1507 2429 sed
1543 2382 1672 2430 solus
1708 2382 1858 2430 Deus.
1928 2382 2157 2431 Parcatur
2182 2397 2312 2445 vergo

565 2460 665 2507 istis
701 2461 991 2508 astronomis
1028 2469 1075 2508 et
1110 2462 1477 2510 calculatoribus
1514 2464 1630 2521 aliis,
1665 2465 1704 2511 si
1738 2465 1959 2511 nesciunt
1994 2463 2312 2526 quantitatem

564 2539 797 2600 temporis
841 2548 952 2587 ante
995 2540 1126 2588 diem
1166 2542 1383 2604 Judicii.·
1430 2543 1626 2592 Decens
1668 2544 1865 2607 quidem
1904 2553 1976 2592 est
2016 2543 2150 2607 quod
2194 2544 2311 2593 illud
2368 2551 2370 2553 ’

563 2627 756 2681 tempus
782 2620 840 2668 sit
864 2621 1005 2668 nobis
1026 2623 1378 2682 absconditum,
1399 2625 1520 2672 sicut
1544 2625 1723 2674 decens
1749 2633 1823 2673 est
1841 2626 1975 2688 quod
1997 2625 2118 2674 hora
2140 2626 2310 2693 mortis

563 2710 756 2749 nostrae
781 2711 827 2750 et
851 2704 1000 2750 multa
1025 2703 1347 2753 similia-sint6
1370 2708 1511 2754 nobis
1544 2708 1802 2770 incognita.
1873 2706 2073 2755 Certum
2104 2714 2177 2755 est
2209 2721 2317 2770 qu0,

562 2783 625 2831 ad
649 2791 842 2845 tempus
866 2784 989 2852 illius
1009 2785 1188 2847 judicii,
1215 2787 1349 2849 quod
1373 2795 1445 2839 est
1466 2803 1633 2850 prope,
1658 2796 1710 2836 ut
1733 2796 1865 2851 patet
1889 2804 1949 2836 ex
1973 2788 2133 2836 multis
2157 2779 2333 2851 signis

561 2873 608 2912 et
644 2866 911 2915 rationibus
953 2882 1079 2928 quae
1123 2883 1184 2915 ex
1225 2869 1319 2916 fide
1357 2871 1615 2932 scripturae
1657 2870 1940 2933 coHigimus.
2013 2869 2112 2918 Sed
2156 2883 2307 2932 quam

561 2961 713 3008 prope
746 2954 794 2994 et
817 2962 915 3009 quo
948 2955 1166 3010 tempore
1198 2950 1415 3012 praecise
1448 2952 1646 3010 eveniet,
1673 2966 1820 2999 nemo
1854 2966 1905 2998 se
1938 2950 2187 3000 sollicitat⁷
2215 2952 2307 3000 nisi

561 3030 730 3077 stultus
743 3045 756 3089 ;
809 3029 923 3077 dicit
965 3031 1095 3077 enim
1135 3032 1305 3079 beatus
1345 3033 1649 3093 evangelista,
1686 3032 1828 3095 quod·
1857 3037 1867 3056 ‘
1883 3033 2146 3080 novissima
2185 3033 2307 3082 hora

560 3109 686 3167 est8‚’
725 3109 811 3158 sed
847 3111 1162 3172 quantitatem
1203 3111 1324 3159 illius
1360 3111 1526 3170 horae,
1564 3113 1685 3160 sicut
1719 3112 1853 3170 diei9,
1890 3113 2028 3175 cujus
2063 3120 2136 3160 est
2170 3113 2305 3172 hora,

559 3192 750 3253 penitus
796 3192 1089 3253 ignoramus.
1184 3191 1265 3240 Ad
1311 3193 1429 3255 quid
1476 3208 1594 3255 ergo
1642 3201 1905 3256 occuparet
1952 3208 2005 3241 se
2053 3193 2303 3243 curiositas

614 3372 627 3395 ¹
657 3373 707 3413 cf.
727 3373 823 3425 Sap.
844 3372 997 3413 Salom.
1017 3374 1070 3414 xi.
1095 3385 1157 3414 21.
1350 3374 1366 3397 ²
1394 3375 1538 3427 unum]
1561 3388 1643 3415 om.
1664 3376 1727 3415 ed.
1748 3388 1810 3428 pr.
1996 3374 2134 3428 ³illo]
2154 3375 2302 3428 primo,

559 3426 656 3467 B.C.
678 3427 835 3479 primae
854 3441 1012 3468 manus.
1276 3428 1594 3480 *quaestiones]
1618 3429 1912 3475 conclusiones,
1933 3429 1988 3468 A.
1992 3430 2055 3476 C.,
2077 3429 2124 3468 B.
2145 3429 2302 3482 primae

557 3493 713 3527 manus,
735 3482 797 3520 ed.
819 3494 879 3533 pr.
1113 3482 1128 3505 ⁵
1157 3483 1454 3535 quaestionem]
1477 3483 1792 3529 conclusionem,
1815 3484 1877 3529 C.‚
1898 3483 1944 3522 B.
1966 3496 2122 3536 pumae
2140 3495 2299 3524 manus.

557 3533 573 3555 ⁶
601 3534 700 3586 sint]
737 3540 842 3580 sunt,
877 3536 939 3575 ed.
975 3549 1035 3589 pr.
1414 3537 1430 3560 ⁷
1458 3536 1672 3589 sollicitat]
1707 3537 1914 3583 sollicitet,
1947 3537 2001 3577 A.
2005 3537 2103 3578 B.C.
2141 3536 2205 3578 ed.
2235 3549 2298 3588 pr.

525 3623 528 3652 J
553 3586 567 3607 ⁸
596 3586 644 3626 cf.
671 3600 687 3627 1
711 3589 803 3640 Joh.
825 3589 864 3629 ii.
891 3591 951 3629 18.
1142 3590 1157 3614 ⁹
1186 3590 1285 3642 diei]
1308 3591 1400 3639 Dei,
1421 3591 1469 3632 C.
1490 3591 1645 3644 primae
1663 3604 1819 3632 manus.
