2436 4094
360 349 425 398 14
927 331 1043 379 PR
1071 327 1684 380 OLEGOMENA.

353 471 415 518 ab
453 469 613 518 inferis
655 467 949 517 solertissimi
990 466 1241 529 cujusdam
1281 464 1570 528 typographi
1609 465 1844 514 beneficio
1882 473 1929 514 et
1970 480 2120 530 opera
2159 476 2260 515 non

352 557 534 620 vulgari
557 573 618 604 ex
642 555 918 618 longinquis
942 554 1168 611 adscitus,
1193 553 1244 600 in
1268 552 1428 600 lucem
1452 553 1736 601 reviviscens
1760 554 1936 615 prodit,
1961 555 2044 618 qui
2070 557 2143 615 (ut
2165 562 2261 603 tes·
2300 598 2306 603 .

356 653 513 694 tantur
547 643 883 702 monumenta)
921 641 1188 689 noverit—‘
1205 639 1322 702 quid
1358 640 1534 688 distent
1569 655 1681 688 aera
1714 640 1918 703 lupinis!

421 735 614 783 Tamen
660 733 783 780 adeo
825 731 981 780 sterile
1028 746 1086 779 ac
1131 730 1293 778 infelix
1339 738 1452 788 erat,
1496 745 1595 793 quo
1635 731 1764 789 vixit,
1807 731 2065 790 saeculum,
2107 738 2160 780 ut
2199 746 2262 780 eo

353 841 452 889 quo
491 825 630 874 decet
670 825 824 871 nitore
868 821 997 886 (licet
1037 818 1138 886 pie)
1179 836 1282 869 non
1322 821 1490 885 potuit,
1531 830 1612 870 aut
1653 823 1692 870 si
1732 824 1901 886 potuit,
1943 824 2104 873 minus
2145 839 2261 873 suae

353 917 495 966 aetati
539 915 681 971 licuit,
724 912 953 961 caelestes
1001 911 1091 959 sibi
1139 910 1276 959 datas
1321 926 1442 974 opes
1488 913 1702 960 exactius
1748 913 2014 974 posteritati
2060 913 2261 962 deman-

353 1004 480 1052 dare.
569 1001 666 1049 Hic
714 999 959 1058 Wiclequ,
1002 999 1251 1048 mitissime
1298 998 1460 1058 lector,
1503 1001 1678 1062 partim
1724 1001 1884 1063 operis
1930 1002 2150 1064 ingressu
2196 1002 2262 1049 ob

354 1090 530 1139 saeculi
565 1090 637 1138 sui
678 1089 970 1136 sterilitatem
1005 1102 1172 1150 aspere
1213 1087 1537 1151 perplexeque
1572 1088 1756 1137 videtur
1789 1089 1936 1152 loqui,
1973 1089 2130 1138 crudis
2169 1103 2261 1152 pro

352 1189 570 1242 tempore
617 1192 706 1226 suo
747 1177 1124 1226 Dialecticorum
1164 1177 1411 1225 vocabulis
1456 1178 1525 1224 uti
1539 1193 1552 1237 ;
1611 1193 1673 1226 ne
1714 1193 1818 1226 rem
1858 1178 2014 1240 ipsam
2061 1179 2129 1226 ob
2171 1178 2262 1227 stili

351 1269 656 1332 asperitatem
699 1281 755 1315 ac
795 1266 960 1315 lexeos
1001 1266 1274 1315 salebrosos
1316 1274 1569 1314 contextus
1609 1266 1936 1324 exhorrescaS,
1974 1267 2061 1316 sed
2100 1268 2263 1331 potius

353 1360 517 1406 animo
557 1356 798 1404 constanti
838 1355 1157 1417 progredere;
1208 1355 1492 1418 dispeream,
1535 1355 1586 1402 ni
1624 1355 1801 1404 sentias
1841 1354 2090 1404 hominem
2126 1356 2263 1418 pium

353 1461 410 1494 ac
442 1453 663 1494 sanctum
696 1443 924 1502 secundO,
949 1443 1087 1491 tertio
1119 1458 1193 1491 ac*
1209 1451 1382 1506 quarto
1415 1443 1560 1502 libris,
1584 1444 1653 1491 uti
1685 1459 1776 1492 nec
1800 1444 1850 1491 in
1873 1445 2031 1507 primo
2057 1443 2263 1493 solidam

351 1532 650 1595 theologiam
704 1531 985 1593 neutiquam
1045 1530 1352 1579 dissimulans
1398 1546 1455 1579 ac
1499 1531 1747 1579 veritatem
1793 1531 1915 1580 inter
1961 1530 2264 1595 Cymmerias

356 1622 428 1687 (ut
475 1619 626 1684 aiunt)
673 1622 895 1668 tenebras
955 1635 1118 1668 sacrae
1175 1622 1436 1683 scripturae
1491 1621 1671 1669 amussi
1718 1620 2023 1670 conformem
2069 1621 2283 1680 docere,⁴

355 1726 457 1758 non
491 1709 722 1757 eminenti
759 1708 957 1770 quidem
996 1723 1220 1756 sermone
1235 1725 1248 1768 ;
1299 1723 1400 1756 non
1438 1710 1569 1756 enim
1610 1710 1703 1757 isto
1742 1709 1828 1763 sed
1864 1710 1916 1756 in
1951 1709 2120 1758 virtute
2155 1724 2264 1772 reg-.-

355 1813 474 1847 num
506 1797 600 1845 Dei
624 1797 855 1854 consistit,
882 1796 1120 1859 siquidem
1143 1797 1353 1845 veritatis
1379 1797 1585 1860 simplex
1610 1805 1683 1845 est
1707 1798 1876 1856 oratiO,
1901 1805 1950 1846 et
1979 1805 2034 1846 ut
2063 1797 2263 1846 minime

355 1886 568 1935 mendax
615 1898 699 1947 est,
743 1890 811 1937 sic
853 1890 1061 1938 auctoris
1102 1890 1254 1937 nostri
1297 1889 1484 1938 Wiclefi
1525 1889 1789 1937 candorem
1826 1896 1873 1936 et
1909 1889 2086 1938 mentis
2123 1888 2265 1936 inno-

357 1976 564 2024 centiam
596 1985 976 2040 repraesentans‚
1001 1978 1256 2025 verborum
1290 1978 1540 2026 lenociniis
1576 1993 1633 2026 ac
1668 1976 1781 2025 fuco
1809 1992 1917 2032 ⁴non
1951 1984 2075 2040 eget.
2145 1975 2195 2024 N
2197 1990 2264 2024 on

356 2066 487 2115 enim
513 2066 864 2129 Christologias
900 2068 940 2116 is
975 2076 1140 2116 noster
1163 2067 1394 2117 Wiclefus
1418 2067 1505 2115 sed
1532 2067 1740 2115 veritatis
1765 2065 2065 2114 Christianae
2102 2065 2266 2114 solidi-

356 2162 505 2202 tatem
563 2170 810 2218 spargens,
858 2170 955 2217 qua
1002 2155 1118 2202 nihil
1172 2155 1480 2203 commodius
1534 2154 1861 2216 celebriusque
1909 2153 2264 2216 simplicissimo

341 2244 491 2306 ‘J'uxta
527 2245 829 2306 apertissimo
866 2258 1089 2292 sermone
1125 2243 1305 2306 profert
1340 2243 1496 2305 magis
1533 2258 1635 2291 rem
1669 2243 1826 2305 ipsam
1864 2256 2014 2304 quam
2047 2241 2264 2290 Atticum

358 2333 597 2380 sermonis
633 2332 863 2394 leporem,
901 2347 1074 2380 curans
1110 2348 1172 2381 ne
1208 2332 1330 2381 forte
1371 2334 1492 2381 ebur
1527 2339 1796 2381 atramento
1832 2332 2146 2381 candefacere
2183 2340 2266 2380 aut

357 2420 520 2467 lumen
546 2420 634 2467 soli
666 2419 844 2468 addere
867 2421 1117 2469 videretur.
1189 2421 1254 2468 Id
1281 2421 1415 2484 quod
1438 2422 1644 2470 veritatis
1669 2421 1848 2469 inimici
1880 2421 2039 2470 nativa
2061 2421 2264 2484 ponin‘a,

356 2523 607 2570 nunquam
649 2522 751 2555 non
794 2509 1155 2557 euribatisantes
1197 2509 1311 2557 vitio
1353 2516 1607 2567 verterunt,
1643 2509 1693 2556 id
1735 2509 1870 2571 quod
1905 2508 2264 2557 Constantiensi

357 2596 562 2644 concilio
605 2612 661 2644 ac
709 2597 810 2644 aliis
858 2598 1064 2645 comitiis
1089 2612 1283 2645 cernere
1331 2605 1418 2655 est,
1465 2597 1550 2645 ubi
1596 2606 1822 2661 coeptam
1867 2597 2264 2646 monomachiam
2304 2636 2308 2640 .

356 2684 429 2732 vel
469 2685 576 2747 ipso
615 2692 808 2732 mortuo
850 2685 1110 2734 absolvere.
1185 2686 1375 2734 Ibidem
1413 2687 1543 2734 enim
1579 2686 1839 2746 decretum,
1875 2686 1982 2734 libri
2017 2693 2264 2735 auctorem

356 2772 598 2837 Joannem
655 2773 908 2837 W'cquum,
956 2775 1038 2837 qui
1080 2775 1184 2837 Jam
1230 2775 1312 2822 diu
1357 2775 1480 2822 vitae
1529 2789 1643 2822 suae
1691 2776 2009 2837 temporariae
2055 2789 2264 2837 pensum

357 2862 652 2920 absolvisset,
679 2878 736 2911 ac
761 2863 1015 2925 sepultum,
1042 2879 1204 2912 rursus
1240 2864 1402 2922 effodi,
1429 2879 1486 2912 ac
1521 2864 1625 2926 ejus
1649 2879 1763 2912 ossa
1798 2865 1999 2912 cremari
2035 2871 2263 2911 statutum

357 2958 442 2998 est.
514 2951 560 3000 O
611 2951 917 3000 caecitatem!
990 2951 1037 3000 O
1079 2951 1339 2999 vindictam
1381 2951 1647 3014 insignem!
1703 2950 1801 3009 Qui
1845 2958 1898 2998 ut
1928 2951 1995 3020 >in
2039 2950 2263 3000 humanis

357 3038 422 3085 ita
461 3039 511 3085 in
550 3041 733 3087 umbris
774 3039 1109 3102 placidissimis
1150 3037 1277 3086 cum‘
1301 3037 1495 3086 Christo
1537 3038 1790 3100 quiescens
1829 3038 2044 3100 magistri
2083 3053 2262 3101 nempe

357 3124 532 3174 Christi
567 3127 752 3175 domini
787 3129 860 3176 sui
895 3128 1029 3175 testis
1064 3128 1225 3176 evasit.
1296 3125 1391 3174 His
1426 3127 1607 3190 pauciS,
1633 3125 1903 3175 Christiane
1939 3126 2102 3186 lector,
2142 3127 2262 3188 vale,

356 3221 403 3261 et
438 3214 756 3278 Typographi
791 3231 993 3279 operam
1026 3217 1145 3265 boni
1180 3216 1391 3264 consule.
2018 3204 2021 3205 ⁷

425 3544 620 3608 Prologi
663 3562 851 3597 summa
893 3551 966 3600 his
1008 3567 1203 3616 quoque
1245 3555 1472 3614 versibuS‚
1517 3556 1619 3604 sine
1658 3554 1805 3603 dubio
1846 3569 1875 3603 a
1915 3554 2105 3617 prologi
2141 3571 2259 3605 auc-
