<?xml version="1.0" encoding="UTF-8"?>
<!DOCTYPE html PUBLIC "-//W3C//DTD XHTML 1.0 Transitional//EN"
    "http://www.w3.org/TR/xhtml1/DTD/xhtml1-transitional.dtd">
<html xmlns="http://www.w3.org/1999/xhtml" xml:lang="en" lang="en">
 <head>
  <title>
</title>
<meta http-equiv="Content-Type" content="text/html;charset=utf-8" />
  <meta name='ocr-system' content='tesseract 3.04.00' />
  <meta name='ocr-capabilities' content='ocr_page ocr_carea ocr_par ocr_line ocrx_word'/>
</head>
<body>
  <div class='ocr_page' id='page_1' title='image "./trialoguscumsupp00wycluoft_0266.png"; bbox 0 0 2496 4108; ppageno 0'>
   <div class='ocr_carea' id='block_1_1' title="bbox 380 425 480 479">
    <p class='ocr_par' dir='ltr' id='par_1_1' title="bbox 380 425 480 479">
     <span class='ocr_line' id='line_1_1' title="bbox 380 425 480 479; baseline -0.04 0"><span class='ocrx_word' id='word_1_1' title='bbox 380 425 480 479; x_wconf 82' lang='lat'><strong>254</strong></span> 
     </span>
    </p>
   </div>
   <div class='ocr_carea' id='block_1_2' title="bbox 1066 407 2356 470">
    <p class='ocr_par' dir='ltr' id='par_1_2' title="bbox 1066 407 2356 470">
     <span class='ocr_line' id='line_1_2' title="bbox 1066 407 2356 470; baseline 0.002 -14"><span class='ocrx_word' id='word_1_2' title='bbox 1066 407 1488 470; x_wconf 86' lang='lat' dir='ltr'><em>sOANNIS</em></span> <span class='ocrx_word' id='word_1_3' title='bbox 1545 408 1896 459; x_wconf 85' lang='lat' dir='ltr'><em>WICLIF</em></span> <span class='ocrx_word' id='word_1_4' title='bbox 2199 427 2356 465; x_wconf 52' lang='lat' dir='ltr'><strong>univ.</strong></span> 
     </span>
    </p>
   </div>
   <div class='ocr_carea' id='block_1_3' title="bbox 605 542 2370 3046">
    <p class='ocr_par' dir='ltr' id='par_1_3' title="bbox 605 542 2370 3046">
     <span class='ocr_line' id='line_1_3' title="bbox 609 542 2358 602; baseline 0.002 -13"><span class='ocrx_word' id='word_1_5' title='bbox 609 542 878 591; x_wconf 87' lang='lat' dir='ltr'><strong>venerabile</strong></span> <span class='ocrx_word' id='word_1_6' title='bbox 911 550 1280 600; x_wconf 87' lang='lat' dir='ltr'><strong>sacramentum,</strong></span> <span class='ocrx_word' id='word_1_7' title='bbox 1307 542 1393 590; x_wconf 91' lang='lat' dir='ltr'><strong>sed</strong></span> <span class='ocrx_word' id='word_1_8' title='bbox 1428 543 1790 602; x_wconf 84' lang='lat' dir='ltr'><strong>communiter¹,</strong></span> <span class='ocrx_word' id='word_1_9' title='bbox 1821 543 1933 592; x_wconf 92' lang='lat' dir='ltr'><strong>licet</strong></span> <span class='ocrx_word' id='word_1_10' title='bbox 1965 543 2098 602; x_wconf 87' lang='lat' dir='ltr'><strong>false,</strong></span> <span class='ocrx_word' id='word_1_11' title='bbox 2125 549 2358 602; x_wconf 84' lang='lat' dir='ltr'><strong>asserunt,</strong></span> 
     </span>
     <span class='ocr_line' id='line_1_4' title="bbox 609 622 2358 687; baseline 0.001 -16"><span class='ocrx_word' id='word_1_12' title='bbox 609 623 742 686; x_wconf 91' lang='lat' dir='ltr'><strong>quod</strong></span> <span class='ocrx_word' id='word_1_13' title='bbox 765 623 925 685; x_wconf 91' lang='lat' dir='ltr'><strong>ipsum</strong></span> <span class='ocrx_word' id='word_1_14' title='bbox 949 623 1009 670; x_wconf 93' lang='lat' dir='ltr'><strong>sit</strong></span> <span class='ocrx_word' id='word_1_15' title='bbox 1033 622 1172 686; x_wconf 87' lang='lat' dir='ltr'><strong>pejus</strong></span> <span class='ocrx_word' id='word_1_16' title='bbox 1203 638 1353 687; x_wconf 90' lang='lat' dir='ltr'><strong>quam</strong></span> <span class='ocrx_word' id='word_1_17' title='bbox 1385 625 1526 686; x_wconf 91' lang='lat' dir='ltr'><strong>panis</strong></span> <span class='ocrx_word' id='word_1_18' title='bbox 1561 626 1766 687; x_wconf 91' lang='lat' dir='ltr'><strong>equinus</strong></span> <span class='ocrx_word' id='word_1_19' title='bbox 1789 625 1863 673; x_wconf 90' lang='lat' dir='ltr'><strong>vel</strong></span> <span class='ocrx_word' id='word_1_20' title='bbox 1897 624 2077 687; x_wconf 93' lang='lat' dir='ltr'><strong>aliquid</strong></span> <span class='ocrx_word' id='word_1_21' title='bbox 2107 625 2358 687; x_wconf 84' lang='lat' dir='ltr'><strong>assignan-</strong></span> 
     </span>
     <span class='ocr_line' id='line_1_5' title="bbox 609 705 2358 769; baseline -0.001 -15"><span class='ocrx_word' id='word_1_22' title='bbox 609 706 742 754; x_wconf 88' lang='lat' dir='ltr'><strong>dum.&#39;</strong></span> <span class='ocrx_word' id='word_1_23' title='bbox 809 705 872 751; x_wconf 89' lang='lat' dir='ltr'><strong>Et</strong></span> <span class='ocrx_word' id='word_1_24' title='bbox 906 705 975 752; x_wconf 94' lang='lat' dir='ltr'><strong>sic</strong></span> <span class='ocrx_word' id='word_1_25' title='bbox 1008 705 1129 752; x_wconf 91' lang='lat' dir='ltr'><strong>sicut</strong></span> <span class='ocrx_word' id='word_1_26' title='bbox 1159 705 1235 753; x_wconf 91' lang='lat' dir='ltr'><strong>isti</strong></span> <span class='ocrx_word' id='word_1_27' title='bbox 1266 705 1495 753; x_wconf 88' lang='lat' dir='ltr'><strong>haeretici</strong></span> <span class='ocrx_word' id='word_1_28' title='bbox 1524 722 1553 753; x_wconf 92' lang='lat' dir='ltr'><strong>a</strong></span> <span class='ocrx_word' id='word_1_29' title='bbox 1577 714 1799 769; x_wconf 88' lang='lat' dir='ltr'><strong>tempore</strong></span> <span class='ocrx_word' id='word_1_30' title='bbox 1833 707 2084 755; x_wconf 86' lang='lat' dir='ltr'>solutionis</span> <span class='ocrx_word' id='word_1_31' title='bbox 2118 706 2358 755; x_wconf 85' lang='lat' dir='ltr'><strong>Sathanae</strong></span> 
     </span>
     <span class='ocr_line' id='line_1_6' title="bbox 606 786 2359 849; baseline 0.001 -16"><span class='ocrx_word' id='word_1_32' title='bbox 606 802 708 834; x_wconf 92' lang='lat' dir='ltr'><strong>non</strong></span> <span class='ocrx_word' id='word_1_33' title='bbox 749 786 857 848; x_wconf 93' lang='lat' dir='ltr'><strong>plus</strong></span> <span class='ocrx_word' id='word_1_34' title='bbox 898 801 1045 849; x_wconf 90' lang='lat' dir='ltr'><strong>quam</strong></span> <span class='ocrx_word' id='word_1_35' title='bbox 1087 786 1226 848; x_wconf 90' lang='lat' dir='ltr'><strong>picae</strong></span> <span class='ocrx_word' id='word_1_36' title='bbox 1272 787 1635 835; x_wconf 86' lang='lat' dir='ltr'><strong>intellexerunt2</strong></span> <span class='ocrx_word' id='word_1_37' title='bbox 1675 787 1801 836; x_wconf 89' lang='lat' dir='ltr'><strong>istud</strong></span> <span class='ocrx_word' id='word_1_38' title='bbox 1842 789 2055 846; x_wconf 91' lang='lat' dir='ltr'><strong>verbum,</strong></span> <span class='ocrx_word' id='word_1_39' title='bbox 2099 787 2193 836; x_wconf 79' lang='lat' dir='ltr'><strong>sic³</strong></span> <span class='ocrx_word' id='word_1_40' title='bbox 2238 786 2359 836; x_wconf 88' lang='lat' dir='ltr'><strong>false</strong></span> 
     </span>
     <span class='ocr_line' id='line_1_7' title="bbox 606 864 2359 932; baseline 0.001 -16"><span class='ocrx_word' id='word_1_41' title='bbox 606 864 850 916; x_wconf 73' lang='lat' dir='ltr'><strong>asserunt4</strong></span> <span class='ocrx_word' id='word_1_42' title='bbox 868 868 1001 931; x_wconf 92' lang='lat' dir='ltr'><strong>quod</strong></span> <span class='ocrx_word' id='word_1_43' title='bbox 1020 883 1111 915; x_wconf 92' lang='lat' dir='ltr'><strong>nec</strong></span> <span class='ocrx_word' id='word_1_44' title='bbox 1133 867 1352 916; x_wconf 91' lang='lat' dir='ltr'><strong>Christus</strong></span> <span class='ocrx_word' id='word_1_45' title='bbox 1371 884 1460 916; x_wconf 91' lang='lat' dir='ltr'><strong>nec</strong></span> <span class='ocrx_word' id='word_1_46' title='bbox 1480 869 1583 931; x_wconf 89' lang='lat' dir='ltr'><strong>ejus</strong></span> <span class='ocrx_word' id='word_1_47' title='bbox 1610 870 1816 931; x_wconf 92' lang='lat' dir='ltr'><strong>apostoli</strong></span> <span class='ocrx_word' id='word_1_48' title='bbox 1835 871 1994 932; x_wconf 92' lang='lat' dir='ltr'><strong>ipsum</strong></span> <span class='ocrx_word' id='word_1_49' title='bbox 2013 869 2359 926; x_wconf 83' lang='lat' dir='ltr'><strong>intellexerant,</strong></span> 
     </span>
     <span class='ocr_line' id='line_1_8' title="bbox 608 950 2360 1012; baseline -0.001 -15"><span class='ocrx_word' id='word_1_50' title='bbox 608 950 755 999; x_wconf 81' lang='lat' dir='ltr'><strong>sicut⁵</strong></span> <span class='ocrx_word' id='word_1_51' title='bbox 796 965 888 997; x_wconf 92' lang='lat' dir='ltr'><strong>nec</strong></span> <span class='ocrx_word' id='word_1_52' title='bbox 929 957 1089 1011; x_wconf 92' lang='lat' dir='ltr'><strong>patres</strong></span> <span class='ocrx_word' id='word_1_53' title='bbox 1132 950 1209 998; x_wconf 89' lang='lat' dir='ltr'><strong>alii</strong></span> <span class='ocrx_word' id='word_1_54' title='bbox 1247 958 1358 1012; x_wconf 93' lang='lat' dir='ltr'><strong>post</strong></span> <span class='ocrx_word' id='word_1_55' title='bbox 1397 959 1668 1012; x_wconf 84' lang='lat' dir='ltr'><strong>sequentes.</strong></span> <span class='ocrx_word' id='word_1_56' title='bbox 1742 950 1929 998; x_wconf 89' lang='lat' dir='ltr'><strong>Contra</strong></span> <span class='ocrx_word' id='word_1_57' title='bbox 1965 965 2178 998; x_wconf 90' lang='lat' dir='ltr'><strong>errorem</strong></span> <span class='ocrx_word' id='word_1_58' title='bbox 2213 950 2360 998; x_wconf 87' lang='lat' dir='ltr'><strong>istum</strong></span> 
     </span>
     <span class='ocr_line' id='line_1_9' title="bbox 607 1030 2361 1094; baseline 0 -16"><span class='ocrx_word' id='word_1_59' title='bbox 607 1047 708 1078; x_wconf 93' lang='lat' dir='ltr'><strong>non</strong></span> <span class='ocrx_word' id='word_1_60' title='bbox 743 1031 959 1094; x_wconf 77' lang='lat' dir='ltr'><strong>oportet⁶</strong></span> <span class='ocrx_word' id='word_1_61' title='bbox 993 1031 1226 1079; x_wconf 85' lang='lat' dir='ltr'><strong>instanter</strong></span> <span class='ocrx_word' id='word_1_62' title='bbox 1263 1047 1477 1093; x_wconf 85' lang='lat' dir='ltr'><strong>arguere,</strong></span> <span class='ocrx_word' id='word_1_63' title='bbox 1505 1048 1617 1079; x_wconf 91' lang='lat' dir='ltr'><strong>cum</strong></span> <span class='ocrx_word' id='word_1_64' title='bbox 1655 1040 1827 1080; x_wconf 92' lang='lat' dir='ltr'><strong>notum</strong></span> <span class='ocrx_word' id='word_1_65' title='bbox 1864 1033 1925 1080; x_wconf 92' lang='lat' dir='ltr'><strong>sit</strong></span> <span class='ocrx_word' id='word_1_66' title='bbox 1961 1032 2197 1090; x_wconf 89' lang='lat' dir='ltr'><strong>fidelibus,</strong></span> <span class='ocrx_word' id='word_1_67' title='bbox 2227 1030 2361 1094; x_wconf 93' lang='lat' dir='ltr'><strong>quod</strong></span> 
     </span>
     <span class='ocr_line' id='line_1_10' title="bbox 605 1112 2360 1175; baseline -0.001 -15"><span class='ocrx_word' id='word_1_68' title='bbox 605 1129 707 1160; x_wconf 91' lang='lat' dir='ltr'><strong>non</strong></span> <span class='ocrx_word' id='word_1_69' title='bbox 743 1112 957 1175; x_wconf 90' lang='lat' dir='ltr'><strong>quotidie</strong></span> <span class='ocrx_word' id='word_1_70' title='bbox 982 1128 1010 1160; x_wconf 91' lang='lat' dir='ltr'><strong>a</strong></span> <span class='ocrx_word' id='word_1_71' title='bbox 1035 1113 1285 1162; x_wconf 90' lang='lat' dir='ltr'><strong>sacerdote</strong></span> <span class='ocrx_word' id='word_1_72' title='bbox 1321 1113 1517 1161; x_wconf 93' lang='lat' dir='ltr'><strong>idiotico</strong></span> <span class='ocrx_word' id='word_1_73' title='bbox 1554 1122 1602 1161; x_wconf 91' lang='lat' dir='ltr'><strong>et</strong></span> <span class='ocrx_word' id='word_1_74' title='bbox 1637 1114 1841 1175; x_wconf 90' lang='lat' dir='ltr'><strong>indigno</strong></span> <span class='ocrx_word' id='word_1_75' title='bbox 1878 1113 1931 1161; x_wconf 91' lang='lat' dir='ltr'><strong>fit</strong></span> <span class='ocrx_word' id='word_1_76' title='bbox 1966 1114 2154 1162; x_wconf 90' lang='lat' dir='ltr'><strong>noviter</strong></span> <span class='ocrx_word' id='word_1_77' title='bbox 2183 1126 2360 1175; x_wconf 92' lang='lat' dir='ltr'><strong>corpus</strong></span> 
     </span>
     <span class='ocr_line' id='line_1_11' title="bbox 608 1194 2363 1257; baseline -0.001 -15"><span class='ocrx_word' id='word_1_78' title='bbox 608 1194 798 1252; x_wconf 88' lang='lat' dir='ltr'><strong>Christi,</strong></span> <span class='ocrx_word' id='word_1_79' title='bbox 824 1209 915 1242; x_wconf 90' lang='lat' dir='ltr'><strong>nec</strong></span> <span class='ocrx_word' id='word_1_80' title='bbox 940 1202 1052 1242; x_wconf 91' lang='lat' dir='ltr'><strong>ante</strong></span> <span class='ocrx_word' id='word_1_81' title='bbox 1087 1195 1284 1257; x_wconf 87' lang='lat' dir='ltr'><strong>plenam</strong></span> <span class='ocrx_word' id='word_1_82' title='bbox 1319 1195 1641 1256; x_wconf 86' lang='lat' dir='ltr'><strong>prolationem</strong></span> <span class='ocrx_word' id='word_1_83' title='bbox 1676 1196 1883 1242; x_wconf 90' lang='lat' dir='ltr'><strong>istorum</strong></span> <span class='ocrx_word' id='word_1_84' title='bbox 1907 1194 2170 1242; x_wconf 75' lang='lat' dir='ltr'><strong>verborum&#39;</strong></span> <span class='ocrx_word' id='word_1_85' title='bbox 2202 1209 2363 1242; x_wconf 88' lang='lat' dir='ltr'><strong>sacra-</strong></span> 
     </span>
     <span class='ocr_line' id='line_1_12' title="bbox 605 1275 2363 1339; baseline 0.001 -16"><span class='ocrx_word' id='word_1_86' title='bbox 605 1276 887 1324; x_wconf 88' lang='lat' dir='ltr'><strong>mentalium</strong></span> <span class='ocrx_word' id='word_1_87' title='bbox 910 1276 962 1323; x_wconf 88' lang='lat' dir='ltr'><strong>fit</strong></span> <span class='ocrx_word' id='word_1_88' title='bbox 986 1275 1210 1324; x_wconf 91' lang='lat' dir='ltr'><strong>accidens</strong></span> <span class='ocrx_word' id='word_1_89' title='bbox 1238 1277 1343 1323; x_wconf 91' lang='lat' dir='ltr'><strong>sine</strong></span> <span class='ocrx_word' id='word_1_90' title='bbox 1369 1276 1615 1339; x_wconf 89' lang='lat' dir='ltr'><strong>subjecto;</strong></span> <span class='ocrx_word' id='word_1_91' title='bbox 1667 1284 1714 1324; x_wconf 93' lang='lat' dir='ltr'><strong>et</strong></span> <span class='ocrx_word' id='word_1_92' title='bbox 1747 1277 1816 1324; x_wconf 93' lang='lat' dir='ltr'><strong>sie</strong></span> <span class='ocrx_word' id='word_1_93' title='bbox 1841 1291 1990 1339; x_wconf 89' lang='lat' dir='ltr'><strong>quam</strong></span> <span class='ocrx_word' id='word_1_94' title='bbox 2017 1276 2100 1324; x_wconf 92' lang='lat' dir='ltr'><strong>diu</strong></span> <span class='ocrx_word' id='word_1_95' title='bbox 2124 1275 2363 1324; x_wconf 87' lang='lat' dir='ltr'><strong>duraverit</strong></span> 
     </span>
     <span class='ocr_line' id='line_1_13' title="bbox 605 1356 2363 1420; baseline 0 -16"><span class='ocrx_word' id='word_1_96' title='bbox 605 1373 879 1420; x_wconf 90' lang='lat' dir='ltr'><strong>pronomen</strong></span> <span class='ocrx_word' id='word_1_97' title='bbox 905 1357 1335 1405; x_wconf 91' lang='lat' dir='ltr'><strong>demonstrativum</strong></span> <span class='ocrx_word' id='word_1_98' title='bbox 1364 1358 1716 1419; x_wconf 91' lang='lat' dir='ltr'><strong>propositionis</strong></span> <span class='ocrx_word' id='word_1_99' title='bbox 1753 1358 2125 1415; x_wconf 88' lang='lat' dir='ltr'><strong>sacramentalis,</strong></span> <span class='ocrx_word' id='word_1_100' title='bbox 2151 1371 2255 1405; x_wconf 90' lang='lat' dir='ltr'><strong>non</strong></span> <span class='ocrx_word' id='word_1_101' title='bbox 2277 1356 2363 1404; x_wconf 87' lang='lat' dir='ltr'><strong>de-</strong></span> 
     </span>
     <span class='ocr_line' id='line_1_14' title="bbox 606 1438 2362 1501; baseline 0 -15"><span class='ocrx_word' id='word_1_102' title='bbox 606 1447 898 1487; x_wconf 89' lang='lat' dir='ltr'><strong>monstratur</strong></span> <span class='ocrx_word' id='word_1_103' title='bbox 929 1438 1156 1487; x_wconf 86' lang='lat' dir='ltr'><strong>accidens</strong></span> <span class='ocrx_word' id='word_1_104' title='bbox 1193 1439 1298 1486; x_wconf 91' lang='lat' dir='ltr'><strong>sine</strong></span> <span class='ocrx_word' id='word_1_105' title='bbox 1335 1439 1554 1501; x_wconf 88' lang='lat' dir='ltr'><strong>subjecto</strong></span> <span class='ocrx_word' id='word_1_106' title='bbox 1588 1455 1700 1487; x_wconf 90' lang='lat' dir='ltr'><strong>cum</strong></span> <span class='ocrx_word' id='word_1_107' title='bbox 1732 1439 1917 1487; x_wconf 91' lang='lat' dir='ltr'><strong>tamdiu</strong></span> <span class='ocrx_word' id='word_1_108' title='bbox 1942 1439 2171 1487; x_wconf 90' lang='lat' dir='ltr'><strong>continue</strong></span> <span class='ocrx_word' id='word_1_109' title='bbox 2196 1445 2362 1486; x_wconf 88' lang='lat' dir='ltr'><strong>manet</strong></span> 
     </span>
     <span class='ocr_line' id='line_1_15' title="bbox 607 1519 2365 1584; baseline 0 -17"><span class='ocrx_word' id='word_1_110' title='bbox 607 1521 760 1583; x_wconf 88' lang='lat' dir='ltr'><strong>panis.</strong></span> <span class='ocrx_word' id='word_1_111' title='bbox 833 1520 1056 1568; x_wconf 88' lang='lat' dir='ltr'><strong>Similiter</strong></span> <span class='ocrx_word' id='word_1_112' title='bbox 1081 1520 1220 1568; x_wconf 85' lang='lat' dir='ltr'><strong>cum⁷</strong></span> <span class='ocrx_word' id='word_1_113' title='bbox 1241 1520 1377 1582; x_wconf 87' lang='lat' dir='ltr'><strong>juxta</strong></span> <span class='ocrx_word' id='word_1_114' title='bbox 1402 1528 1610 1578; x_wconf 88' lang='lat' dir='ltr'><strong>sanctos,</strong></span> <span class='ocrx_word' id='word_1_115' title='bbox 1637 1521 2226 1584; x_wconf 80' lang='lat' dir='ltr'><strong>quicunque&#39;imposuerit</strong></span> <span class='ocrx_word' id='word_1_116' title='bbox 2249 1519 2365 1568; x_wconf 91' lang='lat' dir='ltr'><strong>fidei</strong></span> 
     </span>
     <span class='ocr_line' id='line_1_16' title="bbox 608 1602 2360 1666; baseline -0.001 -15"><span class='ocrx_word' id='word_1_117' title='bbox 608 1605 868 1666; x_wconf 88' lang='lat' dir='ltr'><strong>scripturae</strong></span> <span class='ocrx_word' id='word_1_118' title='bbox 905 1603 1113 1664; x_wconf 90' lang='lat' dir='ltr'><strong>aliquem</strong></span> <span class='ocrx_word' id='word_1_119' title='bbox 1151 1618 1349 1650; x_wconf 90' lang='lat' dir='ltr'><strong>sensum</strong></span> <span class='ocrx_word' id='word_1_120' title='bbox 1385 1610 1688 1662; x_wconf 88' lang='lat' dir='ltr'><strong>extraneum,</strong></span> <span class='ocrx_word' id='word_1_121' title='bbox 1725 1618 1872 1665; x_wconf 93' lang='lat' dir='ltr'><strong>quem</strong></span> <span class='ocrx_word' id='word_1_122' title='bbox 1909 1603 2112 1666; x_wconf 86' lang='lat' dir='ltr'><strong>Spiritus</strong></span> <span class='ocrx_word' id='word_1_123' title='bbox 2152 1602 2360 1651; x_wconf 87' lang='lat' dir='ltr'><strong>Sanctus</strong></span> 
     </span>
     <span class='ocr_line' id='line_1_17' title="bbox 607 1683 2363 1746; baseline 0 -14"><span class='ocrx_word' id='word_1_124' title='bbox 607 1700 709 1732; x_wconf 93' lang='lat' dir='ltr'><strong>non</strong></span> <span class='ocrx_word' id='word_1_125' title='bbox 744 1684 941 1746; x_wconf 88' lang='lat' dir='ltr'><strong>flagitat,</strong></span> <span class='ocrx_word' id='word_1_126' title='bbox 978 1685 1038 1732; x_wconf 90' lang='lat' dir='ltr'><strong>sit</strong></span> <span class='ocrx_word' id='word_1_127' title='bbox 1072 1692 1125 1732; x_wconf 92' lang='lat' dir='ltr'><strong>ut</strong></span> <span class='ocrx_word' id='word_1_128' title='bbox 1161 1683 1255 1732; x_wconf 80' lang='lat' dir='ltr'><strong>sic⁸</strong></span> <span class='ocrx_word' id='word_1_129' title='bbox 1291 1684 1572 1741; x_wconf 87' lang='lat' dir='ltr'><strong>haereticus,</strong></span> <span class='ocrx_word' id='word_1_130' title='bbox 1612 1693 1658 1732; x_wconf 91' lang='lat' dir='ltr'><strong>et</strong></span> <span class='ocrx_word' id='word_1_131' title='bbox 1695 1685 1783 1733; x_wconf 92' lang='lat' dir='ltr'><strong>iste</strong></span> <span class='ocrx_word' id='word_1_132' title='bbox 1819 1699 1993 1732; x_wconf 91' lang='lat' dir='ltr'><strong>sensus</strong></span> <span class='ocrx_word' id='word_1_133' title='bbox 2030 1699 2123 1733; x_wconf 88' lang='lat' dir='ltr'><strong>nec</strong></span> <span class='ocrx_word' id='word_1_134' title='bbox 2162 1699 2224 1733; x_wconf 84' lang='lat' dir='ltr'><strong>ex</strong></span> <span class='ocrx_word' id='word_1_135' title='bbox 2265 1683 2363 1732; x_wconf 85' lang='lat' dir='ltr'><strong>fide</strong></span> 
     </span>
     <span class='ocr_line' id='line_1_18' title="bbox 609 1763 2365 1828; baseline -0.001 -14"><span class='ocrx_word' id='word_1_136' title='bbox 609 1768 869 1828; x_wconf 85' lang='lat' dir='ltr'><strong>scripturae</strong></span> <span class='ocrx_word' id='word_1_137' title='bbox 910 1781 1002 1813; x_wconf 91' lang='lat' dir='ltr'><strong>nec</strong></span> <span class='ocrx_word' id='word_1_138' title='bbox 1045 1781 1105 1812; x_wconf 90' lang='lat' dir='ltr'><strong>ex</strong></span> <span class='ocrx_word' id='word_1_139' title='bbox 1144 1765 1440 1813; x_wconf 89' lang='lat' dir='ltr'><strong>revelatione</strong></span> <span class='ocrx_word' id='word_1_140' title='bbox 1476 1766 1550 1813; x_wconf 94' lang='lat' dir='ltr'><strong>vel</strong></span> <span class='ocrx_word' id='word_1_141' title='bbox 1587 1767 1774 1814; x_wconf 87' lang='lat' dir='ltr'><strong>ratione</strong></span> <span class='ocrx_word' id='word_1_142' title='bbox 1816 1765 2008 1814; x_wconf 90' lang='lat' dir='ltr'><strong>ostendi</strong></span> <span class='ocrx_word' id='word_1_143' title='bbox 2050 1766 2239 1828; x_wconf 85' lang='lat' dir='ltr'><strong>poterit,</strong></span> <span class='ocrx_word' id='word_1_144' title='bbox 2277 1763 2365 1813; x_wconf 86' lang='lat' dir='ltr'><strong>sed</strong></span> 
     </span>
     <span class='ocr_line' id='line_1_19' title="bbox 610 1847 2362 1911; baseline -0.001 -15"><span class='ocrx_word' id='word_1_145' title='bbox 610 1862 926 1911; x_wconf 91' lang='lat' dir='ltr'><strong>quoscunque</strong></span> <span class='ocrx_word' id='word_1_146' title='bbox 975 1855 1170 1894; x_wconf 87' lang='lat' dir='ltr'><strong>sanctos</strong></span> <span class='ocrx_word' id='word_1_147' title='bbox 1212 1862 1369 1909; x_wconf 89' lang='lat' dir='ltr'><strong>usque</strong></span> <span class='ocrx_word' id='word_1_148' title='bbox 1409 1847 1472 1894; x_wconf 90' lang='lat' dir='ltr'><strong>ad</strong></span> <span class='ocrx_word' id='word_1_149' title='bbox 1521 1848 1814 1896; x_wconf 90' lang='lat' dir='ltr'><strong>solutionem</strong></span> <span class='ocrx_word' id='word_1_150' title='bbox 1863 1847 2111 1896; x_wconf 87' lang='lat' dir='ltr'><strong>Sathanae</strong></span> <span class='ocrx_word' id='word_1_151' title='bbox 2157 1847 2362 1896; x_wconf 89' lang='lat' dir='ltr'><strong>omnino</strong></span> 
     </span>
     <span class='ocr_line' id='line_1_20' title="bbox 610 1926 2364 1990; baseline -0.001 -13"><span class='ocrx_word' id='word_1_152' title='bbox 610 1930 757 1986; x_wconf 90' lang='lat' dir='ltr'><strong>latuit,</strong></span> <span class='ocrx_word' id='word_1_153' title='bbox 783 1936 829 1976; x_wconf 91' lang='lat' dir='ltr'><strong>et</strong></span> <span class='ocrx_word' id='word_1_154' title='bbox 861 1928 1019 1990; x_wconf 92' lang='lat' dir='ltr'><strong>plures</strong></span> <span class='ocrx_word' id='word_1_155' title='bbox 1054 1928 1206 1976; x_wconf 89' lang='lat' dir='ltr'><strong>sancti</strong></span> <span class='ocrx_word' id='word_1_156' title='bbox 1238 1936 1290 1975; x_wconf 90' lang='lat' dir='ltr'><strong>ut</strong></span> <span class='ocrx_word' id='word_1_157' title='bbox 1320 1926 1647 1990; x_wconf 80' lang='lat' dir='ltr'><strong>Augustinus⁹</strong></span> <span class='ocrx_word' id='word_1_158' title='bbox 1679 1938 1725 1977; x_wconf 91' lang='lat' dir='ltr'><strong>et</strong></span> <span class='ocrx_word' id='word_1_159' title='bbox 1755 1930 1893 1977; x_wconf 87' lang='lat' dir='ltr'><strong>vivax</strong></span> <span class='ocrx_word' id='word_1_160' title='bbox 1925 1929 2045 1977; x_wconf 90' lang='lat' dir='ltr'><strong>ratio</strong></span> <span class='ocrx_word' id='word_1_161' title='bbox 2077 1927 2364 1976; x_wconf 84' lang='lat' dir='ltr'><strong>omnimode</strong></span> 
     </span>
     <span class='ocr_line' id='line_1_21' title="bbox 613 2008 2362 2073; baseline 0 -15"><span class='ocrx_word' id='word_1_162' title='bbox 613 2010 960 2067; x_wconf 91' lang='lat' dir='ltr'><strong>contradicunt,</strong></span> <span class='ocrx_word' id='word_1_163' title='bbox 981 2016 1124 2071; x_wconf 88' lang='lat' dir='ltr'><strong>patet,</strong></span> <span class='ocrx_word' id='word_1_164' title='bbox 1146 2008 1279 2070; x_wconf 93' lang='lat' dir='ltr'><strong>quod</strong></span> <span class='ocrx_word' id='word_1_165' title='bbox 1304 2010 1393 2056; x_wconf 87' lang='lat' dir='ltr'><strong>ista</strong></span> <span class='ocrx_word' id='word_1_166' title='bbox 1418 2011 1656 2058; x_wconf 89' lang='lat' dir='ltr'><strong>sententia</strong></span> <span class='ocrx_word' id='word_1_167' title='bbox 1681 2011 1739 2058; x_wconf 91' lang='lat' dir='ltr'><strong>sit</strong></span> <span class='ocrx_word' id='word_1_168' title='bbox 1759 2010 2036 2073; x_wconf 91' lang='lat' dir='ltr'><strong>simpliciter</strong></span> <span class='ocrx_word' id='word_1_169' title='bbox 2060 2009 2362 2067; x_wconf 86' lang='lat' dir='ltr'><strong>dimittenda,</strong></span> 
     </span>
     <span class='ocr_line' id='line_1_22' title="bbox 614 2090 2364 2155; baseline -0.001 -15"><span class='ocrx_word' id='word_1_170' title='bbox 614 2091 880 2155; x_wconf 86' lang='lat' dir='ltr'><strong>specialiter</strong></span> <span class='ocrx_word' id='word_1_171' title='bbox 904 2105 1015 2138; x_wconf 91' lang='lat' dir='ltr'><strong>curn</strong></span> <span class='ocrx_word' id='word_1_172' title='bbox 1041 2091 1098 2138; x_wconf 91' lang='lat' dir='ltr'><strong>sit</strong></span> <span class='ocrx_word' id='word_1_173' title='bbox 1123 2090 1254 2138; x_wconf 89' lang='lat' dir='ltr'><strong>falsa.</strong></span> <span class='ocrx_word' id='word_1_174' title='bbox 1328 2090 1535 2152; x_wconf 86' lang='lat' dir='ltr'><strong>Oportet</strong></span> <span class='ocrx_word' id='word_1_175' title='bbox 1559 2091 1690 2139; x_wconf 91' lang='lat' dir='ltr'><strong>enim</strong></span> <span class='ocrx_word' id='word_1_176' title='bbox 1714 2092 1832 2139; x_wconf 92' lang='lat' dir='ltr'><strong>istos</strong></span> <span class='ocrx_word' id='word_1_177' title='bbox 1863 2092 2148 2153; x_wconf 89' lang='lat' dir='ltr'><strong>scripturam</strong></span> <span class='ocrx_word' id='word_1_178' title='bbox 2175 2104 2364 2139; x_wconf 87' lang='lat' dir='ltr'><strong>sacram</strong></span> 
     </span>
     <span class='ocr_line' id='line_1_23' title="bbox 615 2170 2363 2234; baseline -0.001 -15"><span class='ocrx_word' id='word_1_179' title='bbox 615 2172 867 2233; x_wconf 88' lang='lat' dir='ltr'><strong>corrigere,</strong></span> <span class='ocrx_word' id='word_1_180' title='bbox 894 2185 996 2218; x_wconf 92' lang='lat' dir='ltr'><strong>non</strong></span> <span class='ocrx_word' id='word_1_181' title='bbox 1021 2171 1155 2233; x_wconf 90' lang='lat' dir='ltr'><strong>quod</strong></span> <span class='ocrx_word' id='word_1_182' title='bbox 1179 2170 1274 2217; x_wconf 90' lang='lat' dir='ltr'><strong>hoc</strong></span> <span class='ocrx_word' id='word_1_183' title='bbox 1312 2172 1538 2219; x_wconf 85' lang='lat' dir='ltr'><strong>accidens</strong></span> <span class='ocrx_word' id='word_1_184' title='bbox 1572 2173 1675 2219; x_wconf 87' lang='lat' dir='ltr'><strong>sine</strong></span> <span class='ocrx_word' id='word_1_185' title='bbox 1708 2172 1926 2234; x_wconf 89' lang='lat' dir='ltr'><strong>subjecto</strong></span> <span class='ocrx_word' id='word_1_186' title='bbox 1959 2172 2030 2220; x_wconf 91' lang='lat' dir='ltr'><strong>eis</strong></span> <span class='ocrx_word' id='word_1_187' title='bbox 2058 2171 2363 2234; x_wconf 85' lang='lat' dir='ltr'><strong>incognitum</strong></span> 
     </span>
     <span class='ocr_line' id='line_1_24' title="bbox 613 2251 2365 2316; baseline -0.001 -15"><span class='ocrx_word' id='word_1_188' title='bbox 613 2260 679 2301; x_wconf 83' lang='lat' dir='ltr'><strong>est</strong></span> <span class='ocrx_word' id='word_1_189' title='bbox 701 2268 878 2315; x_wconf 92' lang='lat' dir='ltr'><strong>corpus</strong></span> <span class='ocrx_word' id='word_1_190' title='bbox 905 2252 1095 2310; x_wconf 87' lang='lat' dir='ltr'><strong>Christi,</strong></span> <span class='ocrx_word' id='word_1_191' title='bbox 1131 2251 1217 2299; x_wconf 91' lang='lat' dir='ltr'><strong>sed</strong></span> <span class='ocrx_word' id='word_1_192' title='bbox 1250 2252 1383 2312; x_wconf 90' lang='lat' dir='ltr'><strong>quod</strong></span> <span class='ocrx_word' id='word_1_193' title='bbox 1415 2252 1574 2315; x_wconf 90' lang='lat' dir='ltr'><strong>ipsum</strong></span> <span class='ocrx_word' id='word_1_194' title='bbox 1603 2255 1765 2316; x_wconf 70' lang='lat' dir='ltr'><strong>szjgnat</strong></span> <span class='ocrx_word' id='word_1_195' title='bbox 1794 2268 1971 2315; x_wconf 84' lang='lat' dir='ltr'><strong>corpus</strong></span> <span class='ocrx_word' id='word_1_196' title='bbox 1997 2252 2188 2302; x_wconf 91' lang='lat' dir='ltr'><strong>Christi.</strong></span> <span class='ocrx_word' id='word_1_197' title='bbox 2267 2252 2365 2301; x_wconf 92' lang='lat' dir='ltr'><strong>Sed</strong></span> 
     </span>
     <span class='ocr_line' id='line_1_25' title="bbox 615 2334 2370 2397; baseline 0.001 -16"><span class='ocrx_word' id='word_1_198' title='bbox 615 2334 865 2397; x_wconf 91' lang='lat' dir='ltr'><strong>quomodo</strong></span> <span class='ocrx_word' id='word_1_199' title='bbox 898 2335 1064 2381; x_wconf 90' lang='lat' dir='ltr'><strong>virtute</strong></span> <span class='ocrx_word' id='word_1_200' title='bbox 1094 2334 1229 2381; x_wconf 91' lang='lat' dir='ltr'><strong>istius</strong></span> <span class='ocrx_word' id='word_1_201' title='bbox 1267 2334 1529 2381; x_wconf 89' lang='lat' dir='ltr'><strong>sententiae</strong></span> <span class='ocrx_word' id='word_1_202' title='bbox 1561 2334 1656 2381; x_wconf 86' lang='lat' dir='ltr'><strong>fit¹⁰</strong></span> <span class='ocrx_word' id='word_1_203' title='bbox 1674 2334 2115 2382; x_wconf 87' lang='lat' dir='ltr'><strong>transubstantiatio</strong></span> <span class='ocrx_word' id='word_1_204' title='bbox 2139 2334 2214 2382; x_wconf 89' lang='lat' dir='ltr'><strong>vel</strong></span> <span class='ocrx_word' id='word_1_205' title='bbox 2237 2334 2370 2383; x_wconf 70' lang='lat' dir='ltr'><strong>acci-&#39;</strong></span> 
     </span>
     <span class='ocr_line' id='line_1_26' title="bbox 616 2414 2364 2479; baseline 0 -15"><span class='ocrx_word' id='word_1_206' title='bbox 616 2417 736 2464; x_wconf 92' lang='lat' dir='ltr'><strong>dens</strong></span> <span class='ocrx_word' id='word_1_207' title='bbox 761 2417 864 2463; x_wconf 91' lang='lat' dir='ltr'><strong>sine</strong></span> <span class='ocrx_word' id='word_1_208' title='bbox 891 2416 1123 2477; x_wconf 86' lang='lat' dir='ltr'><strong>subjectO,</strong></span> <span class='ocrx_word' id='word_1_209' title='bbox 1150 2430 1260 2462; x_wconf 90' lang='lat' dir='ltr'><strong>cum</strong></span> <span class='ocrx_word' id='word_1_210' title='bbox 1286 2414 1399 2460; x_wconf 92' lang='lat' dir='ltr'><strong>illud</strong></span> <span class='ocrx_word' id='word_1_211' title='bbox 1424 2416 1651 2463; x_wconf 90' lang='lat' dir='ltr'><strong>accidens</strong></span> <span class='ocrx_word' id='word_1_212' title='bbox 1675 2416 1768 2464; x_wconf 89' lang='lat' dir='ltr'><strong>in¹1</strong></span> <span class='ocrx_word' id='word_1_213' title='bbox 1793 2417 2019 2479; x_wconf 51' lang='lat' dir='ltr'><strong>subjecto¹</strong></span> <span class='ocrx_word' id='word_1_214' title='bbox 2037 2430 2192 2478; x_wconf 88' lang='lat' dir='ltr'><strong>aeque</strong></span> <span class='ocrx_word' id='word_1_215' title='bbox 2216 2415 2364 2478; x_wconf 77' lang='lat' dir='ltr'><strong>signi-</strong></span> 
     </span>
     <span class='ocr_line' id='line_1_27' title="bbox 616 2495 2365 2559; baseline 0.001 -15"><span class='ocrx_word' id='word_1_216' title='bbox 616 2498 757 2546; x_wconf 89' lang='lat' dir='ltr'><strong>ficare</strong></span> <span class='ocrx_word' id='word_1_217' title='bbox 783 2497 958 2559; x_wconf 92' lang='lat' dir='ltr'><strong>poterit</strong></span> <span class='ocrx_word' id='word_1_218' title='bbox 981 2511 1156 2558; x_wconf 92' lang='lat' dir='ltr'><strong>corpus</strong></span> <span class='ocrx_word' id='word_1_219' title='bbox 1183 2495 1392 2542; x_wconf 83' lang='lat' dir='ltr'><strong>Christi?</strong></span> <span class='ocrx_word' id='word_1_220' title='bbox 1444 2496 1592 2544; x_wconf 89' lang='lat' dir='ltr'><strong>Tales</strong></span> <span class='ocrx_word' id='word_1_221' title='bbox 1613 2505 1774 2544; x_wconf 89' lang='lat' dir='ltr'><strong>autem</strong></span> <span class='ocrx_word' id='word_1_222' title='bbox 1792 2497 2019 2545; x_wconf 89' lang='lat' dir='ltr'><strong>haeretici</strong></span> <span class='ocrx_word' id='word_1_223' title='bbox 2037 2512 2140 2545; x_wconf 93' lang='lat' dir='ltr'><strong>non</strong></span> <span class='ocrx_word' id='word_1_224' title='bbox 2156 2503 2365 2559; x_wconf 88' lang='lat' dir='ltr'><strong>possunt</strong></span> 
     </span>
     <span class='ocr_line' id='line_1_28' title="bbox 615 2578 2366 2641; baseline 0.001 -15"><span class='ocrx_word' id='word_1_225' title='bbox 615 2580 812 2641; x_wconf 88' lang='lat' dir='ltr'><strong>fingere,</strong></span> <span class='ocrx_word' id='word_1_226' title='bbox 844 2593 934 2640; x_wconf 93' lang='lat' dir='ltr'><strong>pro</strong></span> <span class='ocrx_word' id='word_1_227' title='bbox 971 2592 1069 2640; x_wconf 93' lang='lat' dir='ltr'><strong>quo</strong></span> <span class='ocrx_word' id='word_1_228' title='bbox 1106 2578 1300 2625; x_wconf 88' lang='lat' dir='ltr'><strong>instanti</strong></span> <span class='ocrx_word' id='word_1_229' title='bbox 1333 2585 1404 2625; x_wconf 89' lang='lat' dir='ltr'><strong>est</strong></span> <span class='ocrx_word' id='word_1_230' title='bbox 1436 2579 1878 2626; x_wconf 90' lang='lat' dir='ltr'><strong>transubstantiatio</strong></span> <span class='ocrx_word' id='word_1_231' title='bbox 1904 2578 1979 2626; x_wconf 91' lang='lat' dir='ltr'><strong>vel</strong></span> <span class='ocrx_word' id='word_1_232' title='bbox 2010 2578 2236 2627; x_wconf 77' lang='lat' dir='ltr'><strong>accidens</strong></span> <span class='ocrx_word' id='word_1_233' title='bbox 2261 2579 2366 2628; x_wconf 82' lang='lat' dir='ltr'><strong>sine</strong></span> 
     </span>
     <span class='ocr_line' id='line_1_29' title="bbox 616 2659 2364 2723; baseline 0 -15"><span class='ocrx_word' id='word_1_234' title='bbox 616 2661 850 2723; x_wconf 89' lang='lat' dir='ltr'><strong>subjecto.</strong></span> <span class='ocrx_word' id='word_1_235' title='bbox 920 2659 983 2706; x_wconf 91' lang='lat' dir='ltr'><strong>Et</strong></span> <span class='ocrx_word' id='word_1_236' title='bbox 1008 2660 1129 2707; x_wconf 90' lang='lat' dir='ltr'><strong>sicut</strong></span> <span class='ocrx_word' id='word_1_237' title='bbox 1161 2660 1340 2707; x_wconf 93' lang='lat' dir='ltr'><strong>tollitur</strong></span> <span class='ocrx_word' id='word_1_238' title='bbox 1373 2660 1463 2708; x_wconf 88' lang='lat' dir='ltr'><strong>ista</strong></span> <span class='ocrx_word' id='word_1_239' title='bbox 1494 2659 1665 2721; x_wconf 87' lang='lat' dir='ltr'><strong>triplex</strong></span> <span class='ocrx_word' id='word_1_240' title='bbox 1698 2660 1936 2707; x_wconf 91' lang='lat' dir='ltr'><strong>sententia</strong></span> <span class='ocrx_word' id='word_1_241' title='bbox 1959 2659 2190 2708; x_wconf 89' lang='lat' dir='ltr'><strong>derisoria</strong></span> <span class='ocrx_word' id='word_1_242' title='bbox 2220 2667 2364 2722; x_wconf 89' lang='lat' dir='ltr'><strong>atque</strong></span> 
     </span>
     <span class='ocr_line' id='line_1_30' title="bbox 615 2740 2365 2803; baseline -0.001 -14"><span class='ocrx_word' id='word_1_243' title='bbox 615 2757 833 2799; x_wconf 87' lang='lat' dir='ltr'><strong>erronea,</strong></span> <span class='ocrx_word' id='word_1_244' title='bbox 860 2740 972 2788; x_wconf 85' lang='lat' dir='ltr'><strong>sic12</strong></span> <span class='ocrx_word' id='word_1_245' title='bbox 995 2755 1314 2803; x_wconf 90' lang='lat' dir='ltr'><strong>quaecunque</strong></span> <span class='ocrx_word' id='word_1_246' title='bbox 1338 2742 1430 2789; x_wconf 89' lang='lat' dir='ltr'><strong>alia</strong></span> <span class='ocrx_word' id='word_1_247' title='bbox 1453 2741 1703 2798; x_wconf 88' lang='lat' dir='ltr'><strong>haeretica,</strong></span> <span class='ocrx_word' id='word_1_248' title='bbox 1730 2741 1794 2788; x_wconf 90' lang='lat' dir='ltr'><strong>ad</strong></span> <span class='ocrx_word' id='word_1_249' title='bbox 1817 2742 1963 2789; x_wconf 89' lang='lat' dir='ltr'><strong>verba</strong></span> <span class='ocrx_word' id='word_1_250' title='bbox 1985 2741 2188 2789; x_wconf 90' lang='lat' dir='ltr'><strong>Domini</strong></span> <span class='ocrx_word' id='word_1_251' title='bbox 2217 2741 2365 2790; x_wconf 90' lang='lat' dir='ltr'><strong>simu-</strong></span> 
     </span>
     <span class='ocr_line' id='line_1_31' title="bbox 615 2819 2367 2884; baseline -0.001 -14"><span class='ocrx_word' id='word_1_252' title='bbox 615 2822 773 2870; x_wconf 89' lang='lat' dir='ltr'><strong>landa.</strong></span> <span class='ocrx_word' id='word_1_253' title='bbox 847 2821 1085 2869; x_wconf 88' lang='lat' dir='ltr'><strong>Standum</strong></span> <span class='ocrx_word' id='word_1_254' title='bbox 1121 2837 1237 2884; x_wconf 92' lang='lat' dir='ltr'><strong>ergo</strong></span> <span class='ocrx_word' id='word_1_255' title='bbox 1275 2830 1348 2870; x_wconf 88' lang='lat' dir='ltr'><strong>est</strong></span> <span class='ocrx_word' id='word_1_256' title='bbox 1384 2823 1647 2869; x_wconf 89' lang='lat' dir='ltr'><strong>sententiae</strong></span> <span class='ocrx_word' id='word_1_257' title='bbox 1671 2820 1910 2878; x_wconf 72' lang='lat' dir='ltr'><strong>Ieronymz&#39;</strong></span> <span class='ocrx_word' id='word_1_258' title='bbox 1940 2819 2200 2884; x_wconf 80' lang='lat' dir='ltr'><strong>theologi¹³</strong></span> <span class='ocrx_word' id='word_1_259' title='bbox 2224 2820 2367 2871; x_wconf 87' lang='lat' dir='ltr'><strong>solidi</strong></span> 
     </span>
     <span class='ocr_line' id='line_1_32' title="bbox 616 2902 2364 2970; baseline 0 -19"><span class='ocrx_word' id='word_1_260' title='bbox 616 2911 664 2951; x_wconf 90' lang='lat' dir='ltr'><strong>et</strong></span> <span class='ocrx_word' id='word_1_261' title='bbox 700 2903 898 2960; x_wconf 92' lang='lat' dir='ltr'><strong>subtilis,</strong></span> <span class='ocrx_word' id='word_1_262' title='bbox 925 2902 1066 2964; x_wconf 77' lang='lat' dir='ltr'><strong>qua¹⁴</strong></span> <span class='ocrx_word' id='word_1_263' title='bbox 1102 2902 1227 2970; x_wconf 89' lang='lat' dir='ltr'><strong>dicit,</strong></span> <span class='ocrx_word' id='word_1_264' title='bbox 1253 2904 1388 2965; x_wconf 91' lang='lat' dir='ltr'><strong>quod</strong></span> <span class='ocrx_word' id='word_1_265' title='bbox 1422 2905 1562 2965; x_wconf 89' lang='lat' dir='ltr'><strong>panis</strong></span> <span class='ocrx_word' id='word_1_266' title='bbox 1598 2903 2005 2951; x_wconf 88' lang='lat' dir='ltr'><strong>sacramentaliter</strong></span> <span class='ocrx_word' id='word_1_267' title='bbox 2039 2910 2112 2951; x_wconf 90' lang='lat' dir='ltr'><strong>est</strong></span> <span class='ocrx_word' id='word_1_268' title='bbox 2143 2903 2364 2951; x_wconf 87' lang='lat' dir='ltr'><strong>virtutute</strong></span> 
     </span>
     <span class='ocr_line' id='line_1_33' title="bbox 613 2982 2361 3046; baseline -0.001 -15"><span class='ocrx_word' id='word_1_269' title='bbox 613 2986 872 3033; x_wconf 91' lang='lat' dir='ltr'><strong>verborum</strong></span> <span class='ocrx_word' id='word_1_270' title='bbox 902 2983 1080 3032; x_wconf 91' lang='lat' dir='ltr'><strong>Christi</strong></span> <span class='ocrx_word' id='word_1_271' title='bbox 1116 2999 1293 3046; x_wconf 93' lang='lat' dir='ltr'><strong>corpus</strong></span> <span class='ocrx_word' id='word_1_272' title='bbox 1325 2984 1527 3033; x_wconf 91' lang='lat' dir='ltr'><strong>Domini</strong></span> <span class='ocrx_word' id='word_1_273' title='bbox 1563 2984 1822 3032; x_wconf 90' lang='lat' dir='ltr'><strong>salvatoris.</strong></span> <span class='ocrx_word' id='word_1_274' title='bbox 1894 2982 2066 3042; x_wconf 85' lang='lat' dir='ltr'><strong>Qualis</strong></span> <span class='ocrx_word' id='word_1_275' title='bbox 2101 2990 2265 3033; x_wconf 85' lang='lat' dir='ltr'><strong>autem</strong></span> <span class='ocrx_word' id='word_1_276' title='bbox 2300 2983 2361 3033; x_wconf 90' lang='lat' dir='ltr'><strong>sit</strong></span> 
     </span>
    </p>
   </div>
   <div class='ocr_carea' id='block_1_4' title="bbox 617 3164 2365 3544">
    <p class='ocr_par' dir='ltr' id='par_1_4' title="bbox 617 3164 2365 3544">
     <span class='ocr_line' id='line_1_34' title="bbox 671 3164 2364 3221; baseline -0.001 -13"><span class='ocrx_word' id='word_1_277' title='bbox 671 3171 686 3194; x_wconf 89' lang='lat'><strong>1</strong></span> <span class='ocrx_word' id='word_1_278' title='bbox 715 3168 1005 3221; x_wconf 90' lang='lat' dir='ltr'><strong>communiter]</strong></span> <span class='ocrx_word' id='word_1_279' title='bbox 1027 3173 1331 3220; x_wconf 85' lang='lat' dir='ltr'><strong>consequenter,</strong></span> <span class='ocrx_word' id='word_1_280' title='bbox 1352 3167 1414 3207; x_wconf 89' lang='lat' dir='ltr'><strong>ed.</strong></span> <span class='ocrx_word' id='word_1_281' title='bbox 1435 3180 1496 3220; x_wconf 89' lang='lat' dir='ltr'><strong>pr.</strong></span> <span class='ocrx_word' id='word_1_282' title='bbox 1698 3165 1715 3188; x_wconf 77' lang='lat'><strong>²</strong></span> <span class='ocrx_word' id='word_1_283' title='bbox 1741 3165 2047 3218; x_wconf 87' lang='lat' dir='ltr'><strong>intellexerunt]</strong></span> <span class='ocrx_word' id='word_1_284' title='bbox 2067 3164 2364 3213; x_wconf 84' lang='lat' dir='ltr'><strong>intellexerant,</strong></span> 
     </span>
     <span class='ocr_line' id='line_1_35' title="bbox 617 3218 2362 3275; baseline -0.001 -12"><span class='ocrx_word' id='word_1_285' title='bbox 617 3223 681 3264; x_wconf 89' lang='lat' dir='ltr'><strong>ed.</strong></span> <span class='ocrx_word' id='word_1_286' title='bbox 700 3237 762 3275; x_wconf 89' lang='lat' dir='ltr'><strong>pr.</strong></span> <span class='ocrx_word' id='word_1_287' title='bbox 967 3223 982 3245; x_wconf 82' lang='lat'>⁸</span> <span class='ocrx_word' id='word_1_288' title='bbox 1011 3222 1090 3275; x_wconf 91' lang='lat' dir='ltr'><strong>sic]</strong></span> <span class='ocrx_word' id='word_1_289' title='bbox 1113 3223 1228 3268; x_wconf 91' lang='lat' dir='ltr'><strong>sicut,</strong></span> <span class='ocrx_word' id='word_1_290' title='bbox 1250 3223 1312 3268; x_wconf 92' lang='lat' dir='ltr'><strong>C.,</strong></span> <span class='ocrx_word' id='word_1_291' title='bbox 1334 3222 1381 3260; x_wconf 91' lang='lat' dir='ltr'><strong>B.</strong></span> <span class='ocrx_word' id='word_1_292' title='bbox 1402 3222 1558 3274; x_wconf 85' lang='lat' dir='ltr'><strong>primae</strong></span> <span class='ocrx_word' id='word_1_293' title='bbox 1575 3233 1734 3266; x_wconf 89' lang='lat' dir='ltr'><strong>manus,</strong></span> <span class='ocrx_word' id='word_1_294' title='bbox 1754 3220 1817 3260; x_wconf 90' lang='lat' dir='ltr'><strong>ed.</strong></span> <span class='ocrx_word' id='word_1_295' title='bbox 1837 3233 1898 3273; x_wconf 90' lang='lat' dir='ltr'><strong>pr.</strong></span> <span class='ocrx_word' id='word_1_296' title='bbox 2116 3218 2133 3243; x_wconf 71' lang='lat'><strong>⁴</strong></span> <span class='ocrx_word' id='word_1_297' title='bbox 2157 3221 2362 3273; x_wconf 84' lang='lat' dir='ltr'><strong>asserunt]</strong></span> 
     </span>
     <span class='ocr_line' id='line_1_36' title="bbox 617 3273 2364 3330; baseline -0.001 -13"><span class='ocrx_word' id='word_1_298' title='bbox 617 3278 834 3322; x_wconf 85' lang='lat' dir='ltr'><strong>affirmant,</strong></span> <span class='ocrx_word' id='word_1_299' title='bbox 856 3277 911 3317; x_wconf 88' lang='lat' dir='ltr'><strong>D.</strong></span> <span class='ocrx_word' id='word_1_300' title='bbox 932 3277 996 3317; x_wconf 90' lang='lat' dir='ltr'><strong>ed.</strong></span> <span class='ocrx_word' id='word_1_301' title='bbox 1017 3290 1079 3330; x_wconf 91' lang='lat' dir='ltr'><strong>pr.</strong></span> <span class='ocrx_word' id='word_1_302' title='bbox 1270 3277 1285 3299; x_wconf 84' lang='lat'>⁵</span> <span class='ocrx_word' id='word_1_303' title='bbox 1317 3276 1440 3327; x_wconf 90' lang='lat' dir='ltr'><strong>sicut]</strong></span> <span class='ocrx_word' id='word_1_304' title='bbox 1463 3276 1533 3321; x_wconf 92' lang='lat' dir='ltr'><strong>sic,</strong></span> <span class='ocrx_word' id='word_1_305' title='bbox 1554 3275 1606 3314; x_wconf 92' lang='lat' dir='ltr'><strong>A.</strong></span> <span class='ocrx_word' id='word_1_306' title='bbox 1627 3275 1691 3314; x_wconf 86' lang='lat' dir='ltr'><strong>ed.</strong></span> <span class='ocrx_word' id='word_1_307' title='bbox 1710 3287 1774 3327; x_wconf 90' lang='lat' dir='ltr'><strong>pr.</strong></span> <span class='ocrx_word' id='word_1_308' title='bbox 1951 3274 1967 3297; x_wconf 81' lang='lat'>⁶</span> <span class='ocrx_word' id='word_1_309' title='bbox 1995 3273 2179 3326; x_wconf 86' lang='lat' dir='ltr'><strong>oportet]</strong></span> <span class='ocrx_word' id='word_1_310' title='bbox 2199 3278 2364 3328; x_wconf 86' lang='lat' dir='ltr'><strong>oportet</strong></span> 
     </span>
     <span class='ocr_line' id='line_1_37' title="bbox 618 3327 2365 3383; baseline -0.001 -12"><span class='ocrx_word' id='word_1_311' title='bbox 618 3345 706 3377; x_wconf 91' lang='lat' dir='ltr'><strong>nos,</strong></span> <span class='ocrx_word' id='word_1_312' title='bbox 728 3333 791 3371; x_wconf 87' lang='lat' dir='ltr'><strong>ed.</strong></span> <span class='ocrx_word' id='word_1_313' title='bbox 812 3345 872 3383; x_wconf 89' lang='lat' dir='ltr'><strong>pr.</strong></span> <span class='ocrx_word' id='word_1_314' title='bbox 1035 3330 1052 3354; x_wconf 80' lang='lat'>⁷</span> <span class='ocrx_word' id='word_1_315' title='bbox 1080 3344 1164 3370; x_wconf 89' lang='lat' dir='ltr'><strong>non</strong></span> <span class='ocrx_word' id='word_1_316' title='bbox 1183 3328 1725 3370; x_wconf 84' lang='lat' dir='ltr'><strong>demonstratur—similiter</strong></span> <span class='ocrx_word' id='word_1_317' title='bbox 1745 3328 1857 3380; x_wconf 92' lang='lat' dir='ltr'><strong>cum]</strong></span> <span class='ocrx_word' id='word_1_318' title='bbox 1879 3341 1962 3368; x_wconf 85' lang='lat' dir='ltr'><strong>om.</strong></span> <span class='ocrx_word' id='word_1_319' title='bbox 1983 3327 2039 3368; x_wconf 93' lang='lat' dir='ltr'><strong>D.</strong></span> <span class='ocrx_word' id='word_1_320' title='bbox 2204 3328 2220 3352; x_wconf 77' lang='lat'>⁸</span> <span class='ocrx_word' id='word_1_321' title='bbox 2247 3328 2301 3368; x_wconf 91' lang='lat' dir='ltr'><strong>sit</strong></span> <span class='ocrx_word' id='word_1_322' title='bbox 2317 3334 2365 3369; x_wconf 89' lang='lat' dir='ltr'><strong>ut</strong></span> 
     </span>
     <span class='ocr_line' id='line_1_38' title="bbox 620 3381 2365 3437; baseline -0.001 -13"><span class='ocrx_word' id='word_1_323' title='bbox 620 3386 696 3437; x_wconf 90' lang='lat' dir='ltr'><strong>sic]</strong></span> <span class='ocrx_word' id='word_1_324' title='bbox 718 3392 763 3425; x_wconf 96' lang='lat' dir='ltr'><strong>ut</strong></span> <span class='ocrx_word' id='word_1_325' title='bbox 784 3386 852 3431; x_wconf 87' lang='lat' dir='ltr'><strong>sic,</strong></span> <span class='ocrx_word' id='word_1_326' title='bbox 873 3391 947 3431; x_wconf 87' lang='lat' dir='ltr'><strong>est,</strong></span> <span class='ocrx_word' id='word_1_327' title='bbox 967 3385 1044 3430; x_wconf 91' lang='lat' dir='ltr'><strong>A.;</strong></span> <span class='ocrx_word' id='word_1_328' title='bbox 1075 3385 1133 3424; x_wconf 92' lang='lat' dir='ltr'><strong>sic</strong></span> <span class='ocrx_word' id='word_1_329' title='bbox 1151 3390 1197 3424; x_wconf 92' lang='lat' dir='ltr'><strong>ut</strong></span> <span class='ocrx_word' id='word_1_330' title='bbox 1217 3385 1284 3430; x_wconf 90' lang='lat' dir='ltr'><strong>sit,</strong></span> <span class='ocrx_word' id='word_1_331' title='bbox 1303 3384 1367 3424; x_wconf 86' lang='lat' dir='ltr'><strong>ed.</strong></span> <span class='ocrx_word' id='word_1_332' title='bbox 1389 3397 1450 3436; x_wconf 92' lang='lat' dir='ltr'><strong>pr.</strong></span> <span class='ocrx_word' id='word_1_333' title='bbox 1620 3383 1635 3406; x_wconf 84' lang='lat'>⁹</span> <span class='ocrx_word' id='word_1_334' title='bbox 1663 3388 1710 3423; x_wconf 90' lang='lat' dir='ltr'><strong>ut</strong></span> <span class='ocrx_word' id='word_1_335' title='bbox 1730 3381 2004 3435; x_wconf 89' lang='lat' dir='ltr'><strong>Augustinus]</strong></span> <span class='ocrx_word' id='word_1_336' title='bbox 2019 3387 2066 3422; x_wconf 90' lang='lat' dir='ltr'><strong>ut</strong></span> <span class='ocrx_word' id='word_1_337' title='bbox 2086 3381 2365 3434; x_wconf 82' lang='lat' dir='ltr'><strong>Hieronymus</strong></span> 
     </span>
     <span class='ocr_line' id='line_1_39' title="bbox 619 3435 2364 3490; baseline -0.002 -12"><span class='ocrx_word' id='word_1_338' title='bbox 619 3444 671 3484; x_wconf 85' lang='lat' dir='ltr'><strong>et,</strong></span> <span class='ocrx_word' id='word_1_339' title='bbox 695 3440 848 3480; x_wconf 92' lang='lat' dir='ltr'><strong>A.B.C.</strong></span> <span class='ocrx_word' id='word_1_340' title='bbox 1012 3439 1042 3463; x_wconf 84' lang='lat'><strong>¹⁰</strong></span> <span class='ocrx_word' id='word_1_341' title='bbox 1071 3438 1136 3490; x_wconf 88' lang='lat' dir='ltr'><strong>fit]</strong></span> <span class='ocrx_word' id='word_1_342' title='bbox 1158 3439 1274 3479; x_wconf 88' lang='lat' dir='ltr'><strong>foret.</strong></span> <span class='ocrx_word' id='word_1_343' title='bbox 1297 3439 1365 3484; x_wconf 92' lang='lat' dir='ltr'><strong>D.‚</strong></span> <span class='ocrx_word' id='word_1_344' title='bbox 1386 3439 1438 3477; x_wconf 92' lang='lat' dir='ltr'><strong>A.</strong></span> <span class='ocrx_word' id='word_1_345' title='bbox 1458 3437 1614 3490; x_wconf 88' lang='lat' dir='ltr'><strong>primae</strong></span> <span class='ocrx_word' id='word_1_346' title='bbox 1632 3449 1790 3477; x_wconf 87' lang='lat' dir='ltr'><strong>manus.</strong></span> <span class='ocrx_word' id='word_1_347' title='bbox 1958 3436 1988 3462; x_wconf 81' lang='lat'><strong>¹¹</strong></span> <span class='ocrx_word' id='word_1_348' title='bbox 2016 3435 2078 3488; x_wconf 87' lang='lat' dir='ltr'><strong>in]</strong></span> <span class='ocrx_word' id='word_1_349' title='bbox 2100 3435 2200 3482; x_wconf 86' lang='lat' dir='ltr'><strong>sine,</strong></span> <span class='ocrx_word' id='word_1_350' title='bbox 2218 3435 2282 3476; x_wconf 82' lang='lat' dir='ltr'><strong>ed.</strong></span> <span class='ocrx_word' id='word_1_351' title='bbox 2301 3449 2364 3489; x_wconf 89' lang='lat' dir='ltr'><strong>pr.</strong></span> 
     </span>
     <span class='ocr_line' id='line_1_40' title="bbox 619 3489 2365 3544; baseline -0.001 -12"><span class='ocrx_word' id='word_1_352' title='bbox 619 3492 650 3516; x_wconf 83' lang='lat'><strong>1²</strong></span> <span class='ocrx_word' id='word_1_353' title='bbox 678 3493 912 3544; x_wconf 89' lang='lat' dir='ltr'><strong>sicut—sic]</strong></span> <span class='ocrx_word' id='word_1_354' title='bbox 934 3493 1165 3538; x_wconf 82' lang='lat' dir='ltr'><strong>sic—sicut,</strong></span> <span class='ocrx_word' id='word_1_355' title='bbox 1186 3493 1340 3533; x_wconf 90' lang='lat' dir='ltr'><strong>A.B.C.</strong></span> <span class='ocrx_word' id='word_1_356' title='bbox 1361 3492 1424 3532; x_wconf 89' lang='lat' dir='ltr'><strong>ed.</strong></span> <span class='ocrx_word' id='word_1_357' title='bbox 1445 3505 1506 3544; x_wconf 84' lang='lat' dir='ltr'><strong>pr.</strong></span> <span class='ocrx_word' id='word_1_358' title='bbox 1758 3490 1788 3514; x_wconf 82' lang='lat'><strong>¹³</strong></span> <span class='ocrx_word' id='word_1_359' title='bbox 1816 3489 2020 3543; x_wconf 85' lang='lat' dir='ltr'><strong>theologi]</strong></span> <span class='ocrx_word' id='word_1_360' title='bbox 2040 3502 2122 3531; x_wconf 84' lang='lat' dir='ltr'><strong>om.</strong></span> <span class='ocrx_word' id='word_1_361' title='bbox 2143 3489 2191 3530; x_wconf 88' lang='grc' dir='ltr'><strong>Β.</strong></span> <span class='ocrx_word' id='word_1_362' title='bbox 2206 3489 2365 3542; x_wconf 84' lang='lat' dir='ltr'><strong>primae</strong></span> 
     </span>
    </p>
   </div>
   <div class='ocr_carea' id='block_1_5' title="bbox 589 3545 1704 3612">
    <p class='ocr_par' dir='ltr' id='par_1_5' title="bbox 589 3545 1704 3612">
     <span class='ocr_line' id='line_1_41' title="bbox 589 3545 1704 3612; baseline 0.001 -28"><span class='ocrx_word' id='word_1_363' title='bbox 589 3607 592 3612; x_wconf 21' lang='grc' dir='ltr'>ι</span> <span class='ocrx_word' id='word_1_364' title='bbox 620 3559 775 3592; x_wconf 89' lang='lat' dir='ltr'><strong>manus,</strong></span> <span class='ocrx_word' id='word_1_365' title='bbox 796 3548 857 3587; x_wconf 92' lang='lat' dir='ltr'><strong>ed.</strong></span> <span class='ocrx_word' id='word_1_366' title='bbox 881 3560 941 3599; x_wconf 90' lang='lat' dir='ltr'><strong>pr.</strong></span> <span class='ocrx_word' id='word_1_367' title='bbox 1107 3546 1136 3571; x_wconf 71' lang='lat'><strong>14</strong></span> <span class='ocrx_word' id='word_1_368' title='bbox 1163 3547 1263 3599; x_wconf 91' lang='lat' dir='ltr'><strong>qua]</strong></span> <span class='ocrx_word' id='word_1_369' title='bbox 1285 3547 1366 3598; x_wconf 85' lang='lat' dir='ltr'><strong>qui,</strong></span> <span class='ocrx_word' id='word_1_370' title='bbox 1386 3546 1540 3586; x_wconf 89' lang='lat' dir='ltr'><strong>A.B.C.</strong></span> <span class='ocrx_word' id='word_1_371' title='bbox 1561 3545 1623 3585; x_wconf 89' lang='lat' dir='ltr'><strong>ed.</strong></span> <span class='ocrx_word' id='word_1_372' title='bbox 1644 3558 1704 3597; x_wconf 87' lang='lat' dir='ltr'><strong>pr.</strong></span> 
     </span>
    </p>
   </div>
  </div>
 </body>
</html>
