2496 4108
376 431 476 482 242

1067 412 1493 477 sOANNIS
1563 413 1918 464 WICLIF
2000 422 2003 424 '
2203 431 2368 461 mmm.

613 556 702 596 stat
737 548 988 611 potissime
1023 547 1072 593 in
1109 545 1340 609 superba1
1375 554 1423 594 et
1459 547 1600 595 stulta
1639 548 2034 610 praesumptione
2070 546 2131 595 de
2165 544 2364 608 propria

610 630 785 691 logica,
835 644 947 675 cum
1002 628 1162 690 logica
1211 629 1474 691 scripturae
1531 630 1588 676 sit
1635 629 1903 677 rectissima
1950 627 2260 678 subtilissima
2313 633 2363 674 et

611 711 820 757 maxime
861 710 1096 757 usitanda.
1167 710 1257 758 Illa
1297 711 1428 758 enim
1469 710 1636 758 trahit2
1677 711 1766 758 sibi
1802 710 1992 772 regulas
2033 709 2363 772 cujuscunque

610 791 721 839 artis
746 791 952 838 liberalis
976 798 1028 837 ut
1054 791 1265 848 domina,
1293 799 1339 838 et
1365 806 1467 838 non
1501 792 1646 839 debet
1675 791 1968 839 adinventis³
1992 790 2168 853 regulis
2189 789 2362 837 huma-

610 874 735 920 nitus
775 873 1039 934 subjacere,
1084 873 1169 920 sed
1211 874 1421 934 supponi
1462 873 1512 919 in
1553 874 1747 920 veritate
1791 872 2070 930 sententiae,
2112 872 2163 918 in
2205 870 2363 919 forma

610 956 866 1002 verborum
890 961 938 1000 et
963 953 1123 1015 logica
1155 954 1441 1015 praecellere
1474 955 1732 1017 scripturas
1765 954 1881 1002 alias
1915 951 2290 1015 qualescunque,
2314 959 2363 1001 et

610 1036 828 1083 veritates
865 1036 1217 1083 necessariores
1253 1036 1409 1098 magis
1451 1036 1734 1098 exprimere,
1777 1036 1880 1084 illas
1923 1044 2085 1084 autem
2125 1035 2362 1091 veritates,

610 1133 734 1179 quae
767 1132 869 1164 non
901 1125 1012 1165 sunt
1043 1118 1109 1163 ita
1139 1117 1277 1165 utiles
1311 1117 1373 1164 ad
1404 1117 1764 1175 beatitudinem,
1789 1118 1945 1179 magis
1975 1116 2291 1172 abscondere,
2315 1123 2363 1163 et

610 1199 949 1262 quascunque4
985 1198 1283 1247 difficultates
1318 1214 1438 1261 quas
1473 1198 1699 1260 implicat,
1735 1206 1787 1246 ut
1817 1197 2114 1261 Augustinus
2149 1198 2323 1245 edocet
2333 1196 2365 1254 ⁵,

612 1281 674 1327 ad
699 1281 978 1327 exercitium
1010 1281 1309 1328 meritorium
1334 1277 1517 1342 ipsam⁶
1542 1280 1802 1328 studentis⁷
1818 1280 2060 1328 humiliter
2082 1295 2144 1327 ex
2167 1279 2362 1327 ordina-

610 1364 742 1409 tione
770 1361 934 1409 Sancti
962 1362 1165 1423 Spiritus
1198 1361 1368 1409 dicitur
1400 1363 1662 1420 continere,
1688 1361 1801 1424 quia
1834 1362 1914 1409 illa
1948 1368 2021 1409 est
2044 1361 2214 1424 regina
2236 1375 2361 1423 quae

611 1443 867 1505 loquitur⁸:
904 1444 1006 1506 ‘qui
1026 1444 1267 1490 elucidant
1286 1458 1379 1501 me,
1399 1444 1546 1490 vitam
1565 1451 1810 1491 aeternam
1829 1442 2104 1490 habebunt.’
2150 1442 2363 1505 Expedit

612 1534 771 1573 autem
807 1540 897 1587 pro
934 1525 1183 1573 habenda⁹
1219 1525 1496 1586 hujusmodi
1533 1525 1794 1587 scripturae
1829 1525 2010 1581 notitia,
2037 1524 2171 1586 quod
2205 1523 2361 1572 fidelis

611 1609 662 1654 in
686 1615 818 1654 recta
841 1607 1000 1669 logica
1026 1615 1073 1654 et
1098 1606 1407 1669 philosophia
1439 1607 1672 1668 depurata
1695 1622 1724 1653 a
1747 1606 1964 1653 Domino
1999 1606 2059 1652 sit
2088 1605 2360 1664 instructus,

610 1696 661 1736 ut
697 1688 879 1735 dictum
915 1698 987 1736 est
1023 1688 1137 1736 alias
1172 1687 1231 1735 de
1262 1696 1502 1735 armatura
1537 1688 1798 1750 multiplici,
1825 1702 1922 1750 qua
1957 1694 2256 1736 armarentur
2290 1688 2363 1735 sui

614 1770 822 1817 cultores
852 1777 1019 1816 contra
1044 1769 1350 1831 discipulos¹⁰
1374 1769 1649 1816 antichristi.
1718 1769 1890 1815 Primo
1914 1768 2049 1831 quod
2071 1768 2366 1816 instruantur

612 1852 662 1898 in
702 1859 833 1898 recta
880 1851 1115 1899 sententia
1162 1851 1221 1898 de
1268 1851 1628 1898 universalibus.
1717 1851 1866 1898 Tales
1909 1851 2040 1898 enim
2081 1850 2374 1919 colligentes·

614 1947 782 1979 sensus
807 1947 920 1979 suos
946 1933 1008 1979 ad
1032 1932 1314 1998 universalia
1337 1948 1494 1993 pauca
1524 1933 1799 1994 respiciunt,
1825 1940 1872 1979 et
1895 1933 2041 1980 verba
2063 1947 2149 1980 sua
2171 1932 2365 1994 impug-

614 2012 831 2061 nantur11
878 2021 924 2060 et
972 2014 1031 2060 de
1079 2014 1168 2061 levi
1215 2014 1553 2075 pronunciant.
1632 2012 1837 2060 Secundo
1882 2013 2016 2075 quod
2062 2020 2365 2075 cognoscant

615 2094 881 2142 secundum
918 2103 1099 2142 rectam
1140 2095 1506 2156 metaphisicam
1548 2095 1740 2142 scholae
1782 2094 1973 2152 Christi,
2012 2095 2260 2142 veritatem
2302 2094 2363 2144 de

615 2175 877 2237 quidditate
902 2176 1132 2237 temporis
1156 2184 1202 2223 et
1235 2176 1438 2222 aliorum
1471 2176 1805 2234 accidentium,
1832 2176 2084 2238 quomodo
2117 2191 2221 2224 non
2253 2183 2366 2224 sunt

613 2257 704 2303 nisi
748 2257 1089 2318 dispositiones
1132 2258 1349 2319 subjecto
1392 2272 1480 2304 suo
1521 2257 1780 2305 formaliter
1814 2258 2131 2307 inhaerentes.
2208 2257 2365 2306 Tertio

613 2338 747 2399 quod
790 2346 1102 2399 cognoscant,
1140 2339 1275 2400 quod
1316 2339 1446 2400 apud
1481 2338 1643 2386 Deum
1685 2347 1731 2386 et
1772 2340 1995 2388 homines
2036 2340 2203 2388 omnia
2239 2355 2365 2403 quae

612 2419 802 2466 fuerunt
849 2420 924 2466 vel
970 2428 1121 2476 erunt,
1173 2428 1284 2466 sunt
1338 2421 1388 2466 in
1442 2435 1623 2481 magno
1670 2429 1889 2482 tempore
1936 2422 2026 2468 sibi
2080 2423 2364 2484 praesentia.

617 2499 794 2557 Quarto
835 2500 967 2561 quod
1004 2508 1319 2562 cognoscant,
1359 2501 1493 2561 quod
1530 2509 1774 2549 creaturae
1812 2501 1993 2550 habent
2027 2502 2078 2549 in
2111 2501 2223 2550 Deo
2257 2517 2374 2551 esset

611 2580 764 2627 ideale
797 2589 1057 2639 aeternum,
1087 2577 1392 2628 existentiam
1425 2583 1475 2628 in
1509 2597 1598 2629 suo
1632 2598 1810 2644 genere
1843 2585 2141 2631 aeternaliter
2171 2592 2364 2632 antece-

611 2662 744 2710 dens.
814 2662 878 2709 Et
915 2664 1070 2723 quinto
1110 2663 1244 2724 quod
1285 2671 1586 2724 cognoscant
1622 2665 1919 2712 materialem
1959 2666 2220 2714 essentiam
2257 2681 2363 2715 esse

609 2752 905 2805 perpetuam,
933 2753 979 2791 et
1005 2744 1186 2792 formas
1210 2745 1478 2792 materiales
1504 2760 1610 2793 esse
1635 2746 1739 2808 ejus
1764 2746 2116 2807 dispositiones,
2136 2747 2247 2796 licet
2270 2748 2365 2796 sint

611 2826 880 2887 specierum
914 2828 960 2873 et
991 2841 1225 2888 generum
1257 2826 1560 2888 quidditates.
1636 2827 1698 2873 Et
1720 2828 1849 2875 istud
1873 2835 2005 2889 patet
2030 2842 2144 2875 cum
2167 2828 2365 2876 distinc-

610 2907 821 2954 tionibus
847 2908 950 2954 aliis
970 2923 1166 2955 sensum
1187 2908 1447 2969 scripturae
1466 2908 1779 2970 multiplicem
1798 2909 1995 2969 aperire.
2057 2908 2153 2956 Sed
2171 2911 2283 2971 quia
2301 2909 2362 2957 de

611 2989 838 3035 omnibus
864 2989 1044 3037 dictum
1069 2997 1141 3036 est
1164 2989 1509 3050 particulariter
1538 2997 1586 3036 et
1618 2989 1790 3036 diffuse
1823 2990 1946 3046 alibi,
1971 2989 2184 3037 tollendo
2217 2991 2363 3053 parti-

611 3068 794 3116 culares
841 3070 1061 3131 objectus
1104 3069 1258 3117 factos
1299 3070 1362 3116 ab
1407 3070 1571 3116 insciis
1619 3077 1788 3117 contra
1834 3070 2118 3132 scripturam
2158 3086 2362 3131 sacram,

665 3230 679 3253 ¹
709 3230 903 3283 superba]
926 3230 1127 3283 superbia,
1150 3230 1306 3270 A.B.C.
1328 3230 1390 3270 ed.
1411 3244 1472 3282 pr.
1635 3231 1651 3253 ²
1679 3230 1824 3282 trahit]
1847 3230 2062 3277 subtrahit,
2079 3231 2125 3271 Β.
2249 3232 2264 3255 ³
2291 3233 2363 3272 ad·

610 3283 803 3336 inventis]
821 3286 875 3324 ab
886 3285 1074 3331 inventis,
1087 3285 1150 3325 ed.
1166 3298 1226 3337 pr.
1336 3284 1351 3306 4
1370 3285 1650 3337 quascunque]
1665 3285 1975 3337 qualescunque,
1990 3285 2044 3324 A.
2152 3285 2168 3309 ⁵
2192 3285 2359 3339 edocet]

610 3338 742 3384 docet,
764 3339 827 3378 ed.
848 3352 910 3390 pr.
1193 3339 1209 3362 ⁶
1237 3339 1389 3391 ipsam]
1410 3339 1558 3391 ipsum,
1578 3339 1642 3378 ed.
1663 3352 1723 3391 pr.
1996 3338 2012 3362 ⁷
2040 3339 2259 3392 studentis]
2276 3346 2360 3380 stu-

610 3392 764 3438 dentes,
786 3393 838 3431 A.
1114 3393 1130 3416 ⁸
1157 3392 1356 3446 loquitur]
1378 3393 1558 3445 loquitur
1577 3392 1854 3433 Ecclesiastici
1871 3393 1991 3438 xxiv„
2012 3393 2166 3434 A.B.C.
2186 3394 2250 3434 ed.
2269 3407 2357 3446 pr.;

611 3445 661 3484 cf.
682 3446 807 3485 Sirac.
828 3447 936 3485 xxiv.
1306 3447 1321 3469 ⁹
1350 3460 1426 3499 pro
1444 3447 1654 3499 habenda]
1674 3446 1891 3499 profunda,
1912 3447 1958 3487 B.
1979 3447 2180 3488 secundae
2198 3461 2357 3488 manus.

612 3498 642 3559 {⁰
670 3500 923 3594 discipulos]3
935 3500 1126 3547 discolos,
1149 3501 1196 3541 B.
1217 3500 1373 3553 primae
1391 3514 1549 3547 manuS,
1569 3501 1634 3541 ed.
1653 3514 1715 3556 pr.
1988 3501 2019 3526 ¹1
2045 3501 2358 3554 impugnantur]

611 3560 866 3604 impugnant,
928 3585 937 3594 .
2346 3596 2352 3601 .

2478 3566 2496 3590 {l
