2424 4120
368 417 472 489 398

1044 414 1470 476 JOANNIS
1541 415 1889 465 WICLIF
2195 436 2347 465 ΜΕΝ.

604 550 906 596 intrinsecus.
976 548 1053 594 Ex
1090 565 1189 612 quo
1226 557 1356 610 patet
1392 549 1525 612 quod
1561 549 1757 611 quilibet
1789 550 2000 598 existens
2034 551 2085 597 in
2110 549 2249 598 coelo
2287 548 2346 595 sit

604 645 756 691 aeque
799 631 980 678 beatus.
1054 630 1277 679 Similiter
1317 630 1501 678 videtur
1541 630 1771 687 mirabile,
1810 629 1943 692 quod
1983 631 2153 678 beatus
2177 629 2346 691 aliquis

604 710 665 757 de
701 703 994 759 beatitudine
1032 713 1088 761 sit
1118 728 1326 771 securuS,
1354 727 1467 760 cum
1501 727 1700 760 necesse
1737 712 1795 760 sit
1830 712 1966 774 quod
1987 711 2124 761 Deus
2158 711 2347 760 contin-

603 791 880 851 gentissime
916 801 1076 854 potest
1112 795 1274 856 ipsum
1310 793 1554 851 damnare,
1593 808 1705 841 cum
1744 808 1931 841 summe
1969 780 2117 841 libere
2156 799 2346 840 contra·
2423 774 2424 787 ἵ

605 871 802 919 dictorie
838 873 997 934 ipsum
1034 875 1181 923 salvat
1195 891 1208 934 ;
1262 875 1512 938 quomodo
1550 888 1667 936 ergo
1710 882 1782 922 est
1822 874 1872 921 in
1910 873 2204 922 beatitudine
2240 872 2347 922 talis

604 954 866 1001 securitas?

669 1033 941 1083 Phronesz's.
1013 1035 1136 1084 Hic1
1178 1036 1362 1084 videtur
1401 1035 1518 1083 mihi
1560 1034 1694 1098 quod
1735 1034 1859 1083 duae
1899 1049 2139 1098 personae
2179 1042 2349 1083 contra

603 1130 682 1162 me
722 1116 990 1164 inordinate
1031 1118 1345 1180 ingeminant,
1432 1116 1530 1165 Sed
1570 1117 1728 1178 primo
1770 1116 1954 1164 videtur
1995 1114 2129 1178 quod
2170 1115 2348 1164 sororis

603 1212 741 1244 meae
765 1198 984 1259 objectus
1009 1199 1216 1260 triplices
1243 1206 1352 1246 sunt
1378 1197 1607 1255 solvendi,
1629 1205 1675 1249 et
1700 1196 2019 1259 postmodum
2037 1196 2348 1260 ad'quattuor

490 1297 535 1352 rs
602 1277 880 1327 Pseustinas
922 1281 1131 1342 argutias
1172 1296 1259 1342 per
1299 1280 1522 1327 ordinem
1563 1287 1635 1327 est
1675 1278 1948 1326 dicendum.
2018 1277 2189 1326 Primo
2229 1293 2347 1340 ergo

603 1360 714 1421 quia
755 1375 857 1408 non
895 1361 1022 1409 circa
1061 1361 1375 1423 quidditatem
1414 1361 1600 1408 dotium
1642 1367 1714 1408 est
1749 1359 2044 1422 philosopho
2078 1358 2345 1417 difficultaS,

602 1441 711 1488 ideo
738 1442 1078 1503 supponendO,
1105 1442 1239 1504 quod
1272 1441 1506 1504 quidquid
1529 1441 1665 1489 Deus
1699 1455 1909 1502 sponsus
1941 1441 2175 1488 ecclesiae
2199 1441 2347 1503 gratis

602 1522 799 1580 dederit,
838 1523 928 1570 dos
970 1523 1093 1571 illius
1138 1538 1349 1586 sponsae
1392 1538 1605 1585 congrue
1640 1521 1834 1584 posset²
1868 1521 1991 1570 dici:
2044 1521 2107 1570 ad
2141 1523 2347 1583 primum

601 1612 941 1666 argumentum
974 1606 1154 1653 sororis
1187 1605 1462 1666 respondeo
1496 1602 1830 1660 concedendo,
1856 1602 1991 1665 quod
2022 1602 2226 1651 eaedem
2257 1618 2347 1666 po-

601 1686 776 1732 tentiae
809 1685 884 1732 vel
915 1686 1108 1732 virtutes
1145 1686 1334 1732 animae
1359 1685 1560 1733 redeunt
1591 1685 1641 1730 in
1673 1683 1873 1732 homine
1905 1691 2216 1745 resurgente;
2263 1684 2350 1732 sed

602 1773 793 1828 oportet
812 1767 1118 1814 considerare
1138 1767 1270 1829 quod
1289 1781 1390 1813 non
1409 1765 1610 1814 eaedem
1628 1766 1823 1813 virtutes
1841 1767 1892 1814 in
1911 1779 2116 1814 numero
2133 1765 2349 1814 ultimate

601 1849 853 1905 abstracte,
892 1856 939 1895 et
977 1849 1244 1896 secundum
1279 1848 1450 1909 triplex
1485 1847 1776 1909 principium
1812 1846 2130 1905 individuam,
2159 1847 2350 1910 'scilicet

601 1943 766 1990 agens,
806 1929 1074 1991 subjectum
1083 1926 1114 1985 3,
1151 1936 1198 1975 et
1238 1936 1431 1991 tempus
1466 1928 1728 1975 formaliter
1769 1927 1969 1975 diffinite
1978 1924 2009 1986 4,
2046 1929 2350 1977 materialiter

601 2009 850 2056 distinctae
865 2025 877 2069 ;
940 2009 1025 2057 sed
1072 2025 1171 2071 quo
1220 2010 1282 2057 ad
1330 2010 1599 2072 subjectum
1645 2016 1693 2056 et
1739 2023 1890 2070 agens
1945 2009 2190 2071 potentiae
2237 2018 2351 2058 sunt

600 2090 815 2137 eaedem.
885 2089 966 2137 Ad
999 2091 1243 2137 secundum
1278 2098 1615 2152 argumentum
1649 2090 1828 2137 sororis
1862 2090 2140 2152 respondeo
2172 2105 2348 2139 conce-

600 2170 763 2218 dendo
801 2171 904 2229 sibi,
942 2171 1077 2233 quod
1112 2186 1213 2219 non
1251 2171 1394 2219 claret
1435 2171 1553 2218 mihi
1589 2169 1773 2218 adhuc‘⁵
1806 2170 1944 2229 ratio,
1981 2185 2129 2232 quare
2166 2169 2352 2220 forent⁶

600 2260 787 2313 septem
823 2252 897 2300 vel
933 2260 1161 2314 quattuor
1199 2252 1352 2310 dotes,
1389 2252 1506 2315 quin
1539 2267 1626 2314 per
1657 2251 1787 2299 idem
1817 2251 1979 2299 forent
2011 2252 2102 2299 sub
2133 2253 2349 2315 quolibet

599 2348 803 2380 numero
824 2334 1145 2395 assignando;
1183 2333 1268 2381 sed
1288 2333 1584 2395 septenarius
1602 2340 1676 2380 est
1693 2347 1922 2380 numerus
1948 2333 2280 2392 universitatis»,
2301 2342 2350 2383 et

599 2415 929 2476 quaternarius
956 2422 1028 2462 est
1052 2415 1235 2477 primus
1259 2413 1516 2461 numerus⁷
1534 2414 1747 2471 cubicuS,
1768 2413 1881 2461 ideo
1907 2428 2137 2463 numerus
2161 2415 2348 2464 dotium

598 2495 889 2556 pertinenter
913 2495 1014 2542 istis
1038 2496 1251 2543 numeris
1276 2503 1347 2543 est
1366 2496 1595 2556 signatus,
1621 2510 1712 2542 nec
1737 2502 1808 2542 est
1834 2494 1927 2543 dos
1951 2494 2112 2558 aliqua
2143 2495 2261 2558 quin
2287 2496 2346 2543 sit

599 2575 662 2622 ad
686 2575 895 2637 aliquam
921 2576 1120 2623 istarum
1145 2576 1331 2623 dotium
1355 2575 1646 2624 reducenda.
1703 2575 1786 2623 Ad
1803 2577 1991 2624 tertium
2010 2583 2348 2639 argumentum

598 2656 776 2703 sororis
817 2656 1093 2718 respondeo
1136 2655 1469 2715 concedend0‚
1507 2657 1642 2719 quod
1682 2657 1800 2704 istae
1837 2665 2025 2719 septem
2045 2657 2199 2720 'dotes
2236 2656 2347 2704 sunt

597 2737 788 2784 animae
835 2737 1156 2785 accidentales
1198 2738 1272 2785 vel
1311 2738 1467 2785 verius
1516 2738 1880 2800 contingentes;
1936 2737 2048 2786 sed⁸
2094 2737 2212 2801 'quid
2251 2737 2348 2786 hoc

598 2827 766 2866 contra
806 2820 1045 2867 rationem
1086 2820 1284 2878 dotium,
1329 2835 1441 2867 cum
1483 2820 1573 2868 dos
1615 2820 1902 2883 corporalis⁹
1944 2820 2057 2869 data
2102 2821 2242 2868 uxori
2288 2821 2349 2868 sit

598 2901 920 2947 communiter
944 2901 1051 2962 plus
1077 2901 1365 2962 contingens
1389 2909 1436 2948 et
1459 2901 1568 2962 plus
1593 2901 1902 2950 accidentalis
1925 2901 2098 2949 eidem.
2139 2931 2142 2933 >

664 2980 810 3029 Unde
826 2982 888 3028 ad
894 2983 1101 3042 primam
1111 2983 1331 3028 rationem
1347 2981 1562 3028 Pseustz‘s
1576 2982 1850 3044 respondeo
1867 2981 2202 3041 concedend0‚
2211 2983 2346 3046 quod

597 3077 918 3124 quaecunque
943 3063 1088 3110 virtus
1123 3062 1454 3110 intellectualis
1488 3063 1616 3110 beati
1652 3063 1846 3124 spiritus
1881 3071 1956 3111 est
1988 3063 2079 3111 dos
2108 3063 2344 3126 ejusdem,
2416 3054 2424 3108 Ϊ

598 3143 719 3191 sicut
743 3158 891 3191 omne
917 3144 1103 3192 donum
1127 3143 1221 3190 Dei
1245 3144 1378 3205 quod
1411 3144 1621 3206 gratiose
1654 3144 1743 3191 sibi
1773 3143 1959 3192 dederit
1990 3152 2044 3193 ut
2074 3144 2341 3194 inhaerens.
2421 3144 2424 3145 ⁷

650 3264 664 3287 ¹
694 3265 800 3317 Hie]
822 3265 892 3310 sic,
913 3265 976 3304 ed.
995 3278 1058 3317 pr.
1222 3263 1238 3286 ²
1265 3263 1424 3316 posset]
1446 3265 1589 3316 possit,
1609 3263 1674 3303 ed.
1693 3278 1755 3317 pr.
1893 3265 1909 3288 ³
1936 3277 2076 3319 agens,
2096 3263 2342 3317 subjeetum]
2421 3260 2424 3262 ’

597 3317 836 3369 subjectum,
856 3332 995 3371 agens,
1015 3319 1069 3358 A.
1086 3333 1096 3365 3
1127 3317 1317 3357 distincte
1335 3330 1473 3369 agens,
1494 3318 1733 3369 subjectum,
1755 3319 1805 3359 C.
2080 3318 2096 3342 ⁴
2119 3318 2345 3358 formaliter
2411 3351 2424 3354 N

596 3372 786 3424 diffinite]
817 3373 950 3412 forent
975 3371 1239 3412 materialiter
1267 3372 1494 3418 distinctae,
1519 3373 1572 3412 A.
1601 3378 1642 3412 et
1672 3373 1720 3412 C.
1749 3372 1904 3425 primae
1930 3385 2088 3420 manus,
2112 3373 2159 3413 Β.
2188 3372 2252 3412 ed.
2280 3385 2342 3425 pr.
2415 3374 2424 3421 ’-

596 3425 611 3448 ⁵
639 3426 740 3465 mihi
761 3426 914 3478 adhuc]
936 3440 1016 3466 om.
1038 3426 1086 3466 B.
1106 3426 1306 3465 secundae
1325 3438 1482 3465 manus.
1610 3426 1626 3449 ⁸
1654 3425 1807 3478 forent]
1828 3440 1910 3466 om.
1931 3425 2086 3467 A.B.C.
2226 3425 2243 3449 '¹
2269 3439 2343 3465 nu·
2413 3431 2424 3467 ἑ

596 3480 751 3531 merus]
773 3493 854 3519 om.
877 3480 931 3519 D.
1070 3481 1085 3504 ¹³
1114 3479 1204 3531 sed]
1227 3480 1462 3527 secundum,
1481 3479 1544 3520 ed.
1565 3494 1625 3533 pr.
1752 3480 1769 3504 ¹⁹
1797 3479 2042 3533 corporalis]
2062 3479 2344 3533 corporaliter,
2404 3479 2424 3552 ἐ

597 3533 659 3571 ed.
680 3546 740 3584 pr.
