2424 4120
261 316 1580 324 ——<—.-*-.„——-.——-.——————-—-————--——·—w-—.——.„V
1594 318 1887 323 --..-..*-V,-2..,A......
1897 319 2048 324 -..——.

359 421 467 472 414

286 2351 348 2378 Sed
361 2351 448 2378 istam
462 2351 502 2378 ob

285 2393 408 2413 causam
421 2385 486 2412 illos
500 2394 518 2412 a

286 2424 349 2446 Deo
363 2420 523 2447 damnatos

285 2486 407 2514 minime
420 2494 490 2514 con-

285 2520 392 2548 tendit.

1045 407 1467 471 JOANNJS
1537 403 1890 458 WICLIF*
2148 408 2151 411 ·
2211 424 2342 454 w...

600 551 840 600 caverunt,
885 543 1009 590 sicut
1057 543 1359 606 supponitur,
1402 543 1536 606 quod
1581 551 1682 591 tam
1724 544 1816 606 ipsi
1864 558 2013 607 quam
2053 543 2235 606 posteri
2281 557 2343 590 ex

598 623 891 685 negligentia
936 624 1279 673 notificationis
1325 625 1556 673 ecclesiae
1604 625 1774 673 saltem
1821 625 1872 673 in
1917 625 2087 673 mortis
2141 623 2343 673 articulo

598 704 802 765 graviter
837 714 1188 766 peccaverunt3
1239 713 1286 754 et
1320 706 1531 769 gravedo
1567 706 1692 754 illius
1723 706 1911 768 peccati
1946 706 2176 755 continue
2210 704 2359 754 i'nva*

597 785 750 843 lescit,
777 801 889 833 cum
921 787 1119 849 praelati
1145 786 1370 835 Caesarei
1396 788 1688 836 secularibus
1713 787 1942 836 dominiis
1973 788 2083 850 plus
2114 784 2345 837 continue

598 867 869 925 abutuntur,
896 876 944 916 et
967 884 1070 917 non
1102 869 1325 917 obstante
1358 868 1719 918 fortificatione¹
1754 868 2021 917 evidentiae
2052 868 2196 932 huJus
2230 866 2344 916 fidei

598 947 916 1016 declarandae
960 951 1188 999 continue
1230 959 1419 999 armant
1455 966 1507 999 se
1543 951 1850 1013 pertinacius,
1886 949 2140 1013 quomodo
2177 947 2344 998 defen-

599 1029 742 1077 dant²
788 1031 1058 1079 dominium
1104 1041 1397 1095 occupatum
1443 1048 1530 1095 per
1578 1033 1805 1090 clericos;
1866 1031 1939 1079 et⁸
1983 1028 2089 1079 ista
2130 1027 2359 1079 haeresis*

599 1111 868 1158 secundum
903 1112 1045 1160 istam
1080 1115 1318 1162 rationem
1354 1115 1582 1162 continue
1625 1114 1883 1161 invalescit.
1957 1113 2179 1177 Supponi
2214 1112 2358 1160 enim·

598 1199 771 1254 potest,
815 1194 949 1255 quod
990 1193 1230 1246 Hilarius
1269 1195 1570 1258 Augustinus
1605 1195 1885 1242 Ambrosius
1925 1203 1973 1243 et
2005 1191 2151 1246 ceteri
2191 1193 2345 1242 Sancti

598 1273 658 1321 de
694 1275 1083 1336 possessionibus
1118 1275 1293 1324 habitis
1329 1278 1545 1324 vixerant
1581 1277 1694 1324 satis
1736 1291 1896 1338 parce,
1933 1283 1981 1323 et
2023 1273 2157 1339 quod
2197 1275 2345 1337 aliqui

597 1355 789 1403 fuerunt
821 1356 871 1403 in
903 1357 1108 1405 remisso
1138 1359 1393 1420 proposito
1419 1359 1720 1406 dotationem
1750 1358 2030 1421 huJusmodi
2059 1357 2344 1415 dimittendi,

598 1438 718 1485 sicut
742 1438 912 1486 beatus
935 1438 1245 1487 Possidonius
1268 1441 1434 1488 recitat
1458 1440 1519 1488 de
1549 1441 1692 1488 beato
1717 1439 1996 1501 Augustino,
2009 1437 2156 1502 ‘quod
2178 1439 2347 1489 videns

598 1519 799 1568 clericos
839 1535 954 1568 suos
996 1521 1123 1568 circa
1163 1523 1503 1584 possessiones
1546 1536 1658 1569 cum
1695 1521 1877 1569 civibus
1913 1522 2012 1569 suis
2052 1519 2347 1569 contendere

526 1616 529 1620 ·
597 1601 746 1648 voluit
770 1601 986 1650 redditus
1015 1602 1122 1651 illos
1147 1603 1383 1651 dimittere
1410 1611 1457 1650 et
1481 1603 1637 1650 vivere
1662 1603 1722 1650 de
1749 1602 2026 1651 elemosinis
2058 1609 2107 1659 et
2130 1599 2360 1659 decimis,'

598 1684 719 1731 sicut
759 1683 976 1732 vixerunt
1016 1692 1178 1747 patres
1213 1684 1402 1733 Veteris
1444 1685 1762 1732 Testamenti.
1837 1683 1935 1733 Sed
1973 1682 2177 1732 finaliter
2219 1683 2348 1732 cives

599 1764 948 1827 Hipponenses
972 1767 1302 1828 receptionem
1336 1766 1595 1814 dotationis
1626 1766 1906 1829 huJusmodi
1938 1773 2213 1814 renuerunt.
2282 1763 2348 1812 Et

598 1846 666 1893 sic
693 1847 902 1908 supponi
934 1854 1095 1909 potest
1128 1847 1189 1895 de
1212 1847 1460 1895 Ambrosio
1495 1857 1541 1896 et
1574 1848 1677 1895 aliis
1711 1849 1888 1896 sanctis
1919 1847 2177 1911 episcopis.
2249 1844 2359 1895 Sed*

599 1935 781 1974 eertum
822 1934 907 1984 est,
951 1928 1085 1989 quod
1132 1928 1391 1976 existentes
1438 1929 1582 1978 nimis
1623 1930 1808 1977 remissi
1855 1930 1917 1976 in:
1952 1929 2046 1977 isto
2084 1925 2357 1991 'proposito‘

598 2017 918 2070 peccaverunt
932 2025 944 2067 3
999 2009 1110 2057 ideo
1151 2010 1384 2071 quamdiu
1430 2011 1506 2058 isti
1554 2011 1706 2058 sancti
1748 2011 1941 2058 fuerunt
1979 2011 2030 2058 in
2069 2010 2348 2072 purgatorio

598 2089 929 2152 postmodum,
955 2091 1250 2152 ignoramus.
1321 2091 1384 2138 Et
1417 2092 1484 2139 sic
1518 2091 1694 2154 scripta
1726 2091 2006 2155 apocrypha
2037 2091 2266 2154 allegata*
2297 2092 2349 2139 in

598 2172 688 2218 ista
735 2172 934 2220 materia
981 2172 1310 2220 detestamur5.
1398 2172 1461 2220 Et
1509 2173 1575 2221 sic
1625 2174 1759 2236 quod
1806 2172 1893 2220 fuit
1939 2172 2198 2236 peccatum
2244 2171 2348 2220 leve

599 2260 817 2314 tempore
853 2252 1119 2314 Augustini
1156 2262 1228 2301 est
1263 2269 1455 2302 versum
1497 2254 1547 2302 in
1583 2254 1822 2302 haeresim
1856 2254 2168 2316 pertinacem.
2240 2253 2349 2302 Nec

600 2334 796 2380 miretur
820 2334 985 2392 fidelis,
1013 2335 1146 2396 quod
1171 2335 1210 2382 si
1236 2336 1418 2382 essem⁶
1444 2336 1630 2397 positus
1654 2347 1741 2398 per
1764 2335 2065 2398 impossibile
2082 2335 2150 2383 ⁴in-
2178 2350 2350 2384 neces-

601 2414 764 2462 sitate⁷
799 2415 1115 2477 adoptionisss,
1142 2416 1217 2463 vel
1253 2416 1538 2475 concedere,
1565 2417 1699 2479 quod
1735 2417 1811 2464 isti
1846 2413 1969 2464 sint⁹
1992 2414 2210 2465 damnati
2242 2425 2348 2465 tan-

601 2511 746 2557 quam
772 2496 1012 2554 haeretici,
1038 2496 1111 2543 vel
1136 2497 1271 2558 quod
1303 2498 1603 2545 meritorium
1636 2499 1694 2546 sit
1718 2506 1766 2546 et
1797 2498 1982 2545 licitum
1993 2496 2029 2524 ¹⁰
2053 2498 2255 2547 clericos
2280 2499 2349 2547 sic

601 2576 768 2634 dotari,
795 2577 928 2639 quod
963 2578 1279 2639 praeligerem
1314 2579 1522 2640 primam
1558 2587 1760 2641 partem,
1786 2586 1832 2627 et
1862 2579 2128 2627 secundam
2160 2578 2348 2643 partem

599 2659 881 2722 aufugerem
916 2667 1149 2722 tanquam
1185 2662 1466 2723 oppositum
1502 2661 1611 2708 fidei
1648 2661 1963 2709 Christianae.
2033 2660 2094 2708 In
2118 2651 2349 2710 ‘neutram

598 2747 763 2787 tamen
787 2741 984 2788 istarum
1008 2741 1216 2802 partium
1241 2742 1419 2800 incido,
1441 2742 1528 2790 sed
1553 2743 1736 2790 evitans
1763 2739 1972 2804 Scyllam
1989 2749 2038 2789 et
2057 2741 2304 2790 Caribdim
2313 2741 2348 2768 ¹¹

598 2831 790 2870 transeo
826 2839 913 2885 per
948 2823 1176 2882 medium,
1215 2823 1398 2871 dictum
1434 2839 1599 2872 meum
1634 2839 1737 2871 non
1773 2823 2036 2872 diffiniens.·
2097 2822 2204 2872 Nec
2246 2825 2349 2872 scio

599 2920 830 2952 excusare
862 2905 1399 2967 praelatosmodernos
1436 2906 1498 2953 ab
1533 2905 1735 2964 haeresi,
1770 2905 1855 2953 sed
1887 2906 2071 2953 cavebo
2105 2905 2353 2954 diffinitive

600 3001 826 3044 asserere,
865 2986 998 3048 quod
1034 3002 1095 3034 ex
1130 2986 1225 3035 Dei
1259 2987 1578 3049 praescientia
1614 2987 1707 3035 sint
1743 2986 2034 3045 damnandi3
2089 2985 2184 3035 hoc
2216 2988 2348 3043 enim

600 3068 789 3117 excellit
823 3082 986 3116 meam
1021 3068 1240 3115 notitiam
1266 3068 1326 3115 de
1364 3083 1658 3130 quocunque
1694 3082 1842 3130 quem
1864 3067 2007 3115 video
2017 3066 2055 3093 ¹²
2089 3075 2354 3129 quantum-·

655 3233 669 3256 1
698 3230 1006 3283 fortificatione]
1026 3230 1314 3276 fortifactione‚
1335 3244 1372 3270 a.
1393 3232 1432 3270 b.
1692 3231 1707 3252 ²
1734 3230 1974 3283 defendant]
1995 3223 2227 3277 defendent,
2249 3230 2345 3270 A.b.

600 3285 873 3332 defenderent,
895 3286 943 3325 C.
1247 3285 1261 3307 ³
1291 3285 1349 3336 et]
1372 3284 1482 3330 item,
1505 3286 1552 3324 C.
1851 3285 1866 3307 4
1892 3284 2089 3337 allegata]
2111 3297 2193 3325 om.
2213 3285 2345 3325 a.b.C.

599 3340 614 3362 ⁵
642 3340 909 3390 detestamur]
931 3340 1192 3385 detestamus,
1214 3339 1304 3379 cod.
1325 3340 1428 3385 a.b.;
1459 3340 1696 3386 detestatus,
1719 3339 1766 3379 C.
1939 3339 1954 3362 ⁶
1983 3338 2135 3390 essem]
2155 3344 2274 3384 esset,
2296 3339 2345 3378 C.

599 3394 613 3415 ⁷
642 3394 901 3446 necessitate]
923 3393 1218 3439 necessitatem,
1235 3395 1314 3433 a.b.
1335 3394 1491 3445 primae
1510 3407 1667 3433 manus.
1807 3394 1821 3416 ⁸
1849 3392 2103 3446 adoptionis]
2123 3393 2183 3433 sic
2203 3405 2346 3432 omnes

602 3449 733 3488 Codd.
752 3463 760 3494 ;
792 3448 863 3488 sed
883 3449 998 3488 notio
1020 3449 1159 3488 subest
1179 3449 1354 3498 optionis.
1570 3449 1584 3470 ⁹
1614 3447 1714 3498 sint]
1738 3454 1844 3492 sunt,
1865 3449 1913 3487 C.
2108 3447 2137 3470 ¹⁰
2164 3445 2344 3498 licitum]

600 3502 757 3541 licitum
787 3502 851 3548 sit,
873 3503 921 3542 C.
1224 3502 1253 3524 ¹¹
1282 3501 1459 3554 Scyllam
1480 3508 1519 3541 et
1541 3502 1770 3554 Caribdim]
1793 3502 1940 3547 sillam,
1961 3501 2066 3547 a.b.;
2097 3499 2246 3548 cinam,
2269 3501 2343 3547 C.;

602 3556 822 3607 cmibdym,
844 3558 894 3595 A.
1062 3557 1091 3580 ¹²
1118 3556 1257 3608 video]
1282 3557 1433 3601 videro,
1456 3557 1503 3596 C.
2341 3563 2345 3566 ⁴
