2436 4094
338 452 438 518 138

265 2219 383 2247 Auctor
396 2217 445 2244 inv

448 2217 510 2244 ehit

265 2255 296 2282 in
310 2252 473 2286 religiones

264 2288 406 2323 privatas.

1029 442 1453 508 JOANNIS
1511 444 1859 494 WICLIF
1991 427 1999 439 ⁸
2162 463 2320 492 unm.

574 594 705 641 ergo,
743 586 905 625 utrum
941 578 1094 625 viator
1128 579 1284 640 magis
1320 577 1484 626 sedule
1522 578 1801 626 sollicitatur
1833 579 1958 626 circa
1988 579 2177 626 bonum
2210 590 2325 640 pro-

574 661 746 721 prium,
773 674 921 721 quam
956 659 1082 706 circa
1113 660 1469 707 observantiam
1502 660 1622 722 legis
1656 658 1861 719 Christi;
1899 667 1947 707 et
1970 675 2083 708 cum
2107 659 2324 708 constat¹

573 741 865 802 oppositum,
891 747 1023 801 patet
1056 740 1190 802 quod
1222 741 1379 803 major
1403 756 1514 803 pars
1538 741 1794 788 hominurn
1818 749 1890 789 est
1919 755 2094 803 expers
2117 740 2326 788 caritatis

573 829 770 883 propter
805 821 1047 868 defectum
1077 823 1408 869 observantiae
1442 823 1585 884 primi
1609 823 1825 870 mandati
1857 830 1904 870 et
1926 822 2155 870 maximi:
2191 820 2326 884 quod

574 903 612 949 si
635 901 786 949 homo
812 902 896 949 sit2
920 902 1159 951 radicatus
1189 903 1265 950 vel
1297 903 1573 951 habituatus
1606 905 1656 951 in
1687 904 1778 951 ista
1809 919 2034 966 perversa
2065 910 2326 952 consuetu·

573 984 696 1041 dine,
723 984 830 1045 quis
856 984 1054 1042 dubitat,
1079 984 1197 1047 quin
1230 986 1288 1032 sit
1319 984 1587 1033 haereticus
1619 993 1818 1047 propter
1841 986 2138 1047 pertinacem
2162 983 2327 1033 defec-

572 1073 675 1111 tum
699 1066 751 1111 in
776 1065 919 1128 hujus
944 1065 1064 1127 legis
1088 1067 1352 1113 attentione
1378 1082 1434 1114 ac
1454 1067 1823 1115 observatione?
1882 1066 1946 1114 Et
1970 1067 2011 1115 si
2033 1067 2331 1131 defensionem

571 1146 685 1208 leg'z's
707 1147 759 1193 in
784 1148 1109 1209 superioribus
1134 1148 1355 1210 personis
1380 1148 1687 1206 attendimus,
1714 1149 1822 1211 quis
1852 1149 2050 1206 dubitat,
2076 1142 2196 1210 quin
2228 1155 2330 1196 tam

573 1228 811 1275 seculares
836 1228 1060 1276 homines
1085 1245 1232 1291 quam
1255 1230 1453 1291 praelati
1478 1230 1586 1292 plus
1618 1230 1873 1277 attendunt
1896 1230 1960 1277 ad
1992 1228 2328 1277 defensionem

573 1324 747 1356 causae
782 1310 994 1371 privatae
1030 1326 1179 1373 quam
1215 1310 1277 1358 ad
1310 1311 1647 1358 defensionem
1681 1312 1925 1373 publicam
1960 1310 2081 1373 legis
2119 1309 2329 1359 Christi?

573 1391 724 1438 Aliter
759 1392 890 1439 enim
926 1407 986 1439 ex
1027 1393 1254 1440 omnibus
1290 1392 1466 1440 viribus
1510 1393 1606 1441 suis
1646 1393 1945 1441 destruerent
1981 1407 2165 1450 causas,
2201 1406 2328 1455 quae

574 1473 870 1520 diminuunt³
892 1474 966 1521 vel
1002 1482 1113 1522 sunt
1147 1474 1415 1522 contrariae
1452 1475 1527 1522 isti
1552 1475 1675 1538 legi;
1719 1483 1767 1522 et
1789 1483 1954 1522 tamen
1977 1473 2196 1523 videmus
2227 1481 2329 1522 tam

573 1555 812 1616 praelatos
854 1571 1002 1618 quam
1046 1553 1313 1604 seculares4
1356 1556 1583 1605 dominos
1629 1556 1837 1604 exaltare
1881 1564 2025 1618 atque
2067 1554 2329 1604 defendere

572 1636 704 1698 leges
729 1645 776 1684 et
801 1652 973 1685 causas
991 1638 1262 1697 hominum,
1282 1639 1443 1702 legem
1462 1639 1664 1687 Domini
1683 1637 2045 1700 postponendo,
2065 1637 2178 1700 quia
2196 1637 2330 1684 aliter

574 1734 676 1765 non
718 1718 874 1776 video,
916 1720 1168 1781 quomodo
1211 1721 1289 1768 lex
1333 1722 1481 1769 civilis
1523 1721 1597 1767 vel
1645 1735 1791 1767 causa
1837 1719 2093 1766 hominum
2145 1726 2328 1766 tantam

575 1801 911 1847 executionem
947 1809 994 1847 et
1030 1801 1326 1862 diligentiam
1362 1810 1616 1865 pateretur,
1653 1816 1769 1848 nam
1805 1817 1865 1848 ex
1893 1801 2058 1848 leviori
2090 1799 2331 1848 evidentia

576 1881 882 1928 destruuntur
917 1897 1042 1943 quae
1077 1884 1357 1944 perturbant
1392 1884 1524 1946 leges
1561 1883 1643 1930 ac⁵
1674 1883 2018 1945 prosperitates
2050 1881 2322 1930 hominum.

576 1961 713 2008 Patet
750 1977 867 2023 ergo
901 1963 952 2009 in
992 1958 1281 2025 diligentiori
1311 1965 1432 2027 legis
1462 1966 1701 2012 humanae
1734 1964 2034 2017 executione,
2072 1961 2327 2025 quomodo

575 2044 911 2104 praeponitur⁶
935 2044 1030 2106 legi
1054 2045 1148 2093 Dei
1184 2047 1233 2093 in
1271 2062 1355 2094 sua
1391 2046 1688 2094 defensione.
1761 2044 2030 2103 Quomodo
2067 2059 2186 2106 ergo
2223 2044 2328 2092 sine

576 2124 748 2172 ficticia
783 2125 898 2172 dicit
933 2126 1051 2182 talis,
1078 2127 1212 2188 quod
1249 2127 1400 2189 diligit
1436 2126 1719 2175 dominum⁷
1748 2125 1912 2173 Deum
1949 2139 2091 2172 suum
2127 2139 2188 2172 ex
2223 2132 2335 2172 toto·-

577 2206 722 2254 corde
747 2208 869 2254 etc?
939 2207 1128 2255 Revera
1151 2223 1323 2256 omnes
1342 2209 1415 2256 vel
1439 2209 1599 2270 plures
1623 2208 1834 2270 religiosi
1859 2205 2027 2268 privati
2052 2213 2163 2254 sunt
2185 2206 2333 2268 primi-

576 2287 627 2334 in
644 2288 732 2334 ista
749 2288 1155 2349 praevaricatione
1174 2291 1224 2336 in
1241 2291 1318 2337 die
1333 2290 1535 2338 Domini
1551 2289 1937 2337 inexcusabiliter
1951 2287 2327 2345 condemnandi,

578 2385 690 2418 cum
732 2385 905 2417 omnes
944 2380 1180 2432 quaerunt
1219 2387 1343 2433 quae
1386 2387 1473 2419 sua
1515 2382 1640 2429 sunt,
1683 2379 1731 2418 et
1778 2385 1868 2432 pro
1915 2384 2062 2418 causa
2107 2365 2330 2432 propria⁸

578 2451 759 2498 ordinis
782 2451 856 2498 vel
879 2465 1118 2513 personae
1143 2452 1388 2500 laborant⁹
1408 2453 1548 2500 anxie
1567 2468 1721 2515 usque
1741 2452 1804 2499 ad
1821 2458 2043 2509 mortem,
2063 2458 2111 2499 et
2129 2465 2329 2504 causam

579 2547 635 2580 ac
662 2531 996 2580 defensionem
1029 2533 1217 2581 divinae
1251 2534 1370 2596 legis
1403 2535 1798 2596 praetermittunt.
1869 2532 1992 2580 Ideo
2024 2532 2144 2581 istae
2168 2539 2329 2581 sectae

578 2615 787 2676 privatae
829 2615 1015 2675 privant
1058 2630 1172 2662 suos
1216 2616 1425 2663 cultores
1468 2616 1792 2663 communiter
1829 2614 2038 2662 caritate.
2109 2612 2330 2662 Christus

578 2703 742 2743 tamen
767 2695 924 2757 quia1⁰
946 2696 1095 2744 voluit
1128 2712 1242 2744 suae
1275 2697 1395 2759 legis
1428 2697 1784 2744 observantiam
1810 2710 1916 2743 esse
1949 2695 2149 2742 liberam
2181 2702 2229 2742 et
2260 2695 2331 2742 sic

579 2778 686 2839 plus
721 2778 1030 2826 beatitudinis
1072 2778 1380 2836 meritoriam,
1418 2792 1520 2825 non
1563 2778 1694 2826 dedit
1735 2777 1878 2824 nobis
1919 2791 2010 2838 pro
2046 2783 2174 2824 statu
2207 2775 2332 2838 legis

580 2859 760 2920 gratiae
778 2874 992 2921 poenam
1017 2860 1293 2907 sensibilem
1317 2874 1406 2922 pro
1425 2859 1835 2921 praevaricatione
1853 2857 1973 2920 legis
1992 2858 2331 2919 peccatoribus

580 2941 908 3003 infligendam,
935 2941 1021 2989 sed
1045 2957 1106 2988 ex
1131 2941 1225 2988 fide
1253 2941 1440 3003 reliquit
1472 2955 1735 3002 personam
1768 2939 2094 3000 negligentem
2129 2938 2331 2985 finaliter

580 3022 864 3070 infinitum11
905 3023 1096 3085 gravius
1137 3030 1248 3084 post
1289 3022 1419 3069 diem
1457 3021 1624 3083 judicii
1667 3019 1990 3067 cruciandam.
2062 3018 2329 3077 Quomodo

582 3118 699 3165 ergo
725 3119 827 3150 non
852 3103 970 3151 istae
996 3112 1093 3151 tres
1117 3104 1327 3161 virtutes,
1354 3103 1489 3160 fides,
1516 3117 1641 3163 spes,
1667 3102 1837 3148 caritas
1868 3099 2059 3147 hodie12
2082 3107 2194 3147 sunt
2215 3115 2330 3162 pro-

637 3218 651 3241 1
681 3217 862 3270 constat]
885 3223 1058 3264 constet,
1079 3218 1142 3258 ed.
1163 3231 1224 3270 pr.
1481 3216 1497 3238 ²
1526 3215 1598 3268 sit]
1620 3215 1678 3255 sic
1697 3214 1900 3254 radicatus
1918 3213 1983 3253 vel
2001 3213 2237 3253 habituatus
2255 3219 2330 3260 est,

583 3271 646 3311 ed.
667 3285 728 3324 pr.
893 3273 908 3295 ³
935 3272 1186 3324 diminuunt]
1208 3273 1414 3317 dirimunt,
1437 3271 1490 3310 D.
1655 3269 1669 3291 ⁴
1697 3267 1915 3319 seculares]
1937 3267 2087 3313 civiles,
2107 3268 2154 3307 B.
2174 3268 2332 3320 primae

583 3338 741 3372 manus,
764 3326 818 3365 D.
840 3327 903 3366 ed.
923 3339 984 3379 pr.
1148 3326 1164 3349 ⁵
1191 3326 1260 3378 ac]
1282 3332 1365 3371 aut,
1387 3325 1540 3365 A.B.C.
1561 3324 1624 3365 ed.
1645 3336 1706 3376 pr.
1870 3323 1886 3345 ⁶
1912 3321 2196 3374 praeponitur]
2218 3334 2332 3374 prae·

585 3386 803 3430 ponuntur,
826 3381 897 3427 B.;
928 3380 1289 3432 praeponderatur,
1310 3381 1364 3419 D.
1385 3380 1448 3419 ed.
1468 3393 1529 3432 pr.
1774 3376 1791 3399 '¹
1818 3375 2050 3428 dominum]
2072 3389 2154 3416 om.
2175 3375 2329 3417 A.B.C.

585 3434 599 3455 ⁸
627 3434 811 3486 propria]
833 3435 999 3487 proprii,
1021 3435 1175 3474 A.B.C.
1393 3434 1408 3457 ⁹
1437 3434 1500 3474 vel
1521 3444 1718 3485 personae
1735 3429 1944 3482 laborant]
1964 3429 2153 3470 laborant
2171 3429 2235 3469 vel
2254 3443 2331 3482 pro

587 3499 641 3532 se,
674 3487 800 3533 A.B.;
851 3489 916 3528 vel
954 3501 1029 3541 pro
1067 3501 1111 3528 se
1143 3489 1345 3535 laborant,
1380 3488 1452 3534 C.;
1501 3487 1691 3527 laborant
1718 3485 1782 3525 vel
1821 3497 1897 3536 pro
1930 3483 2144 3529 solutione,
2173 3483 2238 3523 ed.
2267 3497 2329 3536 pr.

586 3540 616 3562 ¹⁰
643 3541 859 3635 qu}]qui‚
879 3543 941 3582 ed.
963 3556 1023 3594 pr.
1242 3544 1270 3568 1¹
1298 3542 1520 3594 infinitum]
1540 3540 1736 3587 infimum,
1758 3539 1820 3580 ed.
1841 3551 1901 3591 pr.
2128 3537 2159 3562 ¹²
2185 3537 2328 3590 hodie]

586 3606 667 3633 om.
731 3625 739 3634 .
781 3625 789 3634 .
833 3626 841 3634 .
