2436 4094
153 443 306 474 canu.
751 425 1330 479 TRIALOGUS.

156 568 328 609 contra
349 559 530 621 Deum,
553 561 670 625 quia
703 560 839 625 quod
862 560 1024 610 Deus¹
1061 562 1290 611 discernit
1324 577 1433 611 esse
1465 562 1757 623 faciendum,
1793 571 1916 613 tam-

154 652 307 704 quam
341 642 598 706 indignum
631 643 958 706 postponitur,
994 651 1043 691 et
1085 645 1355 693 secundum
1385 645 1622 708 judicium
1657 646 1915 694 hominum

153 708 292 787 (juod
313 723 451 773 Deus
484 725 702 789 despicit,
727 725 1040 788 ponderatur.
1110 725 1175 775 Et
1207 726 1328 774 haec
1361 735 1435 775 est
1466 742 1564 776 una
1596 728 1733 786 ratio,
1766 743 1914 790 quare

151 804 413 868 religiones
446 807 658 870 privatae
694 807 1017 856 communiter
1053 815 1165 856 sunt
1198 802 1475 870 perplexae.
1546 808 1611 857 Et
1651 809 1690 858 si
1725 810 1914 872 objiciS‚

151 886 290 950 quod
335 887 563 937 humilior
603 896 677 938 est
721 889 1046 938 communiter
1092 889 1394 952 ignorantior
1435 897 1484 937 et
1531 890 1595 938 ad
1642 890 1914 953 regendum

149 966 373 1032 ineptior,
399 971 488 1020 sed
511 986 624 1020 cum
647 979 871 1020 austerus
897 978 945 1020 et
976 972 1192 1035 prudens
1225 971 1369 1020 debet
1393 972 1519 1035 eligi,
1546 980 1597 1020 ut
1620 974 1800 1036 praesit
1824 974 1914 1022 hu-

151 1050 360 1111 milibus,
398 1052 585 1102 videtur
625 1053 762 1117 quod
801 1053 968 1116 regula
1004 1055 1109 1102 ¹non
1156 1061 1230 1102 est
1269 1055 1557 1117 generaliter
1595 1056 1914 1116 observanda,

151 1133 334 1182 scilicet
363 1135 500 1198 quod
530 1135 758 1184 humilior
781 1135 845 1184 ad
868 1135 1249 1199 praeessendum
1272 1144 1346 1184 est
1378 1136 1549 1199 aptior.
1620 1137 1719 1186 Iste
1751 1146 1915 1186 autem

149 1215 374 1279 objectus
408 1225 483 1266 est
515 1217 785 1267 diabolicus
808 1218 883 1266 vel
915 1218 1208 1277 mundanus,
1234 1233 1346 1266 cum
1379 1219 1612 1280 supponit
1642 1220 1774 1267 illum
1807 1235 1914 1268 esse

149 1297 562 1362 praeeligendum,
604 1315 753 1363 quern
794 1299 1006 1349 mundus
1046 1300 1121 1348 vel
1162 1300 1349 1347 lucrum
1392 1301 1732 1362 temporalium
1774 1317 1914 1364 prae-

149 1387 386 1443 acceptat.
455 1380 534 1429 Ex
569 1396 671 1444 quo
703 1381 1031 1430 indubitanter
1062 1383 1381 1439 convincitur,
1417 1381 1552 1444 quod
1588 1383 1914 1430 communitas

146 1460 273 1510 hoc²
296 1463 512 1512 sentiens
529 1464 637 1526 plus
662 1465 956 1527 appretiatur
981 1465 1129 1512 vitam
1153 1463 1481 1511 mundanam3
1500 1464 1575 1511 vel
1594 1464 1720 1512 laute
1739 1465 1912 1523 vivere,

148 1558 301 1607 quam
331 1545 490 1593 vivere
513 1546 739 1595 virtuose.
809 1546 874 1594 Et
908 1546 1011 1594 illa4
1036 1553 1111 1594 est
1142 1546 1400 1593 maledicta
1432 1545 1615 1608 religio,
1641 1561 1754 1593 cum
1787 1547 1913 1594 bene

147 1634 278 1674 esset
296 1626 376 1685 illi,
396 1642 510 1675 cum
528 1642 628 1690 quo
647 1627 772 1676 foret
796 1643 826 1676 a
843 1628 924 1676 tali
948 1628 1120 1676 ordine
1146 1628 1495 1690 dispensatum.
1555 1627 1619 1675 Et
1638 1627 1753 1676 illud
1777 1628 1911 1690 quod

146 1707 336 1772 objicis,
362 1709 498 1772 quod
530 1709 761 1768 callidior,
785 1710 868 1772 qui
892 1717 1092 1758 vocatur
1123 1710 1365 1768 scientior,
1391 1709 1515 1757 foret
1546 1710 1611 1758 ad
1642 1709 1912 1772 regendum

147 1790 443 1854 dispositior,
463 1797 512 1839 et
535 1791 662 1839 bene
685 1798 977 1854 personatus
1002 1791 1179 1839 virilior
1202 1791 1326 1838 foret
1349 1806 1438 1854 pro
1464 1791 1771 1854 acquirendis
1796 1806 1911 1854 pos-

146 1871 446 1921 sessionibus
478 1872 666 1922 mundo
695 1872 1019 1936 captabili0r⁵,
1052 1887 1218 1921 revera
1254 1888 1456 1922 accusas
1490 1874 1637 1921 talem
1672 1874 1911 1936 privatum

145 1953 387 2014 ordinem,
421 1963 470 2003 et
501 1953 653 2004 doces
686 1955 1045 2018 acceptandum
1070 1953 1247 2003 Christi
1273 1955 1498 2002 ordinem
1522 1955 1911 2018 praecellentem.

146 2034 199 2087 Si
223 2044 390 2085 autem
413 2036 616 2085 scientia
638 2036 789 2096 inflat,
816 2037 963 2085 etiarn
999 2037 1050 2085 in
1086 2045 1258 2085 natura
1290 2052 1379 2084 sua
1406 2037 1673 2096 laudabilis,
1700 2038 1911 2100 quanto⁶

142 2117 303 2181 magis
328 2117 525 2182 vulpina
549 2118 814 2168 calliditas?
867 2118 930 2167 Et
955 2119 994 2168 si
1020 2118 1290 2168 secundum
1314 2119 1672 2182 reputationem
1701 2119 1909 2168 munda-

142 2214 260 2249 nam
286 2200 543 2264 grandior⁷
573 2209 718 2265 atque
742 2202 978 2250 austerior
1007 2201 1117 2264 plus
1148 2200 1381 2259 laudetur,
1408 2200 1520 2249 ideo
1545 2200 1690 2250 debet
1715 2202 1827 2264 eligi
1853 2202 1904 2249 in

141 2282 410 2347 praelatum
422 2299 437 2343 ;
490 2283 575 2332 ubi
615 2291 688 2332 est
729 2283 852 2332 fides
900 2283 1162 2346 scripturae
1204 2290 1252 2330 et
1293 2283 1476 2331 virtutis
1517 2284 1904 2346 praeeminentia

142 2365 432 2429 superista?
491 2365 615 2414 Ideo
640 2365 837 2414 indubie
861 2365 981 2414 tales
999 2364 1219 2413 incidunt
1237 2365 1287 2412 in
1307 2364 1423 2412 illud
1442 2364 1549 2413 Vae
1568 2364 1907 2428 propheticum

141 2445 317 2496 Esaiae
330 2446 412 2496 νει
446 2451 459 2473 ‘
474 2446 581 2497 Vae
599 2449 683 2511 qui
700 2447 866 2496 dicunt
883 2447 1066 2496 malurn
1080 2448 1269 2494 bonurn
1287 2454 1336 2494 et
1353 2447 1540 2494 bonum
1558 2446 1741 2495 malurn
1758 2447 1784 2495 1’
1843 2446 1907 2495 Et

141 2535 290 2594 patet,
315 2544 429 2578 cum
451 2530 574 2579 ratio
597 2537 645 2579 et
671 2529 920 2578 inclinatio
945 2528 1117 2576 mundi
1142 2527 1394 2576 destruunt
1417 2527 1509 2575 hos
1533 2527 1744 2586 ordines,
1767 2528 1903 2592 quod

141 2612 331 2660 bonum
354 2619 481 2660 esset
504 2611 639 2674 ipsos
663 2625 864 2668 cessare,
891 2618 938 2658 et
961 2609 1165 2673 purum⁹
1184 2609 1408 2656 ordinem
1434 2608 1612 2656 Christi
1635 2623 1840 2671 regnare
1850 2609 1900 2657 ¹⁰.

139 2691 288 2742 Unde
306 2707 396 2756 pro
422 2693 662 2742 sententia
679 2692 816 2741 istius
834 2691 1080 2754 religionis
1099 2691 1151 2738 in
1167 2690 1434 2738 humilitate
1459 2689 1702 2748 fundatae,
1722 2697 1898 2738 notan-

140 2774 260 2824 dum
278 2784 352 2825 est
369 2776 570 2825 verbum
589 2773 765 2823 Christi
782 2772 955 2822 Matth.
971 2773 1097 2820 xviii.
1119 2771 1395 2820 diffinientis
1413 2778 1461 2818 et
1479 2771 1695 2819 sedantis
1714 2771 1899 2820 dissen-

142 2858 335 2908 sionem
358 2857 482 2906 inter
499 2855 818 2920 discipulos¹¹,
835 2855 944 2919 quis
963 2869 1133 2903 eorum
1150 2852 1388 2901 videretur
1405 2867 1512 2900 esse
1531 2853 1701 2916 maj0r,
1722 2853 1783 2901 de
1803 2869 1900 2917 qua

141 2935 456 2991 contentione
481 2938 646 2987 Lucae
669 2938 798 2997 xxii„
825 2946 872 2986 et
903 2936 1244 3000 respondentis
1278 2935 1340 2984 ad
1372 2935 1723 2998 quaestionem,
1750 2951 1898 2999 quarn

55 3025 60 3035 ⁴
141 3021 364 3086 discipuli
378 3021 712 3085 quaesierunt:
740 3024 752 3046 ‘
770 3019 908 3079 Quis,
925 3027 1080 3083 putaS,
1098 3018 1254 3081 major
1269 3026 1341 3066 est
1359 3018 1409 3065 in
1424 3031 1578 3080 regno
1594 3017 1843 3065 coelorum
1858 3018 1897 3066 ?’

141 3111 191 3154 et
208 3104 454 3155 advocans
471 3103 614 3169 Jesus
632 3103 885 3167 parvulum
910 3101 1074 3151 statuit
1099 3116 1210 3149 eum
1235 3101 1286 3148 in
1310 3100 1474 3147 medio
1494 3114 1664 3147 eorum
1683 3107 1731 3147 et
1751 3099 1896 3148 dixit:

141 3189 318 3237 ‘amen
341 3186 452 3236 dico
476 3186 629 3246 vobis,
653 3185 746 3234 nisi
777 3184 997 3234 conversi
1032 3182 1211 3232 fueritis
1245 3190 1293 3230 et
1325 3181 1601 3229 efficiamini
1634 3181 1757 3230 sicut
1787 3196 1897 3245 par-

196 3317 212 3343 ¹
241 3315 378 3370 Deus]
398 3328 482 3357 om.
502 3314 566 3357 ed.
587 3327 650 3368 pr.
771 3312 788 3337 ²
814 3312 916 3366 hoc]
936 3312 1051 3358 haec,
1071 3311 1134 3352 ed.
1154 3324 1215 3364 pr.
1325 3309 1340 3333 ³
1369 3309 1638 3360 mundanam]
1660 3308 1897 3356 humanam,

140 3371 206 3413 ed.
221 3385 284 3425 pr.
392 3369 408 3394 ¹
434 3369 526 3423 illa]
539 3369 654 3417 haec,
670 3368 733 3410 ed.
750 3381 811 3422 pr.
921 3367 937 3391 ⁵
964 3365 1228 3419 captabilior]
1246 3364 1490 3417 coaptatior,
1507 3364 1552 3402 B.
1568 3363 1725 3416 primae
1739 3377 1896 3411 manus,

141 3426 206 3468 ed.
226 3439 313 3479 pr.;
344 3425 544 3478 capacior,
566 3425 622 3464 D.
841 3422 857 3445 ⁶
886 3421 1060 3474 quanto]
1081 3426 1121 3460 et
1141 3426 1308 3472 quanto,
1331 3420 1375 3458 B.
1397 3418 1552 3471 primae
1571 3431 1728 3463 manus,
1749 3418 1813 3459 ed.
1834 3431 1897 3471 pr.

142 3479 159 3506 ⁷
185 3480 399 3534 grandior]
420 3479 639 3533 gravidior,
660 3477 759 3519 ΒΕ.
781 3477 982 3518 secundae
1001 3487 1159 3520 manus,
1181 3474 1242 3514 ed.
1264 3486 1324 3525 pr.
1626 3473 1641 3496 ⁸
1671 3472 1817 3513 Esaiae
1835 3472 1895 3526 v.]

142 3535 290 3578 Esaiae
316 3548 355 3575 x.
376 3534 432 3574 D.
462 3534 526 3574 ed.
555 3546 616 3587 pr.
870 3532 885 3555 ⁹
914 3529 1081 3584 purum]
1112 3528 1335 3569 secundum
1365 3540 1525 3580 purum,
1556 3527 1708 3568 A.B.C.
1738 3527 1802 3567 ed.
1833 3540 1895 3580 pr.

141 3589 174 3616 ²⁰
200 3588 390 3643 regnare]
410 3588 598 3642 regulari,
618 3587 773 3630 A.B.C.
795 3586 856 3628 ed.
877 3599 938 3639 pr.
1048 3585 1077 3611 ¹¹
1105 3582 1350 3637 discipulos]
1371 3581 1594 3635 discipulos
1613 3581 1709 3634 ejus,
1726 3582 1880 3624 A.B.C.

2051 428 2149 498 167
