<?xml version="1.0" encoding="UTF-8"?>
<!DOCTYPE html PUBLIC "-//W3C//DTD XHTML 1.0 Transitional//EN"
    "http://www.w3.org/TR/xhtml1/DTD/xhtml1-transitional.dtd">
<html xmlns="http://www.w3.org/1999/xhtml" xml:lang="en" lang="en">
 <head>
  <title>
</title>
<meta http-equiv="Content-Type" content="text/html;charset=utf-8" />
  <meta name='ocr-system' content='tesseract 3.04.00' />
  <meta name='ocr-capabilities' content='ocr_page ocr_carea ocr_par ocr_line ocrx_word'/>
</head>
<body>
  <div class='ocr_page' id='page_1' title='image "./trialoguscumsupp00wycluoft_0391.png"; bbox 0 0 2462 4114; ppageno 0'>
   <div class='ocr_carea' id='block_1_1' title="bbox 0 0 94 4114">
    <p class='ocr_par' dir='ltr' id='par_1_1' title="bbox 0 0 94 4114">
     <span class='ocr_line' id='line_1_1' title="bbox 0 0 94 4114; baseline 0 0"><span class='ocrx_word' id='word_1_1' title='bbox 0 0 94 4114; x_wconf 95' lang='lat' dir='ltr'> </span> 
     </span>
    </p>
   </div>
   <div class='ocr_carea' id='block_1_2' title="bbox 112 431 1278 489">
    <p class='ocr_par' dir='ltr' id='par_1_2' title="bbox 49 431 1278 505">
     <span class='ocr_line' id='line_1_2' title="bbox 112 431 1278 489; baseline 0.01 -17.385"><span class='ocrx_word' id='word_1_2' title='bbox 112 451 263 489; x_wconf 65' lang='lat' dir='ltr'>w„</span> <span class='ocrx_word' id='word_1_3' title='bbox 710 431 818 479; x_wconf 88' lang='lat' dir='ltr'>TR</span> <span class='ocrx_word' id='word_1_4' title='bbox 839 432 930 480; x_wconf 82' lang='grc' dir='ltr'>[Α</span> <span class='ocrx_word' id='word_1_5' title='bbox 955 434 1001 480; x_wconf 83' lang='lat' dir='ltr'><em>L</em></span> <span class='ocrx_word' id='word_1_6' title='bbox 1026 435 1068 482; x_wconf 88' lang='lat'><em>0</em></span> <span class='ocrx_word' id='word_1_7' title='bbox 1089 434 1136 483; x_wconf 84' lang='lat' dir='ltr'><em>G</em></span> <span class='ocrx_word' id='word_1_8' title='bbox 1161 434 1278 483; x_wconf 65' lang='grc' dir='ltr'>σε.</span> 
     </span>
    </p>
   </div>
   <div class='ocr_carea' id='block_1_3' title="bbox 110 565 1863 627">
    <p class='ocr_par' dir='ltr' id='par_1_3' title="bbox 66 565 1863 630">
     <span class='ocr_line' id='line_1_3' title="bbox 110 565 1863 627; baseline 0 -11"><span class='ocrx_word' id='word_1_9' title='bbox 110 565 212 616; x_wconf 68' lang='lat' dir='ltr'>mis</span> <span class='ocrx_word' id='word_1_10' title='bbox 245 565 587 627; x_wconf 76' lang='lat' dir='ltr'><strong>consentaneis</strong></span> <span class='ocrx_word' id='word_1_11' title='bbox 620 565 750 613; x_wconf 91' lang='lat' dir='ltr'>hunc</span> <span class='ocrx_word' id='word_1_12' title='bbox 785 580 1013 615; x_wconf 90' lang='lat' dir='ltr'>errorem.</span> <span class='ocrx_word' id='word_1_13' title='bbox 1084 567 1147 615; x_wconf 91' lang='lat' dir='ltr'>Et</span> <span class='ocrx_word' id='word_1_14' title='bbox 1182 583 1296 616; x_wconf 91' lang='lat' dir='ltr'>curn</span> <span class='ocrx_word' id='word_1_15' title='bbox 1331 570 1493 617; x_wconf 90' lang='lat' dir='ltr'>omnis</span> <span class='ocrx_word' id='word_1_16' title='bbox 1516 570 1690 618; x_wconf 90' lang='lat' dir='ltr'>veritas</span> <span class='ocrx_word' id='word_1_17' title='bbox 1725 570 1784 618; x_wconf 91' lang='lat' dir='ltr'>sit</span> <span class='ocrx_word' id='word_1_18' title='bbox 1814 571 1863 617; x_wconf 92' lang='lat' dir='ltr'>in</span> 
     </span>
    </p>
   </div>
   <div class='ocr_carea' id='block_1_4' title="bbox 75 647 1866 794">
    <p class='ocr_par' dir='ltr' id='par_1_4' title="bbox 71 647 1866 794">
     <span class='ocr_line' id='line_1_4' title="bbox 113 647 1864 712; baseline 0.004 -20.813"><span class='ocrx_word' id='word_1_19' title='bbox 113 647 350 711; x_wconf 66' lang='lat' dir='ltr'>scriptura</span> <span class='ocrx_word' id='word_1_20' title='bbox 371 661 522 706; x_wconf 79' lang='lat' dir='ltr'>saeta,</span> <span class='ocrx_word' id='word_1_21' title='bbox 548 653 694 710; x_wconf 86' lang='lat' dir='ltr'>patet,</span> <span class='ocrx_word' id='word_1_22' title='bbox 719 647 855 709; x_wconf 93' lang='lat' dir='ltr'>quod</span> <span class='ocrx_word' id='word_1_23' title='bbox 879 663 1012 696; x_wconf 90' lang='lat' dir='ltr'>error</span> <span class='ocrx_word' id='word_1_24' title='bbox 1036 649 1140 707; x_wconf 89' lang='lat' dir='ltr'>iste,</span> <span class='ocrx_word' id='word_1_25' title='bbox 1165 665 1314 712; x_wconf 90' lang='lat' dir='ltr'>quem</span> <span class='ocrx_word' id='word_1_26' title='bbox 1346 650 1599 698; x_wconf 88' lang='lat' dir='ltr'>falsitatem</span> <span class='ocrx_word' id='word_1_27' title='bbox 1631 659 1864 709; x_wconf 90' lang='lat' dir='ltr'>asserunt,</span> 
     </span>
     <span class='ocr_line' id='line_1_5' title="bbox 75 727 1866 794; baseline 0 -14"><span class='ocrx_word' id='word_1_28' title='bbox 75 732 79 742; x_wconf 90' lang='lat'>&#39;</span> <span class='ocrx_word' id='word_1_29' title='bbox 112 729 179 780; x_wconf 61' lang='grc' dir='ltr'>ἰὴ</span> <span class='ocrx_word' id='word_1_30' title='bbox 197 728 466 794; x_wconf 80' lang='lat' dir='ltr'>contrarius</span> <span class='ocrx_word' id='word_1_31' title='bbox 496 727 667 777; x_wconf 81' lang='lat' dir='ltr'>saltem</span> <span class='ocrx_word' id='word_1_32' title='bbox 698 728 928 791; x_wconf 85' lang='lat' dir='ltr'>implicite</span> <span class='ocrx_word' id='word_1_33' title='bbox 960 729 1101 777; x_wconf 86' lang='lat' dir='ltr'>alicui</span> <span class='ocrx_word' id='word_1_34' title='bbox 1127 731 1250 792; x_wconf 88' lang='lat' dir='ltr'>parti</span> <span class='ocrx_word' id='word_1_35' title='bbox 1285 731 1543 793; x_wconf 84' lang='lat' dir='ltr'>scripturae</span> <span class='ocrx_word' id='word_1_36' title='bbox 1577 747 1769 791; x_wconf 82' lang='lat' dir='ltr'>sacrae3</span> <span class='ocrx_word' id='word_1_37' title='bbox 1819 740 1866 780; x_wconf 89' lang='lat' dir='ltr'>et</span> 
     </span>
    </p>
   </div>
   <div class='ocr_carea' id='block_1_5' title="bbox 22 803 1864 878">
    <p class='ocr_par' dir='ltr' id='par_1_5' title="bbox 22 803 1864 878">
     <span class='ocr_line' id='line_1_6' title="bbox 22 803 1864 878; baseline -0.001 -17"><span class='ocrx_word' id='word_1_38' title='bbox 22 806 23 809; x_wconf 46' lang='lat'>&#39;</span> <span class='ocrx_word' id='word_1_39' title='bbox 68 856 73 861; x_wconf 83' lang='grc'>.</span> <span class='ocrx_word' id='word_1_40' title='bbox 112 803 229 862; x_wconf 62' lang='lat' dir='ltr'>m</span> <span class='ocrx_word' id='word_1_41' title='bbox 259 810 323 859; x_wconf 85' lang='lat' dir='ltr'>sit</span> <span class='ocrx_word' id='word_1_42' title='bbox 345 817 454 878; x_wconf 23' lang='lat' dir='ltr'>‚tam</span> <span class='ocrx_word' id='word_1_43' title='bbox 483 810 789 872; x_wconf 87' lang='lat' dir='ltr'>pertinaciter</span> <span class='ocrx_word' id='word_1_44' title='bbox 821 809 1114 868; x_wconf 86' lang='lat' dir='ltr'>defensatus,</span> <span class='ocrx_word' id='word_1_45' title='bbox 1149 819 1296 873; x_wconf 91' lang='lat' dir='ltr'>patet,</span> <span class='ocrx_word' id='word_1_46' title='bbox 1321 812 1455 874; x_wconf 92' lang='lat' dir='ltr'>quod</span> <span class='ocrx_word' id='word_1_47' title='bbox 1487 813 1654 861; x_wconf 89' lang='lat' dir='ltr'>fratres</span> <span class='ocrx_word' id='word_1_48' title='bbox 1686 813 1864 862; x_wconf 90' lang='lat' dir='ltr'>debent</span> 
     </span>
    </p>
   </div>
   <div class='ocr_carea' id='block_1_6' title="bbox 50 891 1865 1282">
    <p class='ocr_par' dir='ltr' id='par_1_6' title="bbox 50 889 1865 1282">
     <span class='ocr_line' id='line_1_7' title="bbox 62 891 1864 956; baseline 0.001 -16"><span class='ocrx_word' id='word_1_49' title='bbox 62 927 75 952; x_wconf 63' lang='lat'><em>4</em></span> <span class='ocrx_word' id='word_1_50' title='bbox 112 903 328 945; x_wconf 62' lang='lat' dir='ltr'>“serere</span> <span class='ocrx_word' id='word_1_51' title='bbox 360 905 575 940; x_wconf 84' lang='lat' dir='ltr'>errorem</span> <span class='ocrx_word' id='word_1_52' title='bbox 608 891 755 939; x_wconf 90' lang='lat' dir='ltr'>istum</span> <span class='ocrx_word' id='word_1_53' title='bbox 789 905 896 939; x_wconf 91' lang='lat' dir='ltr'>esse</span> <span class='ocrx_word' id='word_1_54' title='bbox 931 891 1241 950; x_wconf 89' lang='lat' dir='ltr'>haereticum,</span> <span class='ocrx_word' id='word_1_55' title='bbox 1278 901 1325 940; x_wconf 91' lang='lat' dir='ltr'>et</span> <span class='ocrx_word' id='word_1_56' title='bbox 1361 894 1429 941; x_wconf 90' lang='lat' dir='ltr'>sic</span> <span class='ocrx_word' id='word_1_57' title='bbox 1464 909 1630 956; x_wconf 90' lang='lat' dir='ltr'>regem</span> <span class='ocrx_word' id='word_1_58' title='bbox 1666 902 1713 942; x_wconf 91' lang='lat' dir='ltr'>et</span> <span class='ocrx_word' id='word_1_59' title='bbox 1748 909 1864 943; x_wconf 92' lang='lat' dir='ltr'>suos</span> 
     </span>
     <span class='ocr_line' id='line_1_8' title="bbox 52 971 1863 1039; baseline 0.001 -18"><span class='ocrx_word' id='word_1_60' title='bbox 52 1025 58 1039; x_wconf 26' lang='lat' dir='ltr'><em>s</em></span> <span class='ocrx_word' id='word_1_61' title='bbox 110 985 340 1037; x_wconf 71' lang='lat' dir='ltr'>proceres</span> <span class='ocrx_word' id='word_1_62' title='bbox 362 971 526 1036; x_wconf 86' lang='lat' dir='ltr'>ipsum</span> <span class='ocrx_word' id='word_1_63' title='bbox 547 971 703 1020; x_wconf 87' lang='lat' dir='ltr'>taliter</span> <span class='ocrx_word' id='word_1_64' title='bbox 732 971 1066 1021; x_wconf 87' lang='lat' dir='ltr'>defendentes.</span> <span class='ocrx_word' id='word_1_65' title='bbox 1135 973 1199 1021; x_wconf 92' lang='lat' dir='ltr'>Et</span> <span class='ocrx_word' id='word_1_66' title='bbox 1233 974 1299 1022; x_wconf 91' lang='lat' dir='ltr'>ita</span> <span class='ocrx_word' id='word_1_67' title='bbox 1322 975 1485 1023; x_wconf 89' lang='lat' dir='ltr'>ebuHit</span> <span class='ocrx_word' id='word_1_68' title='bbox 1516 975 1715 1023; x_wconf 87' lang='lat' dir='ltr'>fratrum</span> <span class='ocrx_word' id='word_1_69' title='bbox 1748 975 1863 1023; x_wconf 90' lang='lat' dir='ltr'>stul-</span> 
     </span>
     <span class='ocr_line' id='line_1_9' title="bbox 53 1052 1865 1118; baseline 0.001 -14"><span class='ocrx_word' id='word_1_70' title='bbox 53 1052 61 1062; x_wconf 78' lang='grc'>“’</span> <span class='ocrx_word' id='word_1_71' title='bbox 112 1052 231 1114; x_wconf 65' lang='lat' dir='ltr'>fitia,</span> <span class='ocrx_word' id='word_1_72' title='bbox 254 1067 404 1117; x_wconf 81' lang='lat' dir='ltr'>quam</span> <span class='ocrx_word' id='word_1_73' title='bbox 427 1054 674 1103; x_wconf 85' lang='lat' dir='ltr'>ascribunt</span> <span class='ocrx_word' id='word_1_74' title='bbox 697 1054 786 1102; x_wconf 91' lang='lat' dir='ltr'>sibi</span> <span class='ocrx_word' id='word_1_75' title='bbox 809 1069 900 1117; x_wconf 91' lang='lat' dir='ltr'>pro</span> <span class='ocrx_word' id='word_1_76' title='bbox 924 1069 1107 1116; x_wconf 90' lang='lat' dir='ltr'>magna</span> <span class='ocrx_word' id='word_1_77' title='bbox 1130 1056 1399 1117; x_wconf 89' lang='lat' dir='ltr'>prudentia,</span> <span class='ocrx_word' id='word_1_78' title='bbox 1425 1056 1560 1118; x_wconf 93' lang='lat' dir='ltr'>quod</span> <span class='ocrx_word' id='word_1_79' title='bbox 1591 1057 1642 1104; x_wconf 93' lang='lat' dir='ltr'>in</span> <span class='ocrx_word' id='word_1_80' title='bbox 1665 1057 1865 1105; x_wconf 89' lang='lat' dir='ltr'>materia</span> 
     </span>
     <span class='ocr_line' id='line_1_10' title="bbox 75 1133 1863 1200; baseline 0.004 -22"><span class='ocrx_word' id='word_1_81' title='bbox 75 1164 81 1178; x_wconf 76' lang='grc'>,-</span> <span class='ocrx_word' id='word_1_82' title='bbox 110 1133 228 1186; x_wconf 74' lang='lat' dir='ltr'>{fidei</span> <span class='ocrx_word' id='word_1_83' title='bbox 266 1134 490 1198; x_wconf 78' lang='lat' dir='ltr'>aliquam-</span> <span class='ocrx_word' id='word_1_84' title='bbox 518 1134 776 1183; x_wconf 86' lang='lat' dir='ltr'>falsitatem</span> <span class='ocrx_word' id='word_1_85' title='bbox 810 1142 988 1184; x_wconf 90' lang='lat' dir='ltr'>vocant</span> <span class='ocrx_word' id='word_1_86' title='bbox 1028 1151 1241 1184; x_wconf 90' lang='lat' dir='ltr'>errorem</span> <span class='ocrx_word' id='word_1_87' title='bbox 1282 1145 1328 1185; x_wconf 90' lang='lat' dir='ltr'>et</span> <span class='ocrx_word' id='word_1_88' title='bbox 1363 1138 1576 1200; x_wconf 87' lang='lat' dir='ltr'>aliquam</span> <span class='ocrx_word' id='word_1_89' title='bbox 1610 1138 1863 1196; x_wconf 87' lang='lat' dir='ltr'>haeresim,</span> 
     </span>
     <span class='ocr_line' id='line_1_11' title="bbox 50 1216 1862 1282; baseline 0.001 -15"><span class='ocrx_word' id='word_1_90' title='bbox 50 1236 59 1274; x_wconf 76' lang='lat' dir='ltr'><em>j</em></span> <span class='ocrx_word' id='word_1_91' title='bbox 104 1229 230 1267; x_wconf 51' lang='lat' dir='ltr'>*cum</span> <span class='ocrx_word' id='word_1_92' title='bbox 262 1222 429 1265; x_wconf 80' lang='lat' dir='ltr'>tamen</span> <span class='ocrx_word' id='word_1_93' title='bbox 467 1216 724 1279; x_wconf 88' lang='lat' dir='ltr'>utrobique</span> <span class='ocrx_word' id='word_1_94' title='bbox 765 1217 987 1279; x_wconf 87' lang='lat' dir='ltr'>pertinax</span> <span class='ocrx_word' id='word_1_95' title='bbox 1024 1216 1241 1266; x_wconf 88' lang='lat' dir='ltr'>defensio</span> <span class='ocrx_word' id='word_1_96' title='bbox 1285 1219 1343 1266; x_wconf 89' lang='lat' dir='ltr'>sit</span> <span class='ocrx_word' id='word_1_97' title='bbox 1384 1219 1611 1282; x_wconf 75' lang='lat' dir='ltr'>aequalis</span> <span class='ocrx_word' id='word_1_98' title='bbox 1685 1219 1862 1278; x_wconf 85' lang='lat' dir='ltr'>Sciant,</span> 
     </span>
    </p>
   </div>
   <div class='ocr_carea' id='block_1_7' title="bbox 0 1282 1863 1439">
    <p class='ocr_par' dir='ltr' id='par_1_7' title="bbox 0 1282 1863 1439">
     <span class='ocr_line' id='line_1_12' title="bbox 0 1282 1863 1363; baseline -0.002 -13"><span class='ocrx_word' id='word_1_99' title='bbox 0 1308 1 1363; x_wconf 74' lang='lat' dir='ltr'><strong>j</strong></span> <span class='ocrx_word' id='word_1_100' title='bbox 57 1282 69 1318; x_wconf 41' lang='lat'>³³</span> <span class='ocrx_word' id='word_1_101' title='bbox 109 1297 328 1362; x_wconf 74' lang='lat' dir='ltr'>mquam,</span> <span class='ocrx_word' id='word_1_102' title='bbox 350 1297 430 1347; x_wconf 84' lang='lat' dir='ltr'>isti</span> <span class='ocrx_word' id='word_1_103' title='bbox 463 1298 594 1347; x_wconf 89' lang='lat' dir='ltr'>stulti</span> <span class='ocrx_word' id='word_1_104' title='bbox 626 1297 894 1346; x_wconf 87' lang='lat' dir='ltr'>antichristi</span> <span class='ocrx_word' id='word_1_105' title='bbox 933 1299 1168 1361; x_wconf 90' lang='lat' dir='ltr'>discipuli,</span> <span class='ocrx_word' id='word_1_106' title='bbox 1205 1300 1340 1362; x_wconf 91' lang='lat' dir='ltr'>quod</span> <span class='ocrx_word' id='word_1_107' title='bbox 1374 1301 1535 1349; x_wconf 88' lang='lat' dir='ltr'>omnis</span> <span class='ocrx_word' id='word_1_108' title='bbox 1571 1315 1705 1348; x_wconf 90' lang='lat' dir='ltr'>error</span> <span class='ocrx_word' id='word_1_109' title='bbox 1739 1302 1863 1363; x_wconf 91' lang='lat' dir='ltr'>peri-</span> 
     </span>
     <span class='ocr_line' id='line_1_13' title="bbox 17 1376 1862 1439; baseline -0.001 -9"><span class='ocrx_word' id='word_1_110' title='bbox 17 1435 21 1439; x_wconf 56' lang='lat'>,</span> <span class='ocrx_word' id='word_1_111' title='bbox 74 1376 78 1380; x_wconf 42' lang='lat'>⁶</span> <span class='ocrx_word' id='word_1_112' title='bbox 108 1378 309 1431; x_wconf 55' lang='lat' dir='ltr'>&amp;lesus</span> <span class='ocrx_word' id='word_1_113' title='bbox 329 1379 382 1428; x_wconf 86' lang='lat' dir='ltr'>in</span> <span class='ocrx_word' id='word_1_114' title='bbox 403 1379 606 1429; x_wconf 84' lang='lat' dir='ltr'>materia</span> <span class='ocrx_word' id='word_1_115' title='bbox 627 1378 742 1428; x_wconf 91' lang='lat' dir='ltr'>fidei</span> <span class='ocrx_word' id='word_1_116' title='bbox 765 1387 838 1428; x_wconf 93' lang='lat' dir='ltr'>est</span> <span class='ocrx_word' id='word_1_117' title='bbox 861 1378 1075 1428; x_wconf 90' lang='lat' dir='ltr'>haeresis</span> <span class='ocrx_word' id='word_1_118' title='bbox 1099 1380 1368 1429; x_wconf 89' lang='lat' dir='ltr'>manifesta.</span> <span class='ocrx_word' id='word_1_119' title='bbox 1441 1380 1605 1429; x_wconf 87' lang='lat' dir='ltr'>Sciant</span> <span class='ocrx_word' id='word_1_120' title='bbox 1630 1382 1862 1439; x_wconf 90' lang='lat' dir='ltr'>secundo,</span> 
     </span>
    </p>
   </div>
   <div class='ocr_carea' id='block_1_8' title="bbox 48 1460 1868 1855">
    <p class='ocr_par' dir='ltr' id='par_1_8' title="bbox 48 1460 1868 1855">
     <span class='ocr_line' id='line_1_14' title="bbox 48 1460 1865 1525; baseline 0.001 -16"><span class='ocrx_word' id='word_1_121' title='bbox 48 1474 51 1477; x_wconf 88' lang='grc'><em>·</em></span> <span class='ocrx_word' id='word_1_122' title='bbox 112 1460 252 1524; x_wconf 84' lang='lat' dir='ltr'>quod</span> <span class='ocrx_word' id='word_1_123' title='bbox 293 1475 406 1509; x_wconf 84' lang='lat' dir='ltr'>non·</span> <span class='ocrx_word' id='word_1_124' title='bbox 438 1468 645 1524; x_wconf 88' lang='lat' dir='ltr'>possunt</span> <span class='ocrx_word' id='word_1_125' title='bbox 685 1461 896 1524; x_wconf 89' lang='lat' dir='ltr'>primam</span> <span class='ocrx_word' id='word_1_126' title='bbox 937 1469 1141 1524; x_wconf 88' lang='lat' dir='ltr'>partem,</span> <span class='ocrx_word' id='word_1_127' title='bbox 1185 1477 1311 1524; x_wconf 91' lang='lat' dir='ltr'>quae</span> <span class='ocrx_word' id='word_1_128' title='bbox 1358 1463 1421 1511; x_wconf 91' lang='lat' dir='ltr'>ad</span> <span class='ocrx_word' id='word_1_129' title='bbox 1467 1463 1699 1525; x_wconf 88' lang='lat' dir='ltr'>regaliam</span> <span class='ocrx_word' id='word_1_130' title='bbox 1737 1464 1865 1525; x_wconf 90' lang='lat' dir='ltr'>regis</span> 
     </span>
     <span class='ocr_line' id='line_1_15' title="bbox 55 1540 1865 1607; baseline -0.001 -13.008"><span class='ocrx_word' id='word_1_131' title='bbox 55 1540 61 1568; x_wconf 79' lang='grc'>·’</span> <span class='ocrx_word' id='word_1_132' title='bbox 113 1541 333 1607; x_wconf 84' lang='lat' dir='ltr'>pertinet,</span> <span class='ocrx_word' id='word_1_133' title='bbox 373 1541 633 1590; x_wconf 78' lang='lat' dir='ltr'>dissolvere</span> <span class='ocrx_word' id='word_1_134' title='bbox 681 1550 729 1590; x_wconf 92' lang='lat' dir='ltr'>et</span> <span class='ocrx_word' id='word_1_135' title='bbox 769 1557 857 1605; x_wconf 91' lang='lat' dir='ltr'>per</span> <span class='ocrx_word' id='word_1_136' title='bbox 898 1557 1204 1605; x_wconf 91' lang='lat' dir='ltr'>consequens</span> <span class='ocrx_word' id='word_1_137' title='bbox 1245 1558 1338 1591; x_wconf 90' lang='lat' dir='ltr'>nec</span> <span class='ocrx_word' id='word_1_138' title='bbox 1387 1544 1634 1602; x_wconf 91' lang='lat' dir='ltr'>damnare,</span> <span class='ocrx_word' id='word_1_139' title='bbox 1677 1545 1777 1591; x_wconf 90' lang='lat' dir='ltr'>imo</span> <span class='ocrx_word' id='word_1_140' title='bbox 1825 1546 1865 1592; x_wconf 91' lang='lat' dir='ltr'>si</span> 
     </span>
     <span class='ocr_line' id='line_1_16' title="bbox 113 1622 1867 1687; baseline -0.001 -16"><span class='ocrx_word' id='word_1_141' title='bbox 113 1622 353 1686; x_wconf 84' lang='lat' dir='ltr'>principia</span> <span class='ocrx_word' id='word_1_142' title='bbox 392 1638 481 1672; x_wconf 89' lang='lat' dir='ltr'>sua</span> <span class='ocrx_word' id='word_1_143' title='bbox 519 1625 647 1672; x_wconf 89' lang='lat' dir='ltr'>bene</span> <span class='ocrx_word' id='word_1_144' title='bbox 689 1624 973 1672; x_wconf 89' lang='lat' dir='ltr'>studuerunt</span> <span class='ocrx_word' id='word_1_145' title='bbox 981 1624 1013 1682; x_wconf 80' lang='lat'>1,</span> <span class='ocrx_word' id='word_1_146' title='bbox 1055 1639 1158 1672; x_wconf 91' lang='lat' dir='ltr'>non</span> <span class='ocrx_word' id='word_1_147' title='bbox 1199 1633 1447 1687; x_wconf 88' lang='lat' dir='ltr'>negarent,</span> <span class='ocrx_word' id='word_1_148' title='bbox 1492 1626 1609 1687; x_wconf 89' lang='lat' dir='ltr'>quin</span> <span class='ocrx_word' id='word_1_149' title='bbox 1651 1622 1867 1672; x_wconf 81' lang='lat' dir='ltr'>summe²</span> 
     </span>
     <span class='ocr_line' id='line_1_17' title="bbox 51 1705 1866 1773; baseline 0.001 -21.998"><span class='ocrx_word' id='word_1_150' title='bbox 51 1716 57 1751; x_wconf 62' lang='grc' dir='ltr'>ᾳ</span> <span class='ocrx_word' id='word_1_151' title='bbox 112 1712 323 1773; x_wconf 75' lang='lat' dir='ltr'>possunt</span> <span class='ocrx_word' id='word_1_152' title='bbox 353 1706 594 1768; x_wconf 87' lang='lat' dir='ltr'>corrigere</span> <span class='ocrx_word' id='word_1_153' title='bbox 624 1705 854 1754; x_wconf 90' lang='lat' dir='ltr'>dominos</span> <span class='ocrx_word' id='word_1_154' title='bbox 886 1705 1192 1768; x_wconf 85' lang='lat' dir='ltr'>temporales.</span> <span class='ocrx_word' id='word_1_155' title='bbox 1265 1705 1363 1753; x_wconf 89' lang='lat' dir='ltr'>Sed</span> <span class='ocrx_word' id='word_1_156' title='bbox 1387 1707 1674 1768; x_wconf 90' lang='lat' dir='ltr'>supponitur</span> <span class='ocrx_word' id='word_1_157' title='bbox 1697 1705 1866 1752; x_wconf 89' lang='lat' dir='ltr'>fratres</span> 
     </span>
     <span class='ocr_line' id='line_1_18' title="bbox 67 1780 1868 1855; baseline -0.002 -19"><span class='ocrx_word' id='word_1_158' title='bbox 67 1780 73 1783; x_wconf 39' lang='grc'>“</span> <span class='ocrx_word' id='word_1_159' title='bbox 100 1786 165 1855; x_wconf 54' lang='grc' dir='ltr'>οἰιι</span> <span class='ocrx_word' id='word_1_160' title='bbox 189 1787 488 1836; x_wconf 80' lang='lat' dir='ltr'>correctione</span> <span class='ocrx_word' id='word_1_161' title='bbox 524 1786 837 1835; x_wconf 90' lang='lat' dir='ltr'>dominorum</span> <span class='ocrx_word' id='word_1_162' title='bbox 873 1794 1099 1850; x_wconf 89' lang='lat' dir='ltr'>putantes</span> <span class='ocrx_word' id='word_1_163' title='bbox 1129 1788 1290 1850; x_wconf 88' lang='lat' dir='ltr'>jacere</span> <span class='ocrx_word' id='word_1_164' title='bbox 1324 1788 1605 1850; x_wconf 90' lang='lat' dir='ltr'>periculum,</span> <span class='ocrx_word' id='word_1_165' title='bbox 1641 1788 1755 1850; x_wconf 91' lang='lat' dir='ltr'>quia</span> <span class='ocrx_word' id='word_1_166' title='bbox 1789 1787 1868 1834; x_wconf 94' lang='lat' dir='ltr'>illa</span> 
     </span>
    </p>
   </div>
   <div class='ocr_carea' id='block_1_9' title="bbox 35 1866 1869 2094">
    <p class='ocr_par' dir='ltr' id='par_1_9' title="bbox 1 1863 1869 2094">
     <span class='ocr_line' id='line_1_19' title="bbox 36 1866 1869 1932; baseline -0.001 -15"><span class='ocrx_word' id='word_1_167' title='bbox 36 1892 65 1930; x_wconf 54' lang='lat' dir='ltr'><em>ff</em></span> <span class='ocrx_word' id='word_1_168' title='bbox 114 1867 369 1932; x_wconf 84' lang='lat' dir='ltr'>supposita</span> <span class='ocrx_word' id='word_1_169' title='bbox 391 1866 549 1917; x_wconf 91' lang='lat' dir='ltr'>forent</span> <span class='ocrx_word' id='word_1_170' title='bbox 579 1867 810 1916; x_wconf 80' lang='lat' dir='ltr'>libertati³</span> <span class='ocrx_word' id='word_1_171' title='bbox 839 1868 900 1917; x_wconf 94' lang='lat' dir='ltr'>de</span> <span class='ocrx_word' id='word_1_172' title='bbox 924 1868 1058 1916; x_wconf 90' lang='lat' dir='ltr'>fonte</span> <span class='ocrx_word' id='word_1_173' title='bbox 1084 1868 1278 1926; x_wconf 92' lang='lat' dir='ltr'>diaboli,</span> <span class='ocrx_word' id='word_1_174' title='bbox 1304 1877 1352 1916; x_wconf 89' lang='lat' dir='ltr'>et</span> <span class='ocrx_word' id='word_1_175' title='bbox 1384 1885 1414 1917; x_wconf 92' lang='lat' dir='ltr'>a</span> <span class='ocrx_word' id='word_1_176' title='bbox 1445 1868 1736 1916; x_wconf 87' lang='lat' dir='ltr'>fraternitate</span> <span class='ocrx_word' id='word_1_177' title='bbox 1772 1883 1869 1930; x_wconf 92' lang='lat' dir='ltr'>qua</span> 
     </span>
     <span class='ocr_line' id='line_1_20' title="bbox 113 1947 1869 2013; baseline 0.001 -17.94"><span class='ocrx_word' id='word_1_178' title='bbox 113 1947 298 1999; x_wconf 77' lang='lat' dir='ltr'>fratres-</span> <span class='ocrx_word' id='word_1_179' title='bbox 314 1949 720 1998; x_wconf 89' lang='lat' dir='ltr'>confoederantur</span> <span class='ocrx_word' id='word_1_180' title='bbox 743 1965 857 1998; x_wconf 91' lang='lat' dir='ltr'>cum</span> <span class='ocrx_word' id='word_1_181' title='bbox 892 1949 1000 1998; x_wconf 90' lang='lat' dir='ltr'>filiis</span> <span class='ocrx_word' id='word_1_182' title='bbox 1026 1949 1189 2009; x_wconf 91' lang='lat' dir='ltr'>Belial,</span> <span class='ocrx_word' id='word_1_183' title='bbox 1216 1951 1448 2013; x_wconf 89' lang='lat' dir='ltr'>separati;</span> <span class='ocrx_word' id='word_1_184' title='bbox 1499 1950 1560 1998; x_wconf 91' lang='lat' dir='ltr'>de</span> <span class='ocrx_word' id='word_1_185' title='bbox 1586 1949 1682 1997; x_wconf 93' lang='lat' dir='ltr'>hoc</span> <span class='ocrx_word' id='word_1_186' title='bbox 1706 1958 1869 1997; x_wconf 90' lang='lat' dir='ltr'>autem</span> 
     </span>
     <span class='ocr_line' id='line_1_21' title="bbox 35 2030 1869 2094; baseline -0.002 -14"><span class='ocrx_word' id='word_1_187' title='bbox 35 2035 52 2094; x_wconf 72' lang='lat' dir='ltr'>{j</span> <span class='ocrx_word' id='word_1_188' title='bbox 113 2035 348 2094; x_wconf 77' lang='lat' dir='ltr'>tanquam</span> <span class='ocrx_word' id='word_1_189' title='bbox 376 2030 591 2094; x_wconf 83' lang='lat' dir='ltr'>periculo</span> <span class='ocrx_word' id='word_1_190' title='bbox 625 2031 798 2079; x_wconf 87' lang='lat' dir='ltr'>timent</span> <span class='ocrx_word' id='word_1_191' title='bbox 831 2030 1015 2080; x_wconf 90' lang='lat' dir='ltr'>fratres.</span> <span class='ocrx_word' id='word_1_192' title='bbox 1084 2031 1148 2079; x_wconf 93' lang='lat' dir='ltr'>Et</span> <span class='ocrx_word' id='word_1_193' title='bbox 1182 2039 1315 2093; x_wconf 88' lang='lat' dir='ltr'>patet</span> <span class='ocrx_word' id='word_1_194' title='bbox 1350 2032 1604 2094; x_wconf 91' lang='lat' dir='ltr'>quomodo</span> <span class='ocrx_word' id='word_1_195' title='bbox 1639 2031 1869 2093; x_wconf 86' lang='lat' dir='ltr'>regaliam</span> 
     </span>
    </p>
   </div>
   <div class='ocr_carea' id='block_1_10' title="bbox 48 2098 1870 2176">
    <p class='ocr_par' dir='ltr' id='par_1_10' title="bbox 48 2098 1870 2176">
     <span class='ocr_line' id='line_1_22' title="bbox 48 2098 1870 2176; baseline -0.003 -12"><span class='ocrx_word' id='word_1_196' title='bbox 48 2098 51 2151; x_wconf 58' lang='lat' dir='ltr'>s</span> <span class='ocrx_word' id='word_1_197' title='bbox 111 2113 316 2176; x_wconf 70' lang='lat' dir='ltr'>regiset</span> <span class='ocrx_word' id='word_1_198' title='bbox 338 2121 497 2166; x_wconf 87' lang='lat' dir='ltr'>totum</span> <span class='ocrx_word' id='word_1_199' title='bbox 524 2113 664 2176; x_wconf 85' lang='lat' dir='ltr'>regni</span> <span class='ocrx_word' id='word_1_200' title='bbox 687 2113 903 2162; x_wconf 89' lang='lat' dir='ltr'>seculare</span> <span class='ocrx_word' id='word_1_201' title='bbox 927 2113 1200 2162; x_wconf 92' lang='lat' dir='ltr'>dominium</span> <span class='ocrx_word' id='word_1_202' title='bbox 1224 2114 1393 2162; x_wconf 91' lang='lat' dir='ltr'>fratres</span> <span class='ocrx_word' id='word_1_203' title='bbox 1427 2114 1629 2162; x_wconf 91' lang='lat' dir='ltr'>subdole</span> <span class='ocrx_word' id='word_1_204' title='bbox 1655 2115 1870 2161; x_wconf 91' lang='lat' dir='ltr'>nituntur</span> 
     </span>
    </p>
   </div>
   <div class='ocr_carea' id='block_1_11' title="bbox 36 2194 1870 2341">
    <p class='ocr_par' dir='ltr' id='par_1_11' title="bbox 36 2192 1870 2341">
     <span class='ocr_line' id='line_1_23' title="bbox 46 2194 1870 2258; baseline -0.003 -11.016"><span class='ocrx_word' id='word_1_205' title='bbox 46 2202 49 2218; x_wconf 79' lang='lat'><strong>²</strong></span> <span class='ocrx_word' id='word_1_206' title='bbox 114 2194 373 2247; x_wconf 82' lang='lat' dir='ltr'>destruere.</span> <span class='ocrx_word' id='word_1_207' title='bbox 441 2194 507 2244; x_wconf 88' lang='lat' dir='ltr'>Et</span> <span class='ocrx_word' id='word_1_208' title='bbox 528 2209 644 2244; x_wconf 91' lang='lat' dir='ltr'>cum</span> <span class='ocrx_word' id='word_1_209' title='bbox 666 2194 747 2243; x_wconf 92' lang='lat' dir='ltr'>illa</span> <span class='ocrx_word' id='word_1_210' title='bbox 769 2195 1047 2258; x_wconf 65' lang='lat' dir='ltr'>perceptio*</span> <span class='ocrx_word' id='word_1_211' title='bbox 1071 2211 1100 2243; x_wconf 89' lang='lat' dir='ltr'>a</span> <span class='ocrx_word' id='word_1_212' title='bbox 1123 2196 1251 2257; x_wconf 88' lang='lat' dir='ltr'>regis</span> <span class='ocrx_word' id='word_1_213' title='bbox 1284 2195 1468 2244; x_wconf 86' lang='lat' dir='ltr'>clericis</span> <span class='ocrx_word' id='word_1_214' title='bbox 1498 2202 1759 2253; x_wconf 88' lang='lat' dir='ltr'>emanaret,</span> <span class='ocrx_word' id='word_1_215' title='bbox 1784 2210 1870 2242; x_wconf 85' lang='lat' dir='ltr'>rex</span> 
     </span>
     <span class='ocr_line' id='line_1_24' title="bbox 36 2276 1869 2341; baseline -0.001 -16"><span class='ocrx_word' id='word_1_216' title='bbox 36 2322 38 2325; x_wconf 88' lang='lat'>.</span> <span class='ocrx_word' id='word_1_217' title='bbox 114 2283 165 2327; x_wconf 73' lang='lat' dir='ltr'>&#39;et</span> <span class='ocrx_word' id='word_1_218' title='bbox 186 2277 292 2341; x_wconf 73' lang='lat' dir='ltr'>eJus</span> <span class='ocrx_word' id='word_1_219' title='bbox 306 2291 543 2340; x_wconf 74' lang='lat' dir='ltr'>vproceres</span> <span class='ocrx_word' id='word_1_220' title='bbox 570 2276 731 2324; x_wconf 91' lang='lat' dir='ltr'>forent</span> <span class='ocrx_word' id='word_1_221' title='bbox 755 2276 818 2325; x_wconf 92' lang='lat' dir='ltr'>ad</span> <span class='ocrx_word' id='word_1_222' title='bbox 850 2276 1147 2324; x_wconf 90' lang='lat' dir='ltr'>ablationem</span> <span class='ocrx_word' id='word_1_223' title='bbox 1178 2277 1533 2339; x_wconf 90' lang='lat' dir='ltr'>temporalium,</span> <span class='ocrx_word' id='word_1_224' title='bbox 1560 2291 1686 2339; x_wconf 92' lang='lat' dir='ltr'>quae</span> <span class='ocrx_word' id='word_1_225' title='bbox 1722 2290 1869 2323; x_wconf 92' lang='lat' dir='ltr'>occu-</span> 
     </span>
    </p>
   </div>
   <div class='ocr_carea' id='block_1_12' title="bbox 37 2356 1868 2595">
    <p class='ocr_par' dir='ltr' id='par_1_12' title="bbox 37 2356 1868 2595">
     <span class='ocr_line' id='line_1_25' title="bbox 47 2356 1868 2423; baseline -0.002 -15"><span class='ocrx_word' id='word_1_226' title='bbox 47 2356 49 2358; x_wconf 69' lang='grc'><strong>’</strong></span> <span class='ocrx_word' id='word_1_227' title='bbox 114 2366 294 2423; x_wconf 75' lang='lat' dir='ltr'>pantur</span> <span class='ocrx_word' id='word_1_228' title='bbox 315 2373 404 2422; x_wconf 86' lang='lat' dir='ltr'>per</span> <span class='ocrx_word' id='word_1_229' title='bbox 426 2357 640 2415; x_wconf 82' lang='lat' dir='ltr'>clericOS,</span> <span class='ocrx_word' id='word_1_230' title='bbox 666 2358 872 2420; x_wconf 91' lang='lat' dir='ltr'>amplius</span> <span class='ocrx_word' id='word_1_231' title='bbox 908 2358 1106 2405; x_wconf 89' lang='lat' dir='ltr'>animati</span> <span class='ocrx_word' id='word_1_232' title='bbox 1121 2373 1134 2416; x_wconf 81' lang='lat'>3</span> <span class='ocrx_word' id='word_1_233' title='bbox 1178 2365 1323 2419; x_wconf 91' lang='lat' dir='ltr'>patet,</span> <span class='ocrx_word' id='word_1_234' title='bbox 1349 2357 1484 2420; x_wconf 92' lang='lat' dir='ltr'>quod</span> <span class='ocrx_word' id='word_1_235' title='bbox 1518 2357 1722 2405; x_wconf 89' lang='lat' dir='ltr'>subdole</span> <span class='ocrx_word' id='word_1_236' title='bbox 1754 2371 1868 2419; x_wconf 93' lang='lat' dir='ltr'>pro-</span> 
     </span>
     <span class='ocr_line' id='line_1_26' title="bbox 113 2437 1868 2502; baseline -0.002 -13"><span class='ocrx_word' id='word_1_237' title='bbox 113 2446 288 2489; x_wconf 73' lang='lat' dir='ltr'>curant</span> <span class='ocrx_word' id='word_1_238' title='bbox 309 2453 400 2502; x_wconf 91' lang='lat' dir='ltr'>pro</span> <span class='ocrx_word' id='word_1_239' title='bbox 423 2446 629 2501; x_wconf 91' lang='lat' dir='ltr'>utroque</span> <span class='ocrx_word' id='word_1_240' title='bbox 652 2438 854 2487; x_wconf 88' lang='lat' dir='ltr'>brachio</span> <span class='ocrx_word' id='word_1_241' title='bbox 879 2439 1111 2486; x_wconf 89' lang='lat' dir='ltr'>ecclesiae</span> <span class='ocrx_word' id='word_1_242' title='bbox 1136 2438 1453 2500; x_wconf 90' lang='lat' dir='ltr'>Anglicanae.</span> <span class='ocrx_word' id='word_1_243' title='bbox 1524 2437 1670 2485; x_wconf 92' lang='lat' dir='ltr'>Unde</span> <span class='ocrx_word' id='word_1_244' title='bbox 1704 2439 1755 2485; x_wconf 89' lang='lat' dir='ltr'>in</span> <span class='ocrx_word' id='word_1_245' title='bbox 1778 2438 1868 2485; x_wconf 92' lang='lat' dir='ltr'>illis</span> 
     </span>
     <span class='ocr_line' id='line_1_27' title="bbox 37 2519 1868 2595; baseline -0.002 -25"><span class='ocrx_word' id='word_1_246' title='bbox 37 2534 39 2538; x_wconf 60' lang='lat'><em>⁴</em></span> <span class='ocrx_word' id='word_1_247' title='bbox 79 2536 242 2585; x_wconf 85' lang='lat' dir='ltr'>·quae</span> <span class='ocrx_word' id='word_1_248' title='bbox 291 2521 484 2595; x_wconf 89' lang='lat' dir='ltr'>sapiunt</span> <span class='ocrx_word' id='word_1_249' title='bbox 529 2522 600 2568; x_wconf 91' lang='lat' dir='ltr'>eis</span> <span class='ocrx_word' id='word_1_250' title='bbox 648 2521 712 2569; x_wconf 88' lang='lat' dir='ltr'>ad</span> <span class='ocrx_word' id='word_1_251' title='bbox 769 2521 971 2578; x_wconf 92' lang='lat' dir='ltr'>lucrum,</span> <span class='ocrx_word' id='word_1_252' title='bbox 1019 2520 1130 2568; x_wconf 91' lang='lat' dir='ltr'>licet</span> <span class='ocrx_word' id='word_1_253' title='bbox 1175 2521 1226 2567; x_wconf 90' lang='lat' dir='ltr'>in</span> <span class='ocrx_word' id='word_1_254' title='bbox 1273 2520 1514 2568; x_wconf 89' lang='lat' dir='ltr'>haeresim</span> <span class='ocrx_word' id='word_1_255' title='bbox 1561 2519 1868 2567; x_wconf 88' lang='lat' dir='ltr'>manifestam</span> 
     </span>
    </p>
   </div>
   <div class='ocr_carea' id='block_1_13' title="bbox 10 2598 1949 3238">
    <p class='ocr_par' dir='ltr' id='par_1_13' title="bbox 10 2598 1949 3238">
     <span class='ocr_line' id='line_1_28' title="bbox 27 2598 1867 2662; baseline -0.002 -13"><span class='ocrx_word' id='word_1_256' title='bbox 27 2598 41 2650; x_wconf 81' lang='lat'>³1</span> <span class='ocrx_word' id='word_1_257' title='bbox 115 2603 380 2662; x_wconf 78' lang='lat' dir='ltr'>sonuerint,</span> <span class='ocrx_word' id='word_1_258' title='bbox 426 2602 648 2650; x_wconf 88' lang='lat' dir='ltr'>laborant</span> <span class='ocrx_word' id='word_1_259' title='bbox 695 2602 905 2650; x_wconf 52' lang='lat' dir='ltr'>assidue,</span> <span class='ocrx_word' id='word_1_260' title='bbox 995 2600 1092 2648; x_wconf 90' lang='lat' dir='ltr'>Sed</span> <span class='ocrx_word' id='word_1_261' title='bbox 1139 2616 1200 2648; x_wconf 85' lang='lat' dir='ltr'>ex</span> <span class='ocrx_word' id='word_1_262' title='bbox 1248 2600 1343 2647; x_wconf 93' lang='lat' dir='ltr'>Dei</span> <span class='ocrx_word' id='word_1_263' title='bbox 1397 2601 1552 2662; x_wconf 90' lang='lat' dir='ltr'>gratia</span> <span class='ocrx_word' id='word_1_264' title='bbox 1610 2600 1867 2647; x_wconf 89' lang='lat' dir='ltr'>consilium</span> 
     </span>
     <span class='ocr_line' id='line_1_29' title="bbox 28 2681 1867 2748; baseline -0.002 -14"><span class='ocrx_word' id='word_1_265' title='bbox 28 2733 32 2741; x_wconf 62' lang='lat'>„</span> <span class='ocrx_word' id='word_1_266' title='bbox 106 2684 411 2748; x_wconf 31' lang='lat' dir='ltr'>*Achitophel</span> <span class='ocrx_word' id='word_1_267' title='bbox 443 2683 713 2746; x_wconf 89' lang='lat' dir='ltr'>dissipatur,</span> <span class='ocrx_word' id='word_1_268' title='bbox 739 2699 855 2731; x_wconf 91' lang='lat' dir='ltr'>nam</span> <span class='ocrx_word' id='word_1_269' title='bbox 887 2690 1120 2744; x_wconf 91' lang='lat' dir='ltr'>tanquam</span> <span class='ocrx_word' id='word_1_270' title='bbox 1144 2683 1366 2730; x_wconf 88' lang='lat' dir='ltr'>membra</span> <span class='ocrx_word' id='word_1_271' title='bbox 1389 2681 1568 2729; x_wconf 90' lang='lat' dir='ltr'>diaboli</span> <span class='ocrx_word' id='word_1_272' title='bbox 1591 2681 1707 2729; x_wconf 93' lang='lat' dir='ltr'>illud</span> <span class='ocrx_word' id='word_1_273' title='bbox 1732 2682 1867 2744; x_wconf 94' lang='lat' dir='ltr'>quod</span> 
     </span>
     <span class='ocr_line' id='line_1_30' title="bbox 10 2762 1868 2829; baseline -0.004 -12"><span class='ocrx_word' id='word_1_274' title='bbox 10 2806 33 2814; x_wconf 56' lang='grc'>,.</span> <span class='ocrx_word' id='word_1_275' title='bbox 115 2768 208 2817; x_wconf 87' lang='lat' dir='ltr'>sibi</span> <span class='ocrx_word' id='word_1_276' title='bbox 229 2773 511 2829; x_wconf 90' lang='lat' dir='ltr'>reputarunt</span> <span class='ocrx_word' id='word_1_277' title='bbox 534 2764 783 2828; x_wconf 90' lang='lat' dir='ltr'>proficere,</span> <span class='ocrx_word' id='word_1_278' title='bbox 812 2763 875 2812; x_wconf 91' lang='lat' dir='ltr'>ad</span> <span class='ocrx_word' id='word_1_279' title='bbox 900 2764 971 2812; x_wconf 89' lang='lat' dir='ltr'>sui</span> <span class='ocrx_word' id='word_1_280' title='bbox 1005 2763 1240 2812; x_wconf 91' lang='lat' dir='ltr'>damnum</span> <span class='ocrx_word' id='word_1_281' title='bbox 1271 2770 1372 2810; x_wconf 91' lang='lat' dir='ltr'>tam</span> <span class='ocrx_word' id='word_1_282' title='bbox 1396 2762 1448 2809; x_wconf 93' lang='lat' dir='ltr'>in</span> <span class='ocrx_word' id='word_1_283' title='bbox 1481 2777 1686 2824; x_wconf 91' lang='lat' dir='ltr'>corpore</span> <span class='ocrx_word' id='word_1_284' title='bbox 1719 2777 1868 2825; x_wconf 90' lang='lat' dir='ltr'>quam</span> 
     </span>
     <span class='ocr_line' id='line_1_31' title="bbox 39 2843 1949 2908; baseline -0.004 -10.066"><span class='ocrx_word' id='word_1_285' title='bbox 39 2867 42 2870; x_wconf 87' lang='grc'><em>·</em></span> <span class='ocrx_word' id='word_1_286' title='bbox 113 2849 168 2898; x_wconf 85' lang='lat' dir='ltr'>in</span> <span class='ocrx_word' id='word_1_287' title='bbox 185 2848 349 2897; x_wconf 88' lang='lat' dir='ltr'>anima</span> <span class='ocrx_word' id='word_1_288' title='bbox 371 2853 723 2903; x_wconf 90' lang='lat' dir='ltr'>converterunt,</span> <span class='ocrx_word' id='word_1_289' title='bbox 744 2861 857 2894; x_wconf 89' lang='lat' dir='ltr'>curn</span> <span class='ocrx_word' id='word_1_290' title='bbox 881 2845 1095 2908; x_wconf 92' lang='lat' dir='ltr'>undique</span> <span class='ocrx_word' id='word_1_291' title='bbox 1115 2860 1175 2892; x_wconf 88' lang='lat' dir='ltr'>ex</span> <span class='ocrx_word' id='word_1_292' title='bbox 1202 2843 1311 2892; x_wconf 86' lang='lat' dir='ltr'>sua⁶</span> <span class='ocrx_word' id='word_1_293' title='bbox 1335 2844 1516 2891; x_wconf 91' lang='lat' dir='ltr'>malitia</span> <span class='ocrx_word' id='word_1_294' title='bbox 1543 2843 1672 2893; x_wconf 91' lang='lat' dir='ltr'>fraus</span> <span class='ocrx_word' id='word_1_295' title='bbox 1697 2858 1866 2891; x_wconf 91' lang='lat' dir='ltr'>eorum</span> <span class='ocrx_word' id='word_1_296' title='bbox 1943 2857 1949 2863; x_wconf 64' lang='grc'><em>“</em></span> 
     </span>
     <span class='ocr_line' id='line_1_32' title="bbox 33 2924 1867 2992; baseline -0.004 -13"><span class='ocrx_word' id='word_1_297' title='bbox 33 2966 39 2990; x_wconf 64' lang='lat'>·,</span> <span class='ocrx_word' id='word_1_298' title='bbox 116 2929 358 2987; x_wconf 83' lang='lat' dir='ltr'>diabolica</span> <span class='ocrx_word' id='word_1_299' title='bbox 381 2928 588 2992; x_wconf 89' lang='lat' dir='ltr'>amplius</span> <span class='ocrx_word' id='word_1_300' title='bbox 617 2935 689 2976; x_wconf 91' lang='lat' dir='ltr'>est</span> <span class='ocrx_word' id='word_1_301' title='bbox 721 2935 963 2990; x_wconf 90' lang='lat' dir='ltr'>percepta,</span> <span class='ocrx_word' id='word_1_302' title='bbox 989 2934 1037 2974; x_wconf 90' lang='lat' dir='ltr'>et</span> <span class='ocrx_word' id='word_1_303' title='bbox 1070 2926 1338 2988; x_wconf 89' lang='lat' dir='ltr'>specialiter</span> <span class='ocrx_word' id='word_1_304' title='bbox 1372 2926 1423 2972; x_wconf 91' lang='lat' dir='ltr'>in</span> <span class='ocrx_word' id='word_1_305' title='bbox 1454 2924 1564 2982; x_wconf 90' lang='lat' dir='ltr'>hoc,</span> <span class='ocrx_word' id='word_1_306' title='bbox 1601 2924 1736 2986; x_wconf 92' lang='lat' dir='ltr'>quod</span> <span class='ocrx_word' id='word_1_307' title='bbox 1767 2932 1867 2972; x_wconf 91' lang='lat' dir='ltr'>tam</span> 
     </span>
     <span class='ocr_line' id='line_1_33' title="bbox 23 3004 1867 3074; baseline -0.003 -16"><span class='ocrx_word' id='word_1_308' title='bbox 23 3030 26 3058; x_wconf 80' lang='grc' dir='ltr'><em>ς</em></span> <span class='ocrx_word' id='word_1_309' title='bbox 112 3010 390 3074; x_wconf 89' lang='lat' dir='ltr'>Londoniis</span> <span class='ocrx_word' id='word_1_310' title='bbox 430 3025 580 3073; x_wconf 90' lang='lat' dir='ltr'>quam</span> <span class='ocrx_word' id='word_1_311' title='bbox 621 3009 905 3057; x_wconf 90' lang='lat' dir='ltr'>Lincolniae</span> <span class='ocrx_word' id='word_1_312' title='bbox 946 3004 1196 3056; x_wconf 82' lang='lat' dir='ltr'>laborant⁶</span> <span class='ocrx_word' id='word_1_313' title='bbox 1237 3006 1429 3055; x_wconf 89' lang='lat' dir='ltr'>assidue</span> <span class='ocrx_word' id='word_1_314' title='bbox 1478 3006 1541 3054; x_wconf 90' lang='lat' dir='ltr'>ad</span> <span class='ocrx_word' id='word_1_315' title='bbox 1590 3005 1867 3054; x_wconf 89' lang='lat' dir='ltr'>sacerdotes</span> 
     </span>
     <span class='ocr_line' id='line_1_34' title="bbox 30 3086 1867 3155; baseline -0.003 -13"><span class='ocrx_word' id='word_1_316' title='bbox 30 3111 35 3150; x_wconf 68' lang='lat' dir='ltr'>j</span> <span class='ocrx_word' id='word_1_317' title='bbox 116 3092 286 3142; x_wconf 89' lang='lat' dir='ltr'>fideles</span> <span class='ocrx_word' id='word_1_318' title='bbox 326 3100 375 3140; x_wconf 92' lang='lat' dir='ltr'>et</span> <span class='ocrx_word' id='word_1_319' title='bbox 414 3106 654 3155; x_wconf 90' lang='lat' dir='ltr'>pauperes</span> <span class='ocrx_word' id='word_1_320' title='bbox 694 3090 1092 3152; x_wconf 85' lang='lat' dir='ltr'>extinguendum,</span> <span class='ocrx_word' id='word_1_321' title='bbox 1135 3096 1184 3136; x_wconf 91' lang='lat' dir='ltr'>et</span> <span class='ocrx_word' id='word_1_322' title='bbox 1225 3088 1492 3150; x_wconf 90' lang='lat' dir='ltr'>specialiter</span> <span class='ocrx_word' id='word_1_323' title='bbox 1532 3095 1732 3150; x_wconf 91' lang='lat' dir='ltr'>propter</span> <span class='ocrx_word' id='word_1_324' title='bbox 1772 3086 1867 3136; x_wconf 93' lang='lat' dir='ltr'>hoc</span> 
     </span>
     <span class='ocr_line' id='line_1_35' title="bbox 117 3168 1868 3238; baseline -0.004 -15.331"><span class='ocrx_word' id='word_1_325' title='bbox 117 3173 254 3238; x_wconf 88' lang='lat' dir='ltr'>quod</span> <span class='ocrx_word' id='word_1_326' title='bbox 286 3188 459 3222; x_wconf 90' lang='lat' dir='ltr'>eorum</span> <span class='ocrx_word' id='word_1_327' title='bbox 494 3173 726 3221; x_wconf 89' lang='lat' dir='ltr'>versutias</span> <span class='ocrx_word' id='word_1_328' title='bbox 762 3171 1004 3220; x_wconf 92' lang='lat' dir='ltr'>caritative</span> <span class='ocrx_word' id='word_1_329' title='bbox 1040 3171 1091 3217; x_wconf 92' lang='lat' dir='ltr'>in</span> <span class='ocrx_word' id='word_1_330' title='bbox 1127 3169 1311 3232; x_wconf 90' lang='lat' dir='ltr'>populo</span> <span class='ocrx_word' id='word_1_331' title='bbox 1347 3168 1656 3218; x_wconf 78' lang='lat' dir='ltr'>detexerunt⁷</span> <span class='ocrx_word' id='word_1_332' title='bbox 1670 3185 1683 3228; x_wconf 92' lang='lat'>;</span> <span class='ocrx_word' id='word_1_333' title='bbox 1734 3176 1782 3216; x_wconf 91' lang='lat' dir='ltr'>et</span> <span class='ocrx_word' id='word_1_334' title='bbox 1815 3177 1868 3216; x_wconf 91' lang='lat' dir='ltr'>ut</span> 
     </span>
    </p>
   </div>
   <div class='ocr_carea' id='block_1_14' title="bbox 39 3249 1866 3321">
    <p class='ocr_par' dir='ltr' id='par_1_14' title="bbox 39 3249 1866 3321">
     <span class='ocr_line' id='line_1_36' title="bbox 39 3249 1866 3321; baseline -0.005 -16"><span class='ocrx_word' id='word_1_335' title='bbox 39 3288 42 3290; x_wconf 34' lang='lat' dir='ltr'>v</span> <span class='ocrx_word' id='word_1_336' title='bbox 113 3255 268 3321; x_wconf 70' lang='lat' dir='ltr'>credo</span> <span class='ocrx_word' id='word_1_337' title='bbox 309 3262 420 3304; x_wconf 90' lang='lat' dir='ltr'>ante</span> <span class='ocrx_word' id='word_1_338' title='bbox 462 3254 659 3317; x_wconf 89' lang='lat' dir='ltr'>plenam</span> <span class='ocrx_word' id='word_1_339' title='bbox 698 3253 885 3316; x_wconf 90' lang='lat' dir='ltr'>peccati</span> <span class='ocrx_word' id='word_1_340' title='bbox 925 3252 1068 3315; x_wconf 88' lang='lat' dir='ltr'>hujus</span> <span class='ocrx_word' id='word_1_341' title='bbox 1109 3251 1372 3298; x_wconf 89' lang='lat' dir='ltr'>vindictam</span> <span class='ocrx_word' id='word_1_342' title='bbox 1412 3249 1548 3297; x_wconf 91' lang='lat' dir='ltr'>Deus</span> <span class='ocrx_word' id='word_1_343' title='bbox 1588 3264 1732 3312; x_wconf 89' lang='lat' dir='ltr'>super</span> <span class='ocrx_word' id='word_1_344' title='bbox 1773 3250 1866 3297; x_wconf 91' lang='lat' dir='ltr'>isto</span> 
     </span>
    </p>
   </div>
   <div class='ocr_carea' id='block_1_15' title="bbox 30 3390 1868 3609">
    <p class='ocr_par' dir='ltr' id='par_1_15' title="bbox 30 3390 1868 3504">
     <span class='ocr_line' id='line_1_37' title="bbox 30 3390 1868 3448; baseline -0.004 -10"><span class='ocrx_word' id='word_1_345' title='bbox 30 3419 42 3427; x_wconf 92' lang='lat'><em>·</em></span> <span class='ocrx_word' id='word_1_346' title='bbox 174 3396 191 3421; x_wconf 84' lang='lat'><em>¹</em></span> <span class='ocrx_word' id='word_1_347' title='bbox 219 3394 478 3448; x_wconf 84' lang='lat' dir='ltr'>studuerunt]</span> <span class='ocrx_word' id='word_1_348' title='bbox 500 3395 721 3439; x_wconf 87' lang='lat' dir='ltr'>studerent,</span> <span class='ocrx_word' id='word_1_349' title='bbox 742 3394 798 3433; x_wconf 89' lang='lat' dir='ltr'>D.</span> <span class='ocrx_word' id='word_1_350' title='bbox 962 3393 978 3416; x_wconf 80' lang='lat'>²</span> <span class='ocrx_word' id='word_1_351' title='bbox 1007 3392 1183 3444; x_wconf 88' lang='lat' dir='ltr'>summe]</span> <span class='ocrx_word' id='word_1_352' title='bbox 1206 3393 1348 3438; x_wconf 88' lang='lat' dir='ltr'>sinere,</span> <span class='ocrx_word' id='word_1_353' title='bbox 1369 3391 1432 3431; x_wconf 88' lang='lat' dir='ltr'>ed.</span> <span class='ocrx_word' id='word_1_354' title='bbox 1457 3404 1516 3443; x_wconf 87' lang='lat' dir='ltr'>pr.</span> <span class='ocrx_word' id='word_1_355' title='bbox 1704 3390 1720 3414; x_wconf 81' lang='lat'><strong>³</strong></span> <span class='ocrx_word' id='word_1_356' title='bbox 1748 3390 1868 3431; x_wconf 88' lang='lat' dir='ltr'>liber-</span> 
     </span>
     <span class='ocr_line' id='line_1_38' title="bbox 38 3444 1868 3504; baseline -0.004 -12"><span class='ocrx_word' id='word_1_357' title='bbox 38 3480 49 3483; x_wconf 91' lang='lat'>--</span> <span class='ocrx_word' id='word_1_358' title='bbox 121 3451 219 3504; x_wconf 72' lang='lat' dir='ltr'>tati]</span> <span class='ocrx_word' id='word_1_359' title='bbox 239 3450 466 3491; x_wconf 87' lang='lat' dir='ltr'>derivatum</span> <span class='ocrx_word' id='word_1_360' title='bbox 485 3462 511 3489; x_wconf 87' lang='lat' dir='ltr'>a</span> <span class='ocrx_word' id='word_1_361' title='bbox 529 3449 657 3489; x_wconf 91' lang='lat' dir='ltr'>verbo</span> <span class='ocrx_word' id='word_1_362' title='bbox 675 3447 838 3493; x_wconf 83' lang='lat' dir='ltr'>liberto,</span> <span class='ocrx_word' id='word_1_363' title='bbox 858 3460 933 3499; x_wconf 91' lang='lat' dir='ltr'>pro</span> <span class='ocrx_word' id='word_1_364' title='bbox 953 3447 1113 3487; x_wconf 81' lang='lat' dir='ltr'>liberati.</span> <span class='ocrx_word' id='word_1_365' title='bbox 1416 3444 1430 3467; x_wconf 83' lang='lat'><strong>⁴</strong></span> <span class='ocrx_word' id='word_1_366' title='bbox 1454 3445 1524 3484; x_wconf 86' lang='lat' dir='ltr'>illa</span> <span class='ocrx_word' id='word_1_367' title='bbox 1544 3445 1772 3497; x_wconf 86' lang='lat' dir='ltr'>perceptio]</span> <span class='ocrx_word' id='word_1_368' title='bbox 1794 3445 1868 3485; x_wconf 87' lang='lat' dir='ltr'>illo</span> 
     </span>
    </p>

    <p class='ocr_par' dir='ltr' id='par_1_16' title="bbox 42 3498 1866 3609">
     <span class='ocr_line' id='line_1_39' title="bbox 175 3498 1866 3559; baseline -0.004 -14"><span class='ocrx_word' id='word_1_369' title='bbox 175 3510 331 3559; x_wconf 70' lang='lat' dir='ltr'>mepte,</span> <span class='ocrx_word' id='word_1_370' title='bbox 352 3503 399 3544; x_wconf 92' lang='lat' dir='ltr'>B.</span> <span class='ocrx_word' id='word_1_371' title='bbox 419 3504 576 3556; x_wconf 83' lang='lat' dir='ltr'>primae</span> <span class='ocrx_word' id='word_1_372' title='bbox 595 3515 751 3548; x_wconf 87' lang='lat' dir='ltr'>manus,</span> <span class='ocrx_word' id='word_1_373' title='bbox 772 3501 836 3542; x_wconf 90' lang='lat' dir='ltr'>ed.</span> <span class='ocrx_word' id='word_1_374' title='bbox 858 3514 918 3553; x_wconf 88' lang='lat' dir='ltr'>pr.</span> <span class='ocrx_word' id='word_1_375' title='bbox 1081 3500 1096 3522; x_wconf 83' lang='lat'>⁵</span> <span class='ocrx_word' id='word_1_376' title='bbox 1126 3499 1218 3552; x_wconf 87' lang='lat' dir='ltr'>sua]</span> <span class='ocrx_word' id='word_1_377' title='bbox 1241 3500 1314 3545; x_wconf 87' lang='lat' dir='ltr'>sui,</span> <span class='ocrx_word' id='word_1_378' title='bbox 1335 3499 1397 3539; x_wconf 87' lang='lat' dir='ltr'>ed.</span> <span class='ocrx_word' id='word_1_379' title='bbox 1420 3511 1480 3551; x_wconf 89' lang='lat' dir='ltr'>pr.</span> <span class='ocrx_word' id='word_1_380' title='bbox 1610 3498 1627 3522; x_wconf 68' lang='grc' dir='ltr'><strong>θ</strong></span> <span class='ocrx_word' id='word_1_381' title='bbox 1655 3498 1866 3551; x_wconf 83' lang='lat' dir='ltr'>laborant]</span> 
     </span>
     <span class='ocr_line' id='line_1_40' title="bbox 42 3517 1463 3609; baseline -0.007 -8"><span class='ocrx_word' id='word_1_382' title='bbox 42 3551 46 3560; x_wconf 70' lang='grc'><em>’</em></span> <span class='ocrx_word' id='word_1_383' title='bbox 119 3517 372 3607; x_wconf 56' lang='grc' dir='ltr'>ζβοῐειῐιιηῐ,</span> <span class='ocrx_word' id='word_1_384' title='bbox 393 3557 441 3598; x_wconf 94' lang='lat' dir='ltr'>C.</span> <span class='ocrx_word' id='word_1_385' title='bbox 462 3557 526 3598; x_wconf 91' lang='lat' dir='ltr'>ed.</span> <span class='ocrx_word' id='word_1_386' title='bbox 546 3570 606 3609; x_wconf 91' lang='lat' dir='ltr'>pr.</span> <span class='ocrx_word' id='word_1_387' title='bbox 771 3555 787 3579; x_wconf 85' lang='lat'>⁷</span> <span class='ocrx_word' id='word_1_388' title='bbox 814 3553 1071 3605; x_wconf 86' lang='lat' dir='ltr'>detexerunt]</span> <span class='ocrx_word' id='word_1_389' title='bbox 1093 3554 1299 3598; x_wconf 81' lang='lat' dir='ltr'>detexunt,</span> <span class='ocrx_word' id='word_1_390' title='bbox 1320 3553 1381 3592; x_wconf 90' lang='lat' dir='ltr'>ed.</span> <span class='ocrx_word' id='word_1_391' title='bbox 1402 3565 1463 3605; x_wconf 87' lang='lat' dir='ltr'>pr.</span> 
     </span>
    </p>
   </div>
   <div class='ocr_carea' id='block_1_16' title="bbox 1998 448 2102 504">
    <p class='ocr_par' dir='ltr' id='par_1_17' title="bbox 1998 448 2102 504">
     <span class='ocr_line' id='line_1_41' title="bbox 1998 448 2102 504; baseline 0 -1"><span class='ocrx_word' id='word_1_392' title='bbox 1998 448 2102 504; x_wconf 88' lang='lat'>379</span> 
     </span>
    </p>
   </div>
  </div>
 </body>
</html>
