2436 4094
743 320 861 369 PR
887 319 1129 370 OLEG
1156 318 1502 370 OMENA.
2017 327 2081 382 15

165 464 270 509 tote
305 457 589 519 compositis
620 457 751 505 brevi
779 456 1134 520 comprehensa
1157 465 1242 514 est,
1268 456 1350 519 qui
1386 455 1436 503 in
1472 454 1657 518 pagina
1678 445 1896 515 Trialogi
1932 451 2083 515 ipsius

16 545 32 565 ⁶
75 579 85 606 ς
159 545 456 624 pnnclpium
478 546 796 594 antecedente
819 546 947 609 typis
970 546 1195 608 exscripti
1219 552 1359 593 sunt:

767 810 1080 875 JOANNES
1116 810 1469 862 WICLEFUS

304 977 332 1000 ⁴
878 993 1106 1029 ommno
1141 993 1372 1028 merom.

301 1175 304 1179 ,
370 1128 506 1180 Dum
541 1130 746 1195 capitale
781 1130 870 1180 fuit
903 1132 1102 1195 passim,
1140 1130 1214 1179 fas
1245 1131 1422 1194 jusque
1458 1129 1595 1189 tueri,

439 1219 504 1270 Et
537 1227 696 1270 tutum
730 1220 847 1269 nulli
882 1234 973 1284 pro
1009 1220 1187 1283 pietate
1222 1219 1370 1282 loqui,

371 1307 620 1359 Delituere
654 1309 774 1360 boni
809 1309 1009 1372 passim,
1046 1308 1119 1357 fas
1150 1309 1327 1372 jusque
1363 1308 1598 1366 relictum,

440 1397 506 1448 Et
538 1399 609 1447 vis
643 1398 695 1446 in
730 1398 915 1447 cunctis
950 1397 1116 1446 extulit
1155 1412 1291 1445 arma
1325 1397 1458 1445 locis.

319 1482 327 1488 ’
373 1486 492 1538 Heu
526 1503 651 1552 quae
687 1496 967 1552 tempestaS,
1004 1488 1112 1551 quis
1146 1488 1305 1546 turbo,
1342 1501 1526 1550 quaeve
1562 1486 1772 1550 procella

441 1577 684 1636 Incubuit,
722 1592 848 1640 quae
883 1591 984 1624 nox
1021 1575 1249 1625 cordibus
1284 1575 1363 1623 illa
1398 1575 1524 1638 piis?

373 1667 442 1717 At
475 1682 608 1716 nunc
642 1674 755 1731 post
789 1666 1003 1715 hiemem
1038 1674 1139 1714 tam
1175 1666 1329 1714 diram
1363 1666 1447 1713 ubi
1482 1680 1647 1714 rursus
1683 1662 1900 1728 Olympo

447 1754 533 1804 Sol
566 1754 689 1804 redit
724 1762 773 1803 et
806 1753 945 1818 pulsa
980 1753 1190 1803 candida
1223 1753 1354 1802 nube
1390 1753 1507 1811 dieS,

373 1842 464 1893 Vis
500 1857 698 1907 quoque
732 1841 964 1905 paulatim
998 1841 1211 1904 languet;
1249 1841 1488 1904 sentitque
1513 1847 1761 1889 senectam

443 1928 509 1980 Et
542 1930 754 1980 recalent
789 1930 964 1979 animis
995 1929 1075 1993 jus
1109 1930 1361 1993 pietasque
1397 1930 1512 1988 suiS,

375 2018 421 2068 E
454 2017 649 2070 latebris
682 2019 889 2069 redeunt
923 2019 1071 2068 etiam
1106 2018 1358 2082 fiduntque
1385 2033 1574 2078 seren0‚

446 2104 704 2158 Hactenus
737 2108 789 2156 in
825 2107 981 2156 denso
1017 2106 1100 2170 qui
1135 2122 1367 2170 gemuere
1403 2107 1512 2156 situ.

377 2189 514 2250 Inter
548 2214 674 2264 quos
709 2206 756 2247 et
792 2213 888 2262 ego
921 2197 1156 2247 Wiclefus
1187 2198 1294 2261 jure
1329 2212 1525 2246 reverso

369 2283 384 2289 ”
445 2286 656 2347 ProdeO,
688 2286 900 2352 justitiae
924 2301 1056 2335 nunc
1081 2302 1277 2350 quoque
1303 2286 1420 2335 fisus
1444 2302 1556 2350 ope.

379 2375 474 2427 Cui
509 2377 550 2426 si
585 2391 688 2425 non
722 2375 884 2424 omnis
918 2374 1226 2438 plaudendus
1263 2373 1386 2424 forte
1421 2375 1637 2434 videbor,

450 2466 570 2517 Non
604 2465 752 2516 etiam
787 2473 918 2514 totus
954 2464 1078 2514 forte
1114 2465 1410 2528 premendus
1446 2479 1546 2514 ero,

248 2784 515 2848 Prologum
562 2781 774 2844 sequitur
822 2785 833 2806 ‘
849 2780 1005 2829 Index
1053 2789 1450 2844 argumentorum
1504 2783 1803 2846 singulorum
1850 2785 2094 2848 capitum‚’

95 2863 108 2874 f
179 2889 330 2942 quem
362 2873 443 2922 bic
477 2869 796 2935 repetendum
831 2883 933 2917 non
968 2883 1076 2917 esse
1110 2884 1220 2918 eam
1255 2870 1322 2917 ob
1359 2885 1556 2918 causam
1588 2871 1922 2935 judicavimuS‚
1960 2874 2096 2937 quod

79 2980 84 2983 ·
176 2955 468 3030 argumenta
490 2956 598 3025 ipsa
619 2973 723 3008 non
747 2959 951 3007 omnino
976 2965 1104 3006 recte
1129 2973 1186 3006 ac
1209 2973 1320 3007 vere
1344 2959 1554 3008 indicata
1576 2975 1683 3009 esse
1705 2961 1992 3016 viderentur.

168 3109 173 3124 l
253 3052 436 3102 Textus
480 3048 701 3111 Trialogi
747 3048 798 3095 in
845 3045 1055 3095 editione
1101 3046 1318 3109 principe
1366 3048 1597 3097 continuo
1645 3056 1815 3097 tenore
1861 3050 1926 3098 ita
1970 3050 2098 3114 typis

12 3173 31 3187 ,
66 3191 71 3208 1,
136 3159 147 3165 ·
166 3126 449 3203 'exscriptus
467 3143 555 3194 est,
573 3143 627 3184 ut
644 3149 805 3197 neque
824 3133 908 3182 ubi
926 3148 1165 3196 personae
1189 3133 1522 3197 colloquentes
1542 3135 1629 3183 sibi
1650 3134 1919 3184 succedunt
1937 3149 2101 3199 neque

179 3230 265 3281 ubi
293 3242 426 3279 nova
455 3224 801 3277 sententiarum
834 3222 981 3271 series
1013 3222 1231 3282 nectitur,
1261 3223 1504 3272 intervalla
1539 3225 1780 3287 quaedam
1816 3231 2098 3274 statuantur.

180 3318 299 3380 Qua
336 3331 390 3367 re
427 3315 535 3364 libri
574 3312 836 3362 lectionem
875 3310 1193 3359 difficiliorem
1236 3311 1352 3370 fieri,
1395 3313 1503 3375 quis
1550 3321 1622 3362 est
1669 3314 1787 3377 quin
1833 3313 2102 3376 intelligat?

139 3439 142 3443 ν
182 3406 457 3459 Summaria
487 3402 688 3468 quidem
721 3407 1120 3463 argumentorum
1153 3399 1215 3448 ad
1247 3401 1518 3464 marginem
1553 3401 1764 3451 indicata
1798 3401 2099 3469 aliquantum

182 3497 413 3562 adjuvant
445 3494 680 3550 lectores;
731 3488 819 3538 sed
853 3488 1098 3551 duplicem
1134 3489 1200 3537 ob
1237 3504 1437 3539 causam
1474 3505 1576 3539 non
1616 3492 1820 3541 omnino
1858 3490 2101 3540 sufficiunt

161 3573 440 3641 'desiderim
469 3583 681 3646 primum
706 3578 820 3642 quia
850 3578 1203 3640 inaequabilius
1236 3578 1422 3642 digesta
1455 3587 1580 3638 sunt,
1605 3579 1782 3630 deinde
1818 3580 1932 3643 quia
1967 3579 2101 3627 haud
