2456 4088
318 437 423 486 214

972 421 1398 486 JOANNIS
1466 423 1816 473 WICLIF
2135 441 2299 470 mam.

519 551 522 572 ³
551 559 801 608 sententia.
875 555 973 605 Sed
997 571 1140 619 super
1162 570 1265 604 uno
1298 557 1528 605 mussito:
1571 556 1757 604 videtur
1780 555 1913 615 mihi,
1938 555 2073 619 quod
2095 552 2298 614 innuis¹‚

551 641 722 688 melius
758 637 930 686 fuisse²
964 638 1151 685 homini
1187 646 1235 686 et
1268 639 1356 686 toti
1392 638 1594 695 mundo,
1632 637 1765 699 quod
1799 637 1903 700 ipse
1941 637 2010 685 sic
2033 630 2298 700 peccasset,

550 736 698 784 quam
723 720 856 783 quod
880 721 1079 768 omnino
1105 727 1340 783 perpetuo
1365 720 1415 766 in
1442 726 1567 766 statu
1590 718 1896 766 innocentiae
1920 717 2279 780 permansisset.

616 801 889 850 Phronesz's.
962 802 1199 850 Concedo
1237 801 1322 848 tibi
1363 815 1513 857 soror,
1551 799 1683 862 quod
1725 815 1786 846 ex
1828 799 2062 846 infinitate
2109 797 2299 846 divinae

548 884 904 932 misericordiae
928 891 1181 945 peccatum
1206 882 1300 930 hoc
1325 881 1516 944 profuit,
1543 888 1590 928 et
1614 882 1682 928 sic
1708 896 1768 928 ex
1801 881 2105 928 ordinatione
2139 879 2300 927 divina

549 966 720 1013 melius
755 965 842 1012 fuit
877 964 1011 1027 quod
1045 964 1196 1012 homo
1233 963 1398 1011 fuisset
1440 964 1508 1010 sic
1543 963 1706 1025 lapsus
1748 977 1777 1010 a
1818 970 1943 1010 statu
1977 961 2299 1017 innocentiae,

548 1063 696 1110 quam
729 1046 863 1109 quod
894 1047 944 1094 in
975 1053 1101 1093 statu
1133 1045 1442 1093 innocentiae
1474 1044 1736 1106 perpetuo3
1758 1043 2043 1106 generaliter
2073 1046 2300 1105 perman-

548 1127 698 1186 sisset,
741 1143 857 1174 nam
898 1127 1058 1189 plures
1101 1126 1323 1174 homines
1366 1126 1624 1173 occasione
1665 1125 1852 1187 peccati
1894 1125 2036 1187 primi
2082 1122 2299 1172 hominis

547 1208 737 1256 fuerunt
777 1207 1000 1271 producti
1041 1208 1149 1270 plus
1189 1208 1384 1255 virtuosi
1426 1214 1473 1254 et
1513 1208 1563 1254 in
1604 1207 1758 1268 patria
1799 1206 1907 1268 plus
1948 1205 2089 1254 beati.
2175 1205 2299 1254 Ideo

549 1290 831 1337 benedictus
865 1290 925 1337 sit
949 1288 1099 1347 Deus,
1125 1289 1207 1350 qui
1239 1273 1495 1351 peccatum
1529 1296 1629 1335 tam
1661 1303 1807 1350 grave
1840 1288 1928 1336 scit
1958 1296 2058 1336 tam
2090 1287 2300 1351 gratiose

548 1371 611 1419 ad
634 1370 906 1434 profectum
938 1370 1130 1432 generis
1162 1369 1361 1417 humani
1394 1371 1697 1418 convertere!
1765 1367 1897 1416 Nam
1921 1368 1982 1417 de
2010 1383 2189 1432 genere
2212 1367 2302 1415 hu-

548 1468 698 1500 mano
723 1460 796 1500 tot
822 1460 961 1500 erunt
985 1452 1210 1499 homines
1235 1451 1414 1509 salvati,
1441 1459 1560 1513 quot
1591 1450 1796 1498 fuissent
1819 1458 1974 1498 stante
1999 1450 2143 1514 plene
2175 1457 2302 1497 statu

547 1535 869 1592 innocentiae,
893 1541 942 1581 et
966 1534 1111 1580 etiarn
1135 1532 1243 1595 plus
1275 1532 1402 1580 beati
1416 1547 1430 1591 3
1468 1540 1516 1580 et
1539 1533 1762 1595 propter⁴
1786 1531 1881 1580 hoc
1912 1540 2041 1580 totus
2073 1545 2302 1579 numerus

550 1615 891 1664 damnatorum
916 1614 1055 1663 cedet
1078 1613 1264 1662 mundo
1289 1613 1353 1662 ad
1377 1613 1649 1676 profectum
1670 1621 1719 1662 et
1742 1613 1948 1675 gloriam
1971 1614 2237 1663 beatorum.

1256 2059 1413 2108 CAP.
1451 2060 1609 2108 XXV,

957 2210 1032 2258 De
1055 2212 1310 2258 necessitate
1333 2213 1671 2259 incarnation&
1697 2210 1897 2260 Christi,

619 2355 822 2403 Alz'tlzz'a.
894 2354 1070 2413 Video,
1090 2354 1272 2413 frater⁵,
1293 2354 1427 2417 quod
1447 2369 1591 2417 super
1610 2355 1730 2402 haec
1748 2356 1898 2404 multa
1917 2356 2064 2405 dubia
2081 2357 2174 2406 alia
2192 2366 2304 2406 sunt

553 2452 791 2494 connexa,
830 2443 883 2484 ut
923 2443 1053 2498 puta,
1094 2437 1132 2484 si
1172 2451 1392 2491 necesse.
1415 2436 1503 2483 fuit
1541 2436 1784 2485 Christum
1825 2438 2064 2487 incarnari
2105 2448 2305 2503 propter

554 2517 930 2566 satisfactionem
972 2518 1160 2580 peccati
1203 2518 1404 2565 humani
1445 2519 1652 2580 generis,
1695 2527 1742 2566 et
1782 2521 2100 2580 postmodum
2139 2521 2302 2583 ipsum

553 2601 708 2647 mori?
781 2599 1022 2656 Secundo,
1048 2614 1196 2660 quare
1228 2607 1485 2661 peccatum
1518 2599 1696 2647 diaboli
1721 2601 1841 2648 sicut
1868 2609 2123 2663 peccatum
2146 2602 2304 2651 homi-

553 2682 628 2729 nis
653 2696 755 2728 non
781 2681 976 2728 deletur.
1048 2680 1113 2728 Et
1136 2681 1274 2728 tertio
1300 2679 1511 2728 Pseustis
1537 2682 1714 2743 objicit,
1741 2682 1876 2744 quod
1907 2683 1997 2730 illis
2025 2683 2304 2732 hominibus

554 2763 635 2825 qui
660 2763 1018 2811 damnabuntur
1042 2762 1165 2823 foret
1189 2762 1375 2820 melius,
1402 2761 1536 2824 quod
1558 2763 1938 2825 protoplastum⁶
1961 2763 2174 2814 hominis
2200 2781 2303 2814 non

553 2852 814 2911 peccasset,
855 2852 903 2891 et
944 2843 1060 2906 quid
1095 2844 1294 2906 prodest
1328 2843 1482 2891 beatis
1517 2844 1567 2890 in
1602 2845 1770 2906 patria,
1809 2845 1943 2907 quod
1979 2845 2193 2896 damnati
2228 2848 2304 2896 sui

553 2926 745 2988 generis
774 2925 930 2973 taliter
954 2925 1074 2972 sint⁷
1098 2925 1267 2987 puniti.

623 3007 894 3054 Phronesis.
965 3005 1149 3063 Placet,¹
1167 3020 1317 3063 soror,
1344 3004 1477 3067 quod
1501 3005 1622 3053 haec
1645 3006 1735 3053 tria
1759 3005 1904 3055 dubia
1927 3015 2027 3055 tam
2051 3007 2306 3058 efficaciter

554 3096 666 3135 sunt
690 3087 898 3135 inducta.
970 3086 1065 3134 Pro
1078 3088 1235 3147 primo
1258 3086 1475 3134 notanda
1498 3094 1608 3133 sunt
1631 3086 1794 3144 multa,
1820 3095 1867 3134 et
1890 3088 2048 3149 primo
2083 3090 2304 3137 omniurn

556 3177 722 3218 notata
745 3169 942 3217 historia
972 3168 1158 3230 peccati
1191 3168 1401 3214 hominis
1435 3167 1734 3229 supponitur,
1760 3168 1894 3229 quod
1925 3168 2032 3230 ipse
2064 3170 2303 3231 peccavit⁸

610 3338 623 3361 ¹
653 3337 805 3390 innuis]
826 3337 960 3383 nimis,
981 3338 1044 3377 ed.
1065 3351 1126 3390 pr.
1292 3338 1306 3359 2
1332 3336 1476 3388 fuisse]
1497 3336 1652 3383 fuisset,
1672 3336 1719 3377 B.
1740 3337 1802 3377 ed.
1822 3351 1884 3390 pr.
2037 3338 2054 3362 ³
2080 3342 2302 3395 perpetuo]

555 3397 755 3443 perpetuo
775 3398 828 3437 et,
849 3391 896 3431 B.
917 3392 1072 3444 primae
1093 3403 1249 3437 manUS,
1269 3392 1332 3431 ed.
1354 3405 1414 3444 pr.
1706 3390 1722 3414 ‘²
1748 3391 1934 3444 propter]
1954 3398 2128 3444 praeter,
2147 3395 2302 3436 A.C.B.

556 3445 712 3496 primae
730 3459 887 3491 manus,
907 3446 971 3485 ed.
991 3459 1053 3497 pr.
1216 3445 1232 3468 ⁵
1260 3445 1401 3497 frater]
1423 3445 1547 3485 frater
1565 3444 1795 3491 Phrenesis,
1817 3446 1880 3486 ed.
1895 3458 1956 3498 pr.
2119 3448 2136 3471 ⁶
2163 3455 2304 3500 proto-

557 3499 756 3550 plastum]
802 3500 894 3539 libri
941 3513 1065 3539 manu
1106 3499 1258 3551 scripti,
1293 3501 1596 3550 prothoplastum
1647 3500 1916 3549 (abstractum
1959 3513 2036 3552 pro
2075 3505 2301 3555 concreto).

556 3551 571 3572 ⁷
602 3552 701 3603 sint]
723 3559 827 3599 sunt,
848 3554 909 3593 ed.
926 3567 987 3605 pr.
1154 3554 1168 3577 ⁸
1198 3553 1399 3613 peccavit]
1421 3558 1575 3605 peccat,
1596 3553 1658 3592 ed.
1677 3566 1738 3604 pr.
