2462 4114
396 417 500 492 348

1070 413 1508 478 JOANNJS
1576 414 1940 466 WJCLJF
2229 434 2387 465 usus.

633 549 683 595 in
724 555 929 610 utroque
967 547 1171 596 istorum
1212 547 1435 596 locorum
1476 549 1695 611 rapinam
1733 563 2004 612 pauperum
2050 550 2150 598 sive
2190 547 2384 598 firrtum.

633 629 851 678 Christus
893 644 1012 692 ergo
1054 631 1262 680 innuens
1305 645 1420 680 suos
1455 631 1705 694 apostolos
1746 632 1822 680 his
1862 631 2021 681 verbis
2060 631 2385 694 generalibuS,

634 712 723 759 ‘ite
759 712 809 758 in
845 710 1099 759 civitatem'
1138 719 1243 770 etc„
1280 719 1328 760 et
1363 712 1632 775 specialiter
1657 713 1775 762 dum
1809 713 1916 776 ipsa
1938 713 2086 762 verba
2117 712 2387 777 perfecerat

631 793 854 851 virtuose,
888 792 1070 841 indicat
1104 794 1468 855 generalitatem
1502 794 1575 843 sui
1611 793 1813 842 dominii
1847 803 1896 843 et
1931 794 2194 857 magisterii
2207 808 2221 855 ς
2273 794 2390 858 quia

629 873 881 938 Johannes
896 873 1020 922 xiii.1
1046 874 1161 923 dicit
1184 875 1328 934 idem,
1355 879 1367 900 ‘
1383 890 1471 924 vos
1495 876 1680 925 vocatis
1713 890 1793 923 me
1817 876 2047 938 magister
2080 882 2129 924 et
2152 874 2385 934 Domine,

629 963 677 1003 et
711 956 836 1003 bene
872 954 1042 1014 dicitis,
1075 971 1184 1004 sum
1218 957 1399 1005 etenim
1408 955 1452 1005 ².'
1524 956 1587 1007 Et
1619 957 1732 1006 hinc
1767 972 1828 1006 ex
1861 957 2082 1006 doctrina
2108 956 2389 1020 evangelica

631 1036 807 1085 Christi
831 1036 1054 1100 discipuli
1082 1052 1184 1085 non
1217 1038 1462 1087 audebant
1484 1053 1663 1087 vocare
1689 1054 1741 1088 se
1773 1039 2033 1101 magistros
2064 1045 2112 1087 et
2141 1036 2386 1096 dominOS‚

631 1118 720 1166 sed
743 1133 908 1167 servos
925 1118 1128 1167 Domini
1149 1118 1269 1184 Jesu
1294 1118 1488 1168 Christi.
1548 1119 1855 1169 Connectant
1879 1135 1998 1183 ergo
2021 1118 2248 1168 haeretici
2265 1118 2391 1168 haec

629 1200 719 1248 tria
752 1201 900 1249 verba
933 1200 1113 1250 Christi
1147 1201 1211 1250 ad
1248 1202 1482 1250 invicem:
1531 1203 1685 1264 primo
1726 1201 1979 1265 quomodo
2015 1201 2248 1266 praecipit
2288 1201 2391 1250 suis

631 1282 878 1346 discipulis
900 1283 952 1330 in
974 1283 1132 1332 verbis
1156 1283 1463 1346 generalibus
1488 1291 1536 1332 et
1553 1282 1826 1342 fructuosiS,
1845 1283 1982 1347 quod
2004 1283 2128 1334 irent
2149 1282 2202 1330 in
2224 1281 2390 1331 civita-

629 1373 729 1412 tem
747 1364 810 1412 ad
828 1363 1088 1428 quendam,
1109 1380 1166 1413 ac
1185 1365 1225 1413 si
1249 1365 1471 1413 innueret
1491 1368 1502 1390 ‘
1519 1380 1581 1413 ex
1604 1364 1915 1427 generalitate
1933 1365 2031 1412 mei
2049 1363 2267 1425 dominii,
2286 1364 2391 1413 cui-

632 1461 823 1509 cunque
849 1446 1061 1495 dixeritis
1085 1446 1146 1495 de
1170 1446 1251 1495 illo
1278 1446 1412 1510 quod
1430 1446 1737 1509 postulavero
1763 1453 1837 1495 est
1860 1446 2108 1510 provisum
2121 1445 2153 1506 3¹
2198 1447 2391 1494 secundo

631 1535 855 1576 notarent
890 1528 1160 1577 secundum
1191 1529 1393 1576 verbum
1425 1528 1679 1591 quomodo
1713 1528 1897 1587 dicitur,
1930 1531 1943 1554 ‘
1958 1527 2190 1590 magister
2222 1526 2391 1587 dicit;'

634 1608 851 1658 Christus
875 1609 1005 1658 enim
1031 1609 1223 1658 dicens-‘³
1246 1617 1319 1658 est
1349 1610 1508 1673 major
1538 1610 1588 1657 in
1621 1610 1829 1658 statione
1860 1623 2010 1673 quam
2040 1608 2212 1674 aliquis
2237 1608 2392 1658 homo

633 1691 752 1739 alius
777 1692 1112 1754 assignandus,
1181 1690 1329 1740 Unde
1361 1691 1424 1739 ad
1455 1690 1789 1740 denotandum
1821 1690 2146 1740 constantiam
2178 1689 2292 1740 dicti
2316 1691 2390 1740 sui

634 1780 682 1820 et
722 1772 786 1821 ad
823 1772 1131 1836 figurandum
1167 1773 1301 1835 quod
1337 1772 1562 1821 doctores
1598 1780 1710 1821 sunt
1744 1772 1877 1836 digni
1910 1771 2106 1832 cibari0,
2139 1772 2391 1836 subjungit

634 1854 907 1902 notabiliter
953 1855 1044 1903 ista
1083 1856 1245 1913 verba,
1288 1858 1300 1879 ‘
1316 1855 1546 1917 magister
1587 1852 1730 1903 dicit?
1802 1852 1900 1903 Sed
1941 1861 2078 1904 notet
2116 1853 2390 1903 haereticus

635 1937 818 1983 tertium
841 1937 1041 1984 verbum
1068 1935 1257 1994 Christi,
1278 1939 1498 1998 ‘tempus
1522 1950 1688 1983 meum
1711 1950 1866 1999 prope
1890 1935 1976 1985 est'
1997 1942 2088 1986 ete.
2139 1922 2235 1985 Al'ii
2258 1935 2393 1984 enim

636 2017 859 2065 homines
884 2032 1009 2080 quos
1035 2016 1253 2065 Christus
1276 2031 1379 2064 non
1411 2024 1600 2064 tantum
1632 2016 1880 2076 illuminat,
1905 2017 2191 2066 subtrahunt
2222 2017 2391 2066 suffra-

637 2099 772 2161 gium
797 2099 941 2147 etiam
966 2114 1079 2147 cum
1104 2107 1386 2162 supponunt
1417 2098 1602 2146 amicos
1636 2113 1751 2147 suos
1783 2099 2059 2148 carissimos
2079 2113 2234 2162 prope
2258 2113 2392 2149 more

637 2189 751 2228 tem.
821 2180 943 2228 Ideo
969 2195 1081 2227 cum
1106 2179 1324 2229 Christus
1348 2188 1449 2228 tam
1474 2187 1601 2228 certe
1634 2187 1682 2228 et
1713 2180 2051 2242 magistraliter
2073 2181 2143 2230 sic
2166 2180 2391 2244 loquitur,

637 2261 849 2310 ostendit
873 2262 1035 2325 quod⁴
1059 2262 1316 2310 necessitat
1340 2261 1497 2310 civem
1521 2261 1655 2309 iUum
1679 2261 1743 2310 ad
1766 2262 1920 2310 taliter
1943 2261 2235 2311 faciendum.

705 2343 775 2392 Ut
798 2358 916 2406 ergo
940 2345 1144 2392 breviter
1162 2343 1467 2402 concludam,
1493 2351 1624 2406 patet
1645 2343 1867 2392 fidelibus
1890 2344 2025 2407 quod
2046 2344 2221 2393 veritas
2243 2357 2391 2392 evan·-

639 2425 752 2488 gelii
776 2425 922 2474 talem
945 2425 1356 2474 mendicationem
1381 2425 1560 2474 Christi
1584 2440 1687 2473 non
1710 2425 1866 2474 innuit
1889 2425 1977 2474 sed
1999 2425 2392 2476 manifestissime

636 2515 870 2570 tanquam
909 2522 1131 2556 summae
1172 2506 1385 2555 haeresi⁵
1427 2507 1726 2555 contradicit.
1798 2507 1900 2555 Ista
1940 2507 2136 2570 quidem
2178 2507 2391 2557 haeresis

638 2589 901 2651 praesumit
924 2604 954 2637 a
978 2588 1171 2637 Christo
1196 2588 1362 2637 tollere
1395 2587 1681 2651 originalem
1708 2587 1942 2651 justitiam
1964 2596 2013 2638 et
2046 2596 2223 2637 statum
2249 2588 2392 2637 inno-

639 2670 840 2728 centiae,
889 2677 936 2718 et
976 2670 1400 2718 auctorisationem
1447 2669 1816 2718 mendicationis
1863 2669 2047 2719 validae
2095 2669 2392 2719 discolorum

637 2751 922 2814 blaspheme
959 2752 1050 2800 sibi
1084 2753 1353 2815 imponere,
1380 2751 1498 2800 dum
1533 2750 1724 2799 dicunt⁶
1748 2751 1990 2814 implicite,
2021 2751 2156 2815 quod
2189 2751 2269 2800 hic
2303 2751 2392 2799 fal-

640 2847 720 2881 sus
755 2833 994 2896 propheta
1029 2842 1075 2882 et
1111 2833 1322 2883 discolus
1357 2833 1445 2881 fuit
1478 2832 1802 2896 hypocritice⁷
1825 2833 2091 2881 contrarius
2124 2832 2220 2896 legi
2245 2847 2390 2893 suae;

640 2914 726 2962 sed
748 2914 831 2962 ubi
855 2915 1012 2977 magis
1042 2914 1285 2963 horrenda
1314 2913 1650 2977 blasphemia?
1720 2912 1956 2972 Quamvis
1979 2921 2143 2961 autem
2172 2914 2224 2962 in
2247 2929 2393 2962 evan-

638 2996 765 3058 gelio
800 2996 972 3059 legitur
997 2996 1057 3045 de
1082 2995 1389 3060 quibusdam,
1414 2995 1497 3058 qui
1533 2995 1583 3043 in
1616 3009 1830 3057 poenam
1864 2995 2052 3057 peccati
2085 2995 2252 3058 populi
2277 2996 2391 3044 satis

638 3079 766 3126 licite
801 3078 1152 3137 mendicarunt,
1175 3086 1228 3126 ut
1259 3084 1392 3140 patet
1415 3076 1578 3124 Lucae
1601 3076 1708 3134 xvi„
1740 3072 1930 3124 tamen⁸
1961 3075 2212 3125 manifeste
2242 3084 2391 3140 patet,

639 3159 773 3222 quod
807 3159 896 3208 iste
932 3158 1108 3207 modus
1143 3156 1453 3206 mendicandi
1488 3156 1708 3219 originali
1737 3156 1947 3220 justitiae
1982 3164 2030 3205 et
2067 3157 2209 3205 statui
2247 3157 2394 3206 inno-

640 3241 826 3289 centiae
874 3239 1173 3290 contradicit.
1266 3238 1352 3288 Isti
1399 3246 1562 3287 autem
1610 3245 1722 3287 sunt
1768 3237 2024 3286 stultifieati
2069 3237 2260 3298 idiotae,
2308 3239 2390 3303 qui

696 3405 710 3428 ¹
739 3404 834 3456 Joh.
854 3404 958 3458 xiii.]
980 3404 1076 3457 Joh.
1098 3403 1180 3451 xii„
1202 3403 1307 3444 A.C.
1327 3403 1391 3443 ed.
1413 3416 1474 3455 pr.
1591 3401 1607 3425 ²
1634 3401 2033 3454 magister—etenim
2069 3414 2151 3442 om.
2171 3401 2225 3441 A.
2244 3401 2308 3441 ed.
2329 3413 2390 3454 pr.

641 3457 656 3480 ³
684 3458 841 3511 dicens]
863 3471 946 3499 om.
969 3459 1023 3498 D.
1203 3457 1218 3481 ⁴
1243 3457 1372 3510 quod]
1394 3463 1447 3502 et,
1469 3452 1623 3497 A.B.C.
1787 3456 1803 3479 ⁵
1830 3469 2014 3497 summae
2089 3455 2210 3508 eresi]
2232 3468 2391 3496 summe

643 3510 854 3559 haeresim,
875 3512 938 3553 ed.
959 3526 1020 3565 pr.
1212 3513 1227 3536 ⁶
1255 3511 1416 3564 dicunt]
1438 3511 1579 3551 dicunt
1599 3511 1689 3556 sibi,
1709 3510 1772 3551 ed.
1793 3524 1854 3563 pr.
2074 3509 2090 3534 ⁷
2117 3506 2388 3563 hypocritice]

643 3564 866 3617 hypocrite,
888 3567 951 3607 ed.
972 3580 1032 3619 pr.
1199 3568 1213 3590 ⁸
1243 3565 1400 3619 tamen]
1423 3571 1520 3612 tam,
1540 3564 1603 3606 ed.
1625 3577 1685 3617 pr.
