2436 4094
747 324 1511 375 PROLEGOMENA.
2045 334 2079 390 5

167 502 178 508 ,
228 454 349 506 Non
392 456 581 518 desunt,
628 461 711 523 qui
758 461 1055 524 perhibeant,
1103 463 1154 509 in
1202 460 1418 510 secunda
1466 460 1665 509 demum
1713 459 1876 522 operis
1923 467 2074 522 parte,

32 567 82 619 ⁵¹⁵2
159 544 350 609 circiter
375 561 406 594 a
432 547 597 596 medio
631 548 754 597 libro
790 551 945 609 tertio,
970 558 1219 599 auctorem
1254 550 1304 598 id
1336 565 1494 613 agere,
1519 557 1575 597 ut
1605 548 1866 597 ecclesiam
1901 555 2077 610 purget

31 629 77 685 i?
158 640 305 699 atque
349 634 400 683 in
445 635 619 703 melius
662 645 897 686 restauret
939 638 1186 699 (FLATHE,
1234 638 1500 686 Geschiclzte
1544 638 1628 684 der
1678 636 1952 699 Vorlaezgfer
1996 636 2077 682 der

157 720 497 788 Reformation,
541 727 600 773 18
607 727 689 786 36,
728 726 791 774 ΙΙ.
839 742 952 788 230.
1023 726 1188 784 BAUR,
1229 725 1326 774 Die
1362 725 1629 774 christliche
1667 724 1824 772 Lehre
1863 738 1951 771 von
1991 724 2075 769 der

64 807 74 884 ’Δ
158 809 501 875 Drnkimsgkeit
514 815 616 861 und
626 813 1055 879 llsenschwerdung
1073 817 1124 863 in
1143 816 1275 863 ihrer
1290 814 1676 878 geschz'chllichen
1699 812 2072 875 Enlwickelung,

163 901 308 960 1842,
343 899 409 949 ΙΙ.
447 903 589 965 899).
662 902 761 952 Sed
802 905 1057 967 superficie
1094 912 1235 953 tenus
1271 905 1446 952 librum
1484 903 1798 966 perlustrasse
1838 902 2075 959 videntur,

157 988 240 1052 qui
263 989 329 1039 ita
346 990 579 1054 judicant.
650 991 880 1055 Namque
905 1001 1074 1041 auctor
1097 993 1212 1041 inde
1238 1008 1267 1040 a
1290 993 1449 1055 primo
1483 992 1646 1054 operis
1671 991 1807 1038 initio
1839 1004 1942 1038 non
1966 997 2074 1038 tan-

15 1073 17 1078 ’
155 1084 266 1127 tum
285 1078 588 1142 ‘logicorum
623 1081 957 1130 distinctiones
992 1081 1203 1129 inutiles'
1230 1089 1277 1129 et
1303 1086 1315 1106 ‘
1331 1081 1661 1144 sophistarum
1695 1079 1971 1127 instantias’
2005 1086 2075 1127 at-

156 1180 258 1230 que
287 1166 501 1216 fallacias
534 1169 803 1232 impugnat,
833 1170 921 1218 sed
956 1170 1104 1218 etiam
1136 1170 1410 1218 doctrinam
1439 1169 1684 1227 biblicam,
1717 1183 1867 1231 quam
1893 1172 1905 1193 ‘
1925 1168 2074 1216 fidem

56 1284 75 1291 -
156 1255 440 1320 scripnirae’
475 1272 758 1321 nuncupare
794 1258 931 1317 solet,
966 1258 1167 1307 maximi
1203 1259 1424 1306 aestimat
1460 1266 1606 1319 atque
1642 1257 1815 1305 acriter
1849 1257 2073 1304 vindicat.

155 1343 236 1395 Ne
270 1345 421 1394 ‘fides
455 1346 739 1410 scripturae'
765 1347 898 1410 parvi
932 1347 1186 1410 pendatur,
1223 1347 1404 1410 ubique
1442 1360 1636 1394 summo
1673 1346 1834 1393 studio
1869 1345 2074 1393 laborat.

156 1433 333 1490 Sacrae
367 1435 631 1499 scripturae
669 1436 951 1485 auctoritate
987 1436 1121 1484 nisus
1159 1435 1465 1484 inventiones
1503 1443 1552 1482 et
1589 1439 1601 1460 ‘
1617 1434 1901 1482 traditiones
1938 1432 2074 1481 adul·

30 1503 67 1590 y}
110 1575 114 1578 ,
153 1522 354 1572 terinas'
399 1523 629 1587 explodit.
699 1523 810 1572 Imo
853 1539 941 1572 eos
983 1539 1086 1572 non
1126 1531 1316 1572 tantum
1357 1538 1514 1572 errare
1557 1523 1645 1571 sed
1685 1523 1832 1570 etiam
1870 1536 2075 1584 peccare

0 1655 1 1664 ,
151 1599 349 1676 judicat,
387 1613 472 1676 qui
508 1612 791 1661 traditiones
833 1627 946 1661 suas
987 1628 1101 1661 cum
1137 1613 1288 1660 verbo
1332 1612 1496 1660 divino
1538 1610 1904 1659 commisceant.
1975 1609 2075 1657 Lo-

51 1734 60 1753 .
154 1715 328 1751 corum
381 1701 609 1751 similium
655 1708 790 1750 tanta
834 1701 1091 1750 multitudo
1143 1701 1293 1768 etiam
1346 1701 1399 1747 in
1452 1699 1621 1762 primis
1668 1696 1889 1759 Trialogi
1943 1696 2076 1744 libris

35 1816 90 1836 s
154 1790 378 1850 occurrit,
411 1797 473 1838 ut
497 1804 651 1838 unum
685 1804 776 1852 pro
812 1789 975 1838 multis
1011 1789 1183 1838 afferre
1219 1787 1436 1837 sufficiat.
1507 1787 1643 1834 Libri
1677 1786 1821 1848 primi
1857 1786 2017 1848 capite
2043 1801 2073 1846 9

3 1943 6 1949 Ι
34 1939 54 1953 ι
154 1886 324 1929 auctor
362 1879 452 1928 ait:
506 1882 521 1905 ‘
537 1878 670 1929 Sicut
709 1893 875 1927 sacrae
915 1878 1182 1940 scripturae
1224 1876 1462 1924 sententia
1502 1876 1573 1924 sic
1614 1882 1663 1923 et
1699 1875 1805 1937 ejus
1844 1874 2007 1936 logica
2046 1889 2077 1922 a

30 1961 57 2033 ἶ
150 1966 377 2019 fidelibus.
425 1975 501 2017 est
547 1967 839 2017 veneranda.
927 1966 1077 2015 Unde
1129 1974 1338 2029 peccant
1394 1965 1674 2023 mortaliter,
1728 1964 1814 2027 qui
1873 1963 2075 2012 dimissa

22 2088 51 2123 g
148 2055 310 2121 logica
333 2058 620 2120 ,scripturae
671 2057 941 2105 innituntur
986 2053 1385 2103 adinventionibus
1419 2054 1630 2118 frivolis·
1676 2052 1826 2100 hodie
1881 2052 2070 2101 usitatis

2 2146 8 2159 ‘
70 2156 73 2157 ’
152 2165 208 2197 a.
231 2182 247 2198 .
268 2184 287 2196 .
362 2146 433 2195 Et
467 2145 581 2196 hinc
620 2145 746 2209 lapsi
786 2153 898 2194 sunt
938 2144 1110 2194 discoli
1155 2144 1218 2192 ad
1256 2151 1446 2192 tantum
1483 2143 1535 2191 in
1574 2142 1783 2200 devium,
1820 2141 1957 2204 quod
1997 2156 2073 2189 re-

150 2241 324 2299 putant
357 2235 519 2298 legem
544 2232 636 2284 Dei
673 2249 863 2284 summe
898 2233 1252 2296 impossibilem
1287 2240 1336 2281 et
1367 2239 1568 2295 propter
1598 2231 1889 2279 adulterinas
1920 2230 2072 2277 tradi-

150 2323 294 2374 tiones
323 2339 355 2373 a
384 2324 570 2375 cunctis
600 2323 882 2373 hominibus
916 2323 1297 2386 relinquendam.
1367 2321 1440 2369 Et
1460 2336 1525 2369 ex
1548 2322 1637 2369 islo
1658 2335 1820 2368 errore
1833 2319 2079 2382 pullulant

152 2412 255 2465 alit·
269 2413 480 2476 mfimJi!

219 2500 414 2555 Deinde
449 2515 663 2554 errorem
693 2501 756 2550 de
791 2501 1327 2555 transsubstantiatione
1359 2501 1410 2547 in
1442 2505 1748 2548 sacramento
1781 2497 1941 2545 altaris
1971 2497 2076 2559 jam

43 2647 44 2650 Ἴ
153 2589 206 2638 in
230 2590 390 2653 primo
423 2589 550 2638 libro
575 2597 624 2637 et
644 2589 801 2651 tangit
825 2597 873 2637 et
900 2589 1150 2651 vituperat,
1173 2604 1247 2636 ex.
1267 2603 1338 2651 gr.
1360 2589 1450 2636 sub
1475 2588 1625 2635 finem
1649 2586 1844 2648 capituli
1874 2601 1894 2632 1
1909 2600 1929 2632 1
1953 2585 2075 2633 haec

30 2665 34 2668 ’
82 2700 85 2701 ’
149 2680 400 2730 scribens:
454 2681 468 2708 ‘
481 2680 532 2728 in
566 2679 769 2727 materia
804 2678 869 2726 de
903 2685 1212 2726 sacramento
1249 2677 1409 2725 altaris
1444 2676 1608 2739 plures
1642 2675 1767 2722 ultra
1802 2674 1914 2732 hoc,
1939 2673 2076 2736 quod

151 2776 475 2835 cognoscunt,
511 2768 814 2816 balbutiunt.
839 2803 851 2814 .
877 2803 888 2814 .
915 2782 956 2826 .;
1013 2766 1180 2814 dicunt
1220 2765 1366 2823 enim,
1406 2764 1543 2827 quod
1581 2770 1867 2811 consecrata
1908 2762 2072 2810 hostia

150 2865 229 2908 est
251 2857 480 2907 accidens
503 2857 608 2906 sine
632 2857 881 2919 subject03
918 2863 965 2903 et
988 2862 1155 2902 tamen
1177 2854 1276 2902 hoc
1299 2867 1403 2901 non
1426 2859 1636 2915 possunt
1658 2850 1955 2912 intelligere.'

221 2945 443 3005 Accedit,
484 2945 620 3009 quod
659 2945 773 2992 vitia
813 2952 861 2992 et
901 2958 1180 3007 perversam
1227 2941 1467 2990 sentiendi
1514 2939 1789 3002 agendique
1836 2939 2077 2987 rationem

154 3036 287 3100 apud
319 3035 563 3100 praelatos
603 3033 851 3092 ecclesiae,
887 3032 1162 3080 monachos
1204 3031 1421 3093 aliosque
1456 3029 1703 3091 vigentem
1739 3028 1791 3075 in
1833 3014 2076 3091 prioribus

78 3191 80 3193 ‚
155 3124 302 3174 etiam
347 3124 510 3188 operis
555 3123 774 3186 partibus
821 3130 1016 3170 strenue
1063 3120 1232 3183 arguit,
1281 3120 1332 3167 in
1379 3117 1690 3166 sacerdotum
1738 3115 1984 3164 avaritiam
2030 3123 2079 3163 et

86 3200 87 3203 Ἴ
156 3198 418 3263 simoniam
451 3213 666 3276 'graviter
703 3211 900 3270 invehit,
944 3210 1005 3259 de
1044 3209 1273 3272 superbia
1314 3208 1516 3269 aliisque
1556 3204 1828 3253 eorundem
1863 3204 2078 3268 peccatis

156 3301 330 3351 acerbe
355 3301 681 3364 conqueritur.
749 3299 977 3361 Exempli
1002 3299 1157 3360 gratia
1181 3297 1242 3345 de
1266 3295 1538 3354 monachiS,
1562 3294 1670 3342 Lib.
1697 3292 1791 3342 ΙΙΙ.
1815 3307 1857 3341 e.
1886 3308 1931 3355 3.
1956 3292 2078 3341 haec

155 3391 302 3443 verba
335 3389 474 3438 facit:
525 3393 537 3415 ‘
553 3403 728 3438 omnes
762 3394 1003 3450 quaerunt
1038 3400 1164 3448 quae
1200 3399 1290 3432 sua
1325 3391 1451 3441 sunt,
1489 3389 1536 3431 et
1571 3396 1661 3445 pro
1698 3395 1847 3430 causa
1880 3381 2079 3444 propria

155 3478 342 3528 ordinis
378 3479 734 3536 laborant,—et
771 3490 969 3525 causam
1008 3489 1065 3523 ac
1104 3472 1442 3522 defensionem
1479 3471 1601 3534 legis
1639 3470 1828 3521 divinae
1865 3477 2079 3538 praeter-

162 3566 386 3618 mittunt.'

0 3761 27 3875 κ-,Ι
24 3686 26 3693 ⁴
22 3639 25 3643 -
0 3480 13 3493 .

8 3822 41 3867 *t*
23 3611 51 3786 -1'.<‡.
26 3499 34 3522 ‘v
