2436 4094
0 3064 8 3131 ..,,...,
0 3036 5 3050 w
0 2996 18 3016 ,Ἰ
0 2894 13 2939 a„

0 2542 2 2544 ’
56 2521 68 2570 ’,
142 2504 446 2569 sententiam.
515 2519 681 2567 Primo
717 2535 780 2567 ex
819 2520 1100 2567 testimonio
1138 2519 1403 2567 Aristotelis
1443 2527 1490 2567 et
1531 2520 1782 2567 communi
1819 2536 1902 2568 ex-

177 405 314 438 esum.
769 390 1348 448 TRIALOGUS.
2064 404 2160 451 101

172 525 461 588 corporibus
479 526 780 591 hypostatice
804 532 1068 594 copuletur,
1089 542 1221 596 patet
1245 534 1379 598 quod
1402 535 1534 584 idem
1551 536 1705 584 homo
1730 552 1923 586 succes-

174 605 274 654 sive
297 609 569 657 movebitur
593 612 655 659 ab
686 607 787 660 uno
820 613 931 662 loco
965 614 1027 662 ad
1058 615 1219 675 aliurn,
1244 625 1292 664 et
1324 631 1427 664 non
1459 618 1783 680 corporaliter,
1811 635 1923 668 cum

171 689 340 737 omnia
362 689 442 738 illa
476 705 683 754 corpora
712 695 908 742 stabunt
941 696 1051 755 fixa,
1085 712 1203 760 ergo
1238 698 1566 761 spiritualiter3
1604 708 1652 748 et
1682 700 1749 748 sic
1779 701 1922 748 relin-

42 800 48 806 »
87 819 89 822 ,
169 770 344 831 quitur,
381 771 516 834 quod
549 773 638 821 iste
674 774 825 823 homo
862 777 923 824 sit
959 778 1150 840 spiritus
1187 787 1233 827 et
1269 795 1354 842 per
1389 780 1544 828 idem¹
1570 781 1767 843 quilibet
1802 782 1922 830 alius

168 849 335 901 homo.
425 853 543 902 Non
581 870 701 918 ergo
749 866 947 921 propter
988 859 1346 922 depositionem
1387 862 1545 910 carnis
1584 863 1658 911 vel
1706 864 1923 927 corporis

167 933 492 998 imper-ficitur,
532 938 620 986 sed
666 939 827 1001 potius
878 940 1121 989 alleviatur
1168 949 1216 990 et
1261 942 1503 1004 perficitur
1527 944 1614 992 iste
1661 944 1827 1004 hom0,
1869 954 1920 994 ut

165 1013 379 1080 loquitur
401 1018 523 1070 fides
547 1022 823 1084 scripturae.

877 1282 1034 1333 CAP.
1071 1282 1213 1332 VIII.

702 1414 778 1462 De
802 1415 1143 1463 immortalitate
1164 1387 1372 1477 spiritus.

159 1552 162 1556 ·
227 1536 432 1586 Alithia.
505 1538 754 1588 Sententia
789 1541 878 1587 ista
913 1548 984 1587 est
1025 1539 1120 1587 alta
1155 1538 1229 1587 et²
1264 1539 1407 1587 nobis
1448 1538 1653 1596 insolita,
1691 1514 1912 1585 fidelibus

155 1617 323 1668 tamen
345 1620 531 1668 videtur
563 1636 732 1683 sapere
765 1621 990 1669 subtilem
1023 1621 1312 1669 sententiam
1337 1629 1383 1668 et
1407 1617 1742 1668 credendam?
1816 1619 1912 1666 Sed

153 1702 278 1764 rogo
320 1709 368 1750 te
409 1701 566 1759 frater,
604 1699 669 1750 si4
709 1703 1034 1750 immortalitas
1066 1704 1276 1764 spzm'tus,
1318 1717 1466 1765 quam
1508 1717 1654 1764 saepe
1690 1702 1910 1759 assumiS‚

155 1783 332 1832 deduci
356 1785 531 1847 poterit
553 1785 754 1832 ratione.

151 1881 158 1887 ·
222 1865 497 1913 Phronesis.
569 1865 630 1912 In
655 1866 746 1913 ista
770 1866 971 1912 materia
1003 1874 1173 1913 neuter
1205 1874 1427 1913 nostrum
1460 1866 1678 1927 ambigit,
1706 1865 1825 1927 quin
1850 1880 1910 1912 ex
1969 1872 2183 1935 ,Sffligssgssffi

154 1940 248 1997 fide
275 1949 335 1996 sit
358 1948 552 2011 spiritus
575 1947 788 1995 hominis
813 1948 1126 2007 immortalis3
1164 1956 1212 1995 et
1236 1963 1323 2010 per
1350 1962 1674 2009 consequens,
1701 1963 1813 1994 cum
1834 1947 1911 1995 ille
1969 1939 2180 1975 mmmmm·

150 2030 345 2093 spiritus
369 2030 430 2078 sit
461 2029 635 2078 eadem
667 2044 883 2092 persona
913 2029 1140 2088 hominis,
1176 2030 1389 2091 sequitur
1421 2029 1557 2092 quod
1587 2029 1667 2077 illa
1699 2044 1911 2092 persona

149 2112 364 2161 manebit
386 2118 623 2174 perpetuo
648 2111 948 2159 immortalis.
1019 2111 1083 2158 Et
1114 2111 1234 2159 haec
1260 2111 1396 2169 ratio,
1422 2126 1571 2173 quare
1606 2111 1815 2174 apostoli
1840 2111 1907 2159 ita

147 2194 367 2243 animose
403 2201 452 2242 et
485 2194 722 2256 intrepide
758 2201 966 2240 mortem
1009 2201 1338 2255 susceperant,
1375 2194 1476 2240 imo
1520 2193 1728 2241 scientes
1774 2193 1908 2256 quod

146 2275 461 2324 incarceratio
494 2291 551 2324 ac
583 2276 803 2324 oneratio
836 2276 994 2322 carnis
1026 2275 1114 2323 fuit
1143 2275 1234 2323 illis
1267 2275 1330 2323 ad
1354 2274 1567 2322 taedium
1593 2283 1738 2338 atque
1764 2291 1903 2335 onuS,

143 2356 411 2420 gaudenter
434 2358 485 2405 in
510 2372 658 2406 causa
676 2358 886 2420 justitiae
912 2365 1224 2419 susceperant
1247 2365 1457 2405 mortem
1482 2373 1635 2405 suam.
1708 2357 1906 2406 Ponunt

144 2446 308 2487 autem
342 2438 620 2502 philosophi
655 2439 867 2487 rationes
903 2439 1206 2500 multiplices,
1240 2454 1327 2501 per
1361 2454 1482 2501 quas
1517 2441 1726 2501 probant
1761 2440 1904 2488 istam
1961 2444 2131 2500 ‘atisnibuff
2243 2419 2254 2978 l

1961 2486 2052 2506 varus
2060 2487 2116 2513 pro

1961 2512 2061 2541 batur.

142 2599 391 2665 perientia,
423 2602 583 2664 aliqua
613 2601 712 2649 est⁵
745 2601 965 2664 operatio
998 2602 1188 2648 animae
1221 2600 1456 2649 hominis⁶
1489 2601 1787 2660 immortalis,
1814 2602 1902 2649 sed

144 2685 276 2733 nulla
309 2684 530 2747 operatio
553 2683 628 2731 vel
663 2683 790 2731 actio
815 2683 883 2730 rei
918 2689 992 2730 est
1027 2683 1390 2744 permanentior
1426 2697 1576 2744 quam
1614 2697 1755 2729 suum
1787 2684 1900 2731 sub-

140 2767 326 2831 jectum
333 2781 349 2825 ;ι
381 2780 500 2828 ergo
518 2765 636 2813 illud
655 2765 939 2828 subjectum,
960 2763 1096 2826 quod
1114 2771 1188 2811 est
1206 2764 1369 2812 anima
1386 2764 1460 2811 vel
1480 2763 1686 2826 spirituS,
1707 2771 1900 2826 oportet
1920 2832 1926 2838 x

142 2860 328 2911 ponere
350 2846 690 2895 immortalem.
760 2845 1081 2907 Assumptum
1115 2844 1285 2892 suadet
1308 2844 1574 2892 Aristoteles
1600 2844 1660 2892 de
1686 2845 1898 2893 intellec-

143 2931 277 2978 tione
316 2929 544 2987 hominis,
588 2943 715 2991 quae
757 2935 955 2990 propter
996 2927 1378 2974 debilitationem
1420 2927 1637 2989 corporis
1677 2927 1750 2974 sui
1797 2942 1898 2974 non

58 3029 63 3039 ·
144 3011 320 3070 deficit,
354 3003 442 3060 sed
473 3011 634 3074 potius
666 3011 909 3073 vigoratur
922 3025 934 3068 ;
984 3008 1327 3056 intellectivitas
1359 3008 1490 3055 enim
1524 3008 1814 3070 speculativa
1847 3009 1897 3055 in

142 3090 342 3143 senibus
365 3100 438 3142 est
461 3093 646 3150 clarior,
679 3090 1137 3154 quantumcunque⁷
1160 3091 1478 3137 instrumenta
1510 3104 1745 3152 corporea
1778 3089 1894 3137 defi-

142 3175 301 3234 ciunt3
338 3182 532 3238 oportet
555 3189 675 3236 ergo
705 3174 903 3236 aliquod
935 3188 1041 3220 esse
1075 3172 1445 3220 fundamentum
1471 3171 1533 3218 illi
1566 3171 1894 3230 intellectioni,

139 3256 279 3320 quod·
310 3256 405 3306 tale
444 3271 684 3319 organum
726 3270 827 3303 non
863 3254 1071 3317 requirit,
1109 3262 1155 3301 et
1191 3254 1255 3301 ita
1292 3269 1436 3315 supra
1478 3268 1650 3302 omnes
1693 3254 1890 3302 virtutes

198 3399 213 3423 ¹
241 3411 314 3453 per
332 3398 462 3452 idem]
483 3411 565 3439 om.
588 3399 639 3438 A.
644 3399 691 3438 B.
886 3397 970 3438 ²et
991 3396 1131 3449 nobis]
1154 3396 1275 3435 nobis
1295 3401 1348 3440 et,
1370 3395 1432 3434 ed
1455 3408 1514 3447 pr.
1707 3395 1723 3418 ⁸
1751 3401 1790 3435 et
1813 3398 1896 3436 cre-

141 3453 338 3507 dendam]
359 3454 413 3494 ad
431 3453 691 3499 credendum,
713 3452 765 3492 A
770 3453 815 3492 B.
1054 3450 1068 3473 ⁴
1097 3451 1149 3503 si]
1171 3451 1250 3495 dic,
1272 3450 1318 3495 si,
1341 3450 1392 3488 A.
1397 3449 1442 3488 B.
1447 3450 1496 3489 C
1519 3449 1720 3490 secundae
1735 3463 1893 3491 manus.

141 3507 166 3534 ⁵
173 3507 266 3561 est]
285 3513 438 3554 autern,
457 3508 520 3548 ed.
542 3521 603 3561 pr.
769 3506 785 3529 ⁰
813 3505 1010 3558 hominis]
1032 3505 1210 3545 hominis
1230 3511 1305 3550 est,
1326 3504 1388 3544 ed.
1411 3517 1470 3556 pr.
1636 3504 1650 3526 ⁷
1680 3511 1894 3557 quantum-

142 3561 321 3616 cunque]
342 3562 506 3616 quando
527 3573 801 3616 quaecunque,
822 3561 884 3601 ed.
907 3574 967 3614 pr
