2496 4108
119 428 253 459 caan.
727 409 1296 460 TRIALOGUS.

121 544 258 606 quod
300 558 363 592 ex
409 544 709 593 institutione
758 543 1022 592 antichristi
1069 545 1317 608 pendeant
1358 545 1689 594 venerabiliter
1733 559 1880 607 supra

121 624 272 674 altare
317 626 497 675 multae
537 626 727 674 hostiae
765 634 1093 684 consecratae,
1137 635 1184 675 et
1223 635 1389 675 tamen
1437 627 1603 676 fideles
1643 634 1882 690 cogantur

123 706 412 766 concedere,
438 707 573 770 quod
596 707 839 770 quaelibet
862 707 969 755 talis
991 707 1164 766 hostia,
1190 724 1338 770 quam
1371 724 1464 757 nos
1497 709 1740 758 credimus
1768 723 1878 769 esse

120 802 305 852 panem
349 797 397 837 et
443 803 620 851 corpus
661 787 853 845 Christi,
903 789 963 837 sit
1009 789 1172 852 pejus¹
1216 790 1494 852 simpliciter
1535 806 1685 853 quam
1733 791 1875 853 panis

124 869 330 933 equinus
364 870 439 918 vel
471 884 650 933 corpus
683 860 878 932 aliquod
911 870 1261 932 quantumlibet
1296 887 1611 929 venenosum,
1639 887 1751 920 cum
1777 887 1880 920 cer-

121 960 229 1000 tum
253 951 326 1010 sit,
350 951 486 1014 quod
513 966 662 999 omne
695 951 788 999 tale
822 952 1048 1000 accidens
1082 967 1385 1014 corporeum,
1413 953 1510 1001 sive
1544 954 1603 1001 sit
1636 953 1879 1016 quantitas

122 1032 225 1082 sive
256 1032 459 1096 qualitas
496 1032 594 1081 sive
628 1040 947 1096 aggregatum
983 1032 1071 1081 ex²
1106 1033 1266 1082 multis
1303 1035 1647 1093 accidentibus,
1681 1035 1739 1083 sit
1774 1035 1881 1082 infi-

124 1114 280 1162 nitum
320 1113 649 1176 imperfectius
683 1129 832 1176 quam
874 1130 1051 1176 corpus
1088 1115 1286 1178 aliquod
1327 1116 1710 1179 assignandum?
1772 1115 1880 1165 Nec

123 1195 325 1259 prodest
346 1194 571 1243 fratribus
588 1196 886 1259 'negantibus
916 1196 1058 1244 istam
1090 1196 1299 1245 hostiam
1331 1198 1541 1255 adorari,
1570 1198 1656 1246 sed
1680 1206 1879 1261 propter

120 1266 449 1335 assistentiam
472 1278 692 1340 corporis
716 1276 919 1325 Domini
942 1280 1168 1336 venerari,
1195 1279 1310 1341 quia
1342 1287 1527 1327 certum
1559 1288 1645 1337 est,
1671 1279 1806 1342 quod
1829 1279 1879 1326 in

121 1357 342 1421 qualibet
363 1366 581 1407 creatura
604 1367 678 1407 est
701 1358 914 1408 Trinitas
939 1360 1165 1419 increata,
1186 1368 1234 1408 et
1257 1360 1336 1408 illa
1360 1368 1433 1408 est
1456 1360 1602 1423 longe
1626 1360 1882 1423 perfectior

120 1454 274 1503 quam
320 1448 394 1489 est
449 1440 664 1503 corpus⁸.
760 1440 882 1489 Ideo
930 1449 1121 1503 oportet
1167 1441 1259 1490 hos
1305 1442 1473 1490 fratres
1521 1442 1695 1500 dicere,
1745 1442 1881 1505 quod

122 1521 334 1585 populus
374 1521 585 1570 adorans
626 1521 754 1570 hanc
789 1521 998 1570 hostiam
1033 1532 1085 1571 ut
1121 1538 1299 1586 corpus
1334 1523 1536 1572 Domini
1576 1525 1636 1571 sit
1673 1523 1879 1571 idolatra

121 1602 184 1651 de
209 1602 390 1651 lumine
416 1603 530 1651 fidei
554 1602 825 1663 desolatus;
876 1605 947 1652 et*
963 1612 1128 1652 tamen
1165 1619 1257 1652 nos
1282 1621 1344 1652 ex
1369 1605 1464 1652 fide
1489 1607 1753 1668 scripturae
1779 1606 1879 1654 evi-

124 1683 317 1733 dentius
351 1692 399 1733 et
430 1684 651 1734 devotius
683 1685 943 1734 adoramus
966 1685 1093 1734 hanc
1117 1685 1328 1734 hostiam
1352 1686 1427 1734 vel
1460 1702 1655 1736 crucem
1679 1687 1881 1735 Domini

122 1764 199 1814 vel
224 1765 344 1814 alias
367 1765 606 1828 imagines
630 1766 909 1816 humanitus
934 1767 1207 1816 fabricatas.

839 2150 997 2201 CAP.
1034 2151 1178 2200 VIII.

520 2280 756 2329 Doctrina
780 2283 831 2330 de
855 2284 1163 2345 impanatione
1186 2283 1491 2345 improbatur.

192 2408 396 2458 Alt'thia.
467 2410 631 2474 Rogo,
656 2411 812 2471 frater,
837 2415 1018 2475 probes
1050 2413 1247 2461 ulterius
1279 2428 1367 2475 per
1395 2413 1634 2461 rationem
1658 2413 1882 2461 vivacem

124 2491 199 2540 vel
234 2493 519 2555 scripturam
554 2494 860 2552 autenticam,
886 2495 1021 2557 quod
1056 2510 1145 2542 non
1182 2496 1240 2542 sit
1275 2496 1570 2558 identificatzo
1598 2496 1740 2557 panis
1773 2510 1886 2542 cum

123 2580 309 2634 corpore
334 2572 525 2622 Christi
553 2590 628 2620 nec
660 2575 923 2636 impanatio.
995 2575 1043 2622 N
1046 2591 1112 2624 on
1146 2577 1278 2623 enim
1311 2576 1525 2624 delector
1557 2577 1606 2623 in
1641 2576 1885 2638 scripturis

126 2652 404 2716 apocriphis
445 2653 647 2716 quibus⁶
683 2663 880 2704 utuntur
921 2656 1144 2704 moderni
1191 2656 1254 2704 ad
1295 2657 1620 2718 probandum,
1658 2657 1885 2704 accidens

124 2748 235 2782 esse
259 2734 364 2783 sine
389 2735 625 2798 subject0‚
650 2736 765 2799 quia
790 2737 996 2785 ecclesia
1020 2738 1087 2786 ita
1118 2734 1261 2796 dicit}
1303 2737 1423 2786 tales
1448 2739 1581 2786 enim
1616 2738 1885 2786 evidentiae

127 2816 379 2864 neminem
403 2817 687 2880 quietarent.

142 2892 145 2896 ’
194 2896 468 2946 Ρῆνοηεειῖς.
539 2898 794 2958 Quantum
830 2898 892 2947 ad
927 2899 1370 2958 identificationem,
1408 2908 1601 2963 oportet
1638 2901 1796 2964 primo
1834 2901 1885 2948 in

127 2979 482 3042 significatione
517 2981 709 3029 termini
745 2982 1020 3040 convenire,
1046 2983 1180 3045 quod
1216 2982 1278 3030 ad
1313 2982 1458 3030 istum
1495 2998 1694 3031 sensum
1724 2985 1884 3046 ipsum

126 3060 378 3123 intelligas,
415 3062 550 3124 quod
585 3071 780 3111 naturas
818 3063 1066 3111 distinctas
1107 3064 1157 3110 in
1194 3064 1355 3126 specie
1391 3064 1465 3111 vel
1503 3080 1708 3113 numero
1748 3065 1884 3113 Deus

127 3139 296 3190 faciat⁸
331 3157 438 3192 esse
473 3158 626 3192 unum
666 3152 714 3192 et
755 3144 886 3195 idem
930 3145 979 3192 in
1022 3159 1242 3203 numer0,
1281 3161 1337 3193 ac
1381 3146 1420 3193 si
1458 3161 1719 3208 personam
1756 3147 1883 3195 Petri

128 3220 308 3272 faceret
330 3238 438 3272 esse
463 3224 682 3273 Paulum.
754 3225 818 3274 Et
841 3234 957 3274 tunc
983 3227 1145 3274 recolo
1180 3242 1259 3274 me
1293 3227 1463 3275 fecisse
1488 3228 1701 3277 rationes
1726 3228 1882 3277 multi-

184 3399 200 3424 ¹
226 3397 363 3453 pejus]
384 3400 509 3453 prius,
529 3401 592 3441 ed.
614 3414 675 3454 pr.
898 3376 919 3424 ἐ
941 3403 1009 3454 ex]
1032 3416 1114 3442 om.
1136 3403 1199 3443 ed.
1221 3388 1280 3455 pr.
1499 3404 1515 3427 ⁸
1544 3404 1712 3458 corpus]
1735 3419 1883 3460 corpus

130 3452 302 3500 Christi,
322 3454 371 3495 C.
391 3455 549 3507 primae
567 3468 726 3501 manus,
747 3455 809 3496 ed.
831 3470 891 3508 pr.
909 3471 918 3502 ;
949 3456 1030 3497 hoc
1049 3469 1212 3510 corpus,
1229 3457 1283 3497 D.
1506 3459 1519 3480 ⁴
1548 3458 1609 3511 et]
1631 3472 1713 3500 orn.
1736 3460 1799 3500 ed.
1820 3474 1900 3514 pr.-

124 3507 145 3532 ⁸
172 3507 343 3561 quibus]
364 3508 566 3561 qualibus,
588 3510 690 3549 A.B.
711 3510 868 3562 primae
887 3524 1056 3556 manus;
1087 3510 1283 3563 qualibet,
1304 3511 1356 3551 D.
1378 3511 1441 3551 ed.
1463 3526 1524 3565 pr.
1693 3515 1710 3538 ⁶
1739 3514 1881 3568 faciat]

131 3561 241 3607 facit,
262 3561 416 3603 A.B.C.

2025 411 2128 481 269
