2462 4114
121 331 284 340 ----
738 332 773 335 -—
896 333 910 335 -
1391 333 1442 336 0—·-
1596 330 1825 337 --—-———-——-

110 440 202 469 ω.
217 449 260 476 ῃ
708 421 815 468 TR
837 422 876 468 J
886 423 926 468 4
953 423 998 468 L
1024 425 1066 470 0
1087 422 1133 470 G
1160 421 1276 470 σε

112 650 144 685 a
156 634 355 698 pseudo
378 636 611 698 episcopo
638 636 820 684 dictum
844 636 940 684 hoc
959 636 1162 684 Domini
1187 637 1436 700 allegante,
1463 637 1502 685 si
1527 652 1587 684 ex
1613 638 1863 685 sanctitate

109 717 234 767 vitae
269 731 400 774 suae,
433 731 558 778 quae
595 717 655 764 sit
689 717 813 764 vitae
838 717 966 764 Petri
1002 718 1182 776 similis,
1209 718 1267 766 sit
1303 733 1444 766 verus
1470 718 1597 766 Petri
1632 719 1862 778 vicarius;

7 780 49 868 [π
110 797 247 863 quod
271 798 311 847 si
333 793 763 860 praeSumptuosus
789 797 1040 860 hypocrita
1065 793 1280 847 frontose
1305 800 1374 847 sic
1405 802 1585 859 asserit,
1611 808 1866 862 quaeratur

0 874 41 943 ’ζρ
109 873 371 944 prudenter
416 879 677 927 similitudo
720 880 843 927 vitae
891 880 1015 940 illius
1062 881 1124 928 ad
1166 880 1376 939 Petrum,
1419 890 1467 929 et
1508 882 1775 944 specialiter
1813 882 1865 928 in

110 962 264 1026 gratia
286 961 494 1010 faciendi
518 961 747 1008 miracula
771 968 818 1008 et
842 961 1008 1009 humili
1043 964 1336 1024 paupertate.
1409 962 1577 1011 Petrus
1609 964 1739 1011 enim
1763 977 1866 1010 non

2 1102 11 1110 .
31 1051 43 1066 ³
100 1043 432 1107 >praesumpsit
456 1058 507 1090 se
531 1042 709 1090 habere
734 1041 1014 1105 hujusmodi
1038 1051 1354 1105 potestatem3
1400 1061 1429 1092 a
1453 1060 1551 1107 quo
1579 1046 1719 1108 signo
1744 1059 1863 1107 ergo

14 1118 57 1194 ξ·
109 1106 362 1188 hypocrita
385 1124 491 1172 talis
516 1123 584 1172 sic
618 1125 798 1182 asserit,
828 1139 940 1171 cum
974 1125 1279 1173 contentiosa
1312 1134 1359 1174 et
1393 1126 1640 1174 defensata
1666 1126 1866 1174 assertio

107 1205 428 1255 contradicit?
485 1204 549 1252 Et
575 1221 687 1253 cum
712 1219 813 1252 non
849 1207 1023 1268 probat
1059 1222 1149 1254 nec
1187 1207 1357 1255 sufficit
1392 1210 1612 1270 probare,
1640 1207 1772 1271 quod
1809 1207 1869 1255 sit

109 1303 250 1336 verus
289 1286 442 1336 Petri¹
483 1287 687 1335 vicarius
729 1295 809 1335 aut
851 1289 1123 1335 membrum
1168 1289 1414 1347 ecclesiae,
1458 1289 1573 1352 quid
1616 1290 1677 1337 ad
1719 1289 1867 1348 illum,

111 1369 247 1432 quod
268 1368 406 1417 Deus
441 1371 585 1417 beato
614 1368 760 1416 Petro
795 1377 1087 1430 potestatem
1119 1358 1396 1432 hujusmodi
1431 1371 1717 1433 repromisit,
1755 1386 1867 1418 cum

113 1450 190 1499 ille
214 1465 306 1499 nec
330 1459 403 1499 est
426 1450 597 1498 Petrus
621 1466 713 1498 nec
738 1465 799 1497 ex
824 1450 1087 1498 humilitate
1113 1459 1160 1498 et
1185 1453 1278 1498 vita
1314 1461 1480 1500 sancta
1504 1453 1608 1515 ejus
1633 1453 1868 1500 vicarius?

23 1543 34 1586 2
114 1533 165 1581 Si
188 1541 351 1582 autem
368 1533 598 1582 vicariam
616 1531 741 1579 Petri
767 1546 869 1579 non
896 1532 963 1579 sic
988 1532 1126 1579 stulte
1150 1533 1200 1579 in
1226 1548 1278 1581 se
1304 1533 1471 1581 asserit
1490 1534 1564 1581 vel
1588 1534 1865 1596 praesumit,

112 1613 230 1676 quid
283 1613 379 1662 hoc
434 1613 693 1676 allegatum
749 1613 811 1660 ad
858 1613 1033 1675 ipsum,
1082 1622 1134 1661 ut
1189 1623 1467 1676 praesumat
1514 1615 1667 1663 taliter
1724 1631 1869 1678 supra

111 1694 342 1744 Petrum?
401 1694 520 1743 Non
546 1696 674 1750 enirn
702 1694 888 1741 videtur
912 1695 1007 1742 hoc
1034 1695 1215 1742 dictum
1240 1696 1290 1743 in
1315 1695 1457 1744 Petro
1483 1697 1759 1744 ulteriorem
1792 1712 1867 1744 sa·

21 1784 36 1806 ³
113 1792 228 1842 pere
251 1784 558 1853 potestatem,
579 1776 669 1824 nisi
694 1776 827 1837 quod
852 1791 1004 1830 omne,
1019 1777 1153 1838 quod
1172 1777 1388 1839 ligaverit
1411 1779 1484 1825 vel
1511 1779 1699 1825 solverit
1726 1793 1870 1840 super

111 1867 288 1907 terram
307 1857 620 1906 conformiter
638 1858 700 1905 ad
721 1856 897 1904 Christi
918 1858 1153 1920 judicium
1178 1868 1224 1907 et
1243 1860 1472 1907 ecclesiae
1491 1859 1828 1922 triumphantis
1837 1860 1868 1916 2,

113 1940 200 1989 erit
223 1940 436 1988 solutum
459 1947 506 1987 et
529 1939 580 1986 in
601 1939 761 1987 coelis.
833 1938 983 1997 Quod
1009 1928 1295 1988 si-erraverit
1315 1941 1364 1987 in
1391 1941 1622 1989 solvendo
1649 1941 1868 1989 subditos

111 2021 187 2069 vel
226 2020 439 2084 ligand0‚
483 2020 600 2084 quid
641 2021 731 2068 sibi
772 2029 820 2068 et
860 2020 1139 2083 hujusmodi
1189 2021 1317 2069 dicto
1359 2021 1560 2070 Petro³?
1639 2021 1790 2081 Quod
1830 2023 1868 2070 si

113 2111 312 2166 propter
361 2101 508 2150 talem
554 2102 925 2164 repugnantiam
981 2104 1374 2151 excommunicat
1422 2105 1496 2151 vel
1549 2104 1748 2153 damnat
1794 2105 1870 2152 vel

116 2185 358 2233 comburit
405 2184 472 2232 sic
515 2183 803 2246 loquentem
845 2191 1079 2246 tanquam
1120 2184 1415 2232 haereticum
1457 2186 1716 2244 infidelem,
1760 2186 1868 2248 quis

114 2267 300 2316 dubitat
323 2267 440 2329 quin
464 2266 555 2314 ista
578 2265 700 2313 soret
725 2281 870 2314 caeca
889 2267 1219 2328 praesumptio
1240 2267 1535 2315 antichristi?
1595 2266 1714 2314 Non
1738 2268 1868 2314 enim

112 2356 188 2397 est
222 2348 343 2396 fides
379 2347 626 2404 ecclesiae,
664 2347 797 2410 quod
831 2348 934 2410 ipse
971 2345 1062 2396 sit4
1097 2364 1236 2396 verus
1274 2348 1402 2396 Petri
1434 2350 1637 2397 vicarius
1666 2349 1739 2397 vel
1777 2349 1869 2396 sal-

114 2429 315 2478 vandus.
374 2428 482 2477 Nec
503 2429 728 2491 sequitur,
750 2431 789 2477 si
808 2430 915 2477 talis
935 2429 1294 2478 antichristiana
1313 2432 1644 2493 praesumptio
1663 2431 1867 2479 omnino

63 2547 65 2549 -
115 2511 384 2568 cessaverit,
410 2510 545 2572 quod
580 2518 784 2572 pereunt
820 2511 977 2558 claves
1002 2512 1075 2558 vel
1112 2513 1238 2559 salus
1275 2513 1521 2570 ecclesiae,
1556 2513 1673 2575 quin
1708 2513 1869 2575 potius

113 2592 277 2642 omni⁶
299 2591 381 2639 tali
404 2607 590 2654 pompa
625 2599 844 2639 cessante
881 2601 927 2639 et
964 2594 1099 2640 omni
1135 2594 1215 2640 tali
1251 2594 1552 2641 absolutione
1589 2602 1636 2642 et
1672 2608 1870 2641 excom-

114 2675 444 2722 municatione
487 2671 740 2729 Caesarea,
783 2674 834 2720 in
881 2676 1102 2735 personis
1144 2676 1285 2723 nobis
1325 2676 1582 2737 incognitis
1626 2675 1870 2723 Christum

90 2755 355 2804 -humiliter
379 2754 719 2804 confitentibus
746 2763 889 2802 staret
913 2755 1128 2804 ecclesia.
1203 2755 1348 2815 Quid,
1369 2771 1508 2819 rogo,
1528 2757 1684 2820 magis
1703 2749 1869 2804 haere-

115 2838 280 2896 ticum,
306 2851 456 2900 quam
492 2835 627 2898 quod
650 2833 796 2883 tales⁶
821 2851 1058 2898 personae
1096 2838 1162 2885 sic
1187 2838 1391 2886 vivendo
1427 2839 1586 2886 forent
1622 2853 1682 2886 ex
1708 2846 1867 2901 pacto,
1926 2857 1932 2863 *

117 2926 317 2983 propter
353 2932 647 2966 consensum
686 2917 1034 2972 Simoniacum,
1072 2920 1230 2967 vicarii
1273 2921 1426 2968 sancti
1463 2920 1623 2968 Petri?
1695 2919 1868 2967 Talem

115 3015 234 3063 ergo
281 3014 517 3063 pompam
563 2999 854 3048 haereticam
902 3015 989 3062 per
1035 3001 1349 3063 antiphrasim
1396 3002 1651 3064 allegatam
1710 3012 1869 3067 potest

117 3081 255 3146 Deus
278 3081 501 3129 fidelibus
528 3082 624 3130 suis
660 3082 914 3130 ostendere
950 3091 997 3130 et
1033 3084 1313 3146 extinguere
1350 3086 1547 3147 quando
1573 3086 1711 3136 volet.
1782 3087 1869 3133 Vi-

112 3178 287 3212 vamus
312 3179 431 3227 ergo
466 3165 515 3211 in
552 3163 647 3212 fide
683 3163 764 3211 filii
788 3163 898 3221 Dei,
925 3164 1020 3212 hoc
1057 3173 1134 3233 est
1156 3166 1205 3212 in
1241 3166 1346 3228 lege
1385 3168 1644 3229 scripturae
1668 3168 1869 3216 Domini

115 3244 235 3310 Jesu
276 3244 468 3302 Christi,
509 3252 558 3292 et
580 3245 963 3293 ¹conformemus
1006 3261 1097 3293 nos
1139 3247 1203 3293 illi
1245 3255 1481 3309 quantum
1521 3248 1780 3297 sufficimus
1823 3257 1870 3296 et

116 3334 489 3376 contemnamus
525 3327 906 3390 praesumptivas
942 3342 1150 3389 pompas
1192 3327 1468 3391 hujusmodi
1511 3329 1785 3389 antichristi,
1823 3339 1869 3378 et

172 3463 187 3487 ²
216 3463 346 3515 Petri]
382 3462 546 3507 Christi,
582 3461 736 3503 A.B.C.
769 3463 831 3503 ed.
865 3476 925 3514 pr.
1214 3464 1229 3486 ²
1258 3463 1564 3517 triumphantis]
1599 3479 1680 3506 om.
1713 3466 1867 3507 A.B.C.

115 3517 133 3541 ³
161 3517 303 3569 Petro]
326 3516 447 3562 Petri,
469 3516 572 3557 A.C.
792 3515 806 3540 ⁴
834 3516 905 3569 sit]
928 3530 1008 3557 om.
1031 3518 1093 3558 ed.
1115 3530 1175 3569 pr.
1413 3518 1427 3541 ⁵
1455 3519 1587 3572 omni]
1609 3533 1692 3560 om.
1714 3520 1869 3562 A.B.C.
1899 3559 1900 3563 ,

116 3572 132 3596 ⁸
160 3571 285 3625 tales]
307 3585 389 3612 om,
410 3571 463 3610 A.
1898 3566 1902 3635 j

2000 435 2105 490 329

78 608 82 610 Ἴ
115 553 293 603 Christi
318 553 555 602 Matthaei
578 555 687 612 xvi„
715 556 1071 618 ‘quodcunque
1097 554 1328 619 ligaveris’
1354 564 1460 613 etc„
1487 564 1686 619 quaerat
1710 556 1863 604 fidelis
1920 573 2018 635 {iim
1984 577 2140 613 potestate
