2462 4114
404 3014 441 3033 an
458 3007 528 3040 iam,

1093 414 1522 480 JOANNIS
1590 414 1939 466 WICLIF
2243 432 2395 461 Luam.

646 551 879 599 mercium
902 549 1040 598 Deus
1064 549 1178 599 odit.
1249 549 1375 598 Item
1406 565 1467 597 ex
1501 564 1600 612 quo
1633 548 1801 597 fratres
1835 555 2126 612 supponunt·
2147 555 2194 596 et
2218 546 2396 596 debent

645 646 956 695 cognoscere,
983 631 1116 694 quod
1147 631 1347 680 fratrum
1379 631 1645 679 affectuosa
1677 631 1929 679 concessio
1961 636 2151 681 tantum
2173 628 2298 678 valet
2320 628 2396 677 vel

644 714 848 776 amplius
883 712 1014 760 fratri
1051 721 1236 772 sancto,
1275 715 1396 762 sicut
1431 713 1556 761 valet
1590 727 1763 761 eorum
1797 712 1932 760 litera
1966 718 2395 774 quantumcunque

643 795 875 843 subtiliter
920 803 1115 843 exarata
1154 795 1300 843 literis
1341 795 1497 843 aureis
1542 803 1589 843 et
1635 794 1725 842 filis
1776 794 1940 842 sericis
1979 799 2250 856 perornata,
2292 806 2395 840 non

642 884 860 938 superest
883 876 1018 924 istius
1043 891 1201 933 causa,
1228 876 1320 924 nisi
1343 884 1396 924 ut
1418 876 1627 939 populus
1650 875 1814 923 illusus
1838 890 1925 937 per
1949 873 2141 922 fraudes
2165 872 2394 922 subdolas

642 957 704 1004 ad
729 956 944 1005 dandum
968 957 1191 1006 fratribus
1216 958 1278 1006 de
1304 959 1401 1006 suis
1426 958 1569 1006 bonis
1598 957 1943 1019 temporalibus
1975 956 2222 1004 excitetur.
2295 954 2394 1003 Sed

640 1038 747 1099 quis
772 1038 978 1087 dubitet1
1003 1040 1120 1101 quin
1144 1040 1233 1088 ista
1257 1041 1315 1088 sit
1341 1039 1616 1088 damnanda
1639 1047 1688 1087 et
1711 1039 1885 1086 nociva
1907 1037 2208 1100 hypocrisis?
2265 1037 2393 1085 Item

640 1119 910 1167 cavendum
935 1127 1007 1168 est
1031 1120 1254 1169 fratribus
1279 1136 1340 1169 ne
1366 1120 1482 1168 dent
1506 1121 1818 1169 occasionem
1850 1119 2072 1168 fidelibus
2101 1119 2164 1167 ad
2186 1119 2391 1182 percipi-

638 1201 820 1248 endum
862 1217 973 1250 suas
1014 1202 1227 1252 fallacias
1269 1204 1343 1251 vel
1389 1202 1795 1250 introducendum
1842 1201 2025 1264 aliquas
2069 1199 2392 1248 infundabiles

638 1285 886 1342 novitateS‚
912 1299 1024 1332 cum
1050 1285 1227 1333 debent
1252 1286 1372 1333 scire
1397 1285 1532 1347 quod
1557 1283 1776 1332 Christus
1799 1283 1949 1331 voluit
1973 1282 2228 1339 ecclesiam
2251 1296 2391 1330 suam

639 1380 744 1413 esse
779 1365 1019 1425 liberam2,
1046 1375 1093 1415 et
1126 1383 1238 1415 cum
1273 1367 1442 1415 fratres
1477 1366 1658 1414 faciunt
1692 1367 1744 1413 in
1776 1367 1868 1414 isto
1904 1364 2202 1428 oppositum,
2235 1364 2391 1412 mani-

637 1446 815 1494 festum
850 1455 936 1505 est,
975 1448 1109 1511 quod
1145 1448 1196 1496 in
1231 1448 1352 1496 isto⁸
1384 1448 1639 1497 ecclesiam
1675 1446 1852 1496 Christi
1889 1445 2090 1495 subdole
2121 1445 2389 1503 illibertant.

638 1529 764 1576 Item
799 1529 986 1577 videtur
1020 1529 1343 1593 multipliciter
1378 1529 1514 1593 quod
1549 1528 1719 1577 fratres
1755 1528 1935 1577 cadunt
1969 1528 2020 1580 in
2053 1527 2294 1576 haeresim
2327 1541 2390 1574 ex

635 1610 812 1669 radice,
851 1611 1077 1660 simulant
1119 1613 1250 1660 enim
1291 1626 1519 1676 expresse
1561 1611 1612 1658 in
1646 1610 1749 1658 istis
1781 1609 1941 1668 literis,
1978 1608 2114 1672 quod
2147 1621 2389 1671 personae

635 1692 809 1753 quibus
832 1693 947 1741 istas
978 1693 1267 1752 concedunt,
1293 1694 1648 1757 participabunt
1678 1699 1791 1755 post
1822 1698 2031 1740 mortem
2063 1690 2161 1739 suis
2191 1689 2387 1738 meritis,

637 1772 734 1822 Sed
768 1774 852 1822 ubi
887 1783 960 1823 est
995 1776 1151 1838 major
1174 1776 1476 1838 praesumta4
1505 1773 1819 1837 blasphemia,
1845 1787 1958 1821 cum
1982 1786 2073 1821 nec
2105 1771 2197 1835 ipsi
2229 1771 2388 1821 sciunt

635 1870 726 1902 nec
752 1855 974 1904 homines
999 1872 1111 1905 cum
1131 1858 1304 1919 quibus
1322 1865 1612 1914 mercantur,
1632 1857 1670 1903 si
1690 1855 1755 1902 illi
1779 1862 1832 1902 ut
1854 1853 2078 1918 praesciti
2101 1853 2152 1901 in
2170 1851 2386 1903 Tartaris

635 1935 1022 1985 damnabuntur?
1093 1937 1234 1996 Quae
1276 1939 1419 2000 igitur
1455 1953 1602 1986 caeca
1638 1937 1846 1994 stultitia,
1883 1934 2282 2004 concessionem*⁵
2315 1934 2386 1983 eis

633 2024 732 2064 tam
756 2018 975 2080 ignotam
1000 2021 1243 2068 asserere?
1301 2019 1505 2068 Videtur
1529 2027 1691 2067 autem
1715 2018 1849 2081 quod
1880 2018 1968 2066 ex⁶
1990 2018 2156 2065 innata
2179 2030 2384 2072 consue-

632 2098 797 2147 tudine
821 2100 1086 2148 mentiendi
1110 2116 1213 2149 non
1246 2109 1414 2149 curant
1447 2109 1616 2149 contra
1647 2107 1896 2148 aeternum
1921 2098 2122 2152 Christi⁷
2149 2099 2384 2162 judicium

632 2194 845 2229 asserere
881 2196 932 2228 se
968 2181 1127 2230 facere
1162 2183 1299 2246 quod
1334 2197 1437 2230 non
1462 2190 1682 2246 possunt.
1754 2182 1881 2230 Item
1916 2195 2064 2229 nemo
2098 2180 2244 2230 debet
2276 2194 2384 2237 esse

631 2261 848 2310 medium
879 2278 966 2325 per
1001 2264 1381 2313 subtractionem
1415 2264 1487 2312 sui
1521 2264 1759 2326 adjutorii,
1783 2271 1837 2311 ut
1867 2262 1986 2311 alius
2011 2263 2072 2311 sit
2096 2251 2381 2321 damnatum

631 2344 719 2392 sed
753 2352 806 2392 ut
841 2343 1008 2394 fratres
1042 2345 1290 2408 implicant
1325 2346 1375 2393 in
1410 2346 1501 2394 ista
1535 2345 1749 2403 materia,
1774 2352 1848 2393 est
1877 2345 1929 2392 in
1951 2351 2188 2407 potestate
2212 2359 2382 2393 eorum

629 2439 934 2486 praeservare
958 2435 1058 2474 tam
1084 2442 1135 2474 se
1173 2442 1320 2490 quam
1356 2427 1477 2475 alios
1513 2442 1574 2475 ne
1612 2427 1903 2475 damnentur
1915 2443 1929 2487 ;
1977 2441 2096 2489 ergo
2132 2427 2383 2490 supposita

630 2505 941 2556 damnatione
965 2508 1156 2556 alterius
1190 2523 1251 2557 ex
1284 2509 1607 2556 subtractione
1644 2509 1717 2557 sui
1750 2507 1972 2571 adJutorii
1997 2515 2109 2556 sunt
2141 2507 2380 2570 culpandi.

631 2586 681 2635 Si
721 2588 853 2636 enim
889 2589 1166 2638 concedunt
1203 2590 1349 2648 alteri,
1388 2590 1522 2653 quod
1556 2597 1671 2653 post
1705 2597 1913 2638 mortem
1945 2590 2247 2652 participabit
2283 2590 2381 2638 suis

627 2669 820 2728 meritis,
863 2679 980 2720 tunc
1026 2672 1280 2720 manifeste
1335 2672 1585 2735 implicant
1635 2670 1822 2734 ipsum⁸
1856 2678 1977 2736 post
2022 2678 2230 2720 mortem
2275 2670 2381 2720 fore

627 2749 829 2813 dignum
865 2753 970 2801 talis
1006 2754 1241 2817 participii
1277 2762 1324 2803 et
1354 2755 1489 2818 ipsos
1523 2755 1574 2800 in
1607 2754 1682 2801 via
1716 2752 2063 2801 beatitudinem
2097 2753 2377 2816 promereri,

627 2833 739 2895 quia
779 2834 819 2881 si
850 2843 1052 2897 utraque
1084 2851 1196 2898 pars
1232 2837 1291 2884 sit
1326 2836 1564 2899 praescita
1593 2835 1867 2882 membrum
1899 2834 2092 2893 diaboli,
2123 2842 2239 2883 tunc
2273 2834 2379 2885 talis

627 2916 882 2962 concessio
908 2917 1099 2964 excedit
1123 2917 1395 2980 potentiam
1419 2915 1635 2965 horum⁹.

693 2994 818 3042 Item
843 2994 1014 3044 fratres
1040 2998 1277 3045 servando
1304 2997 1508 3045 modum
1533 2997 1892 3059 hypocritarum
1910 3011 1962 3044 se
1986 2997 2121 3059 ipsos
2146 2996 2378 3046 damnant

625 3076 785 3137 patule
827 3077 878 3124 in
917 3077 1014 3126 hoc
1049 3078 1194 3127 facto.
1269 3078 1401 3126 Nam
1438 3078 1706 3126 secundum
1743 3078 2014 3126 doctrinam
2049 3078 2376 3142 evangelicam

627 3157 859 3206 Matthaei
878 3159 936 3206 vi.
956 3159 1075 3207 tales
1093 3160 1415 3207 eleemosinae
1437 3160 1615 3207 debent
1635 3167 1816 3207 secrete
1835 3159 1950 3218 fieri,
1970 3174 2033 3206 ne
2051 3173 2163 3222 pars
2189 3159 2377 3207 sinistra

676 3293 689 3316 ¹
723 3293 903 3346 dubitet]
926 3295 1099 3342 dubitat,
1121 3296 1168 3336 C.
1190 3296 1253 3335 ed.
1275 3309 1336 3348 pr.
1584 3294 1599 3316 ²
1627 3294 1819 3347 liberam]
1841 3295 2013 3335 liberam
2031 3295 2085 3335 ab
2104 3295 2205 3342 istis,
2227 3295 2290 3336 ed.
2311 3309 2373 3349 pr.

623 3345 639 3368 ³
667 3346 767 3399 isto]
788 3348 872 3394 illo,
894 3349 956 3388 ed.
978 3363 1039 3401 pr.
1204 3349 1220 3372 ⁴¹
1245 3349 1498 3402 praesumta]
1521 3348 1806 3401 praesumtiva,
1829 3349 1927 3389 B.C.
1949 3349 2012 3389 ed.
2034 3363 2096 3402 pr.
2230 3350 2246 3372 ⁶
2274 3362 2372 3390 con-

625 3401 867 3454 cessionem]
890 3404 1198 3449 confessionem‚
1220 3405 1265 3443 B.
1286 3405 1349 3443 ed.
1372 3417 1432 3456 pr.
1682 3403 1698 3427 ⁶
1726 3403 1794 3454 ex]
1817 3417 1897 3443 om.
1919 3404 2021 3443 Α.Β.
2042 3404 2196 3455 primae
2214 3416 2372 3450 manus,

623 3454 684 3492 ed·
705 3468 766 3505 pr.
985 3458 1000 3480 ⁷
1030 3458 1202 3509 Christi]
1222 3472 1304 3498 om.
1325 3458 1388 3498 ed.
1408 3471 1468 3510 pr.
1697 3458 1712 3480 ¹³
1740 3458 1894 3509 ipsum]
1914 3463 1959 3497 ut
1979 3458 2125 3510 ipsum,
2146 3458 2199 3496 A.
2219 3457 2373 3509 primae

624 3519 779 3554 manus,
801 3510 898 3551 BC.
920 3512 1121 3552 secundae
1140 3525 1295 3559 manus,
1317 3513 1379 3552 ed.
1396 3526 1456 3565 pr.
1663 3513 1678 3535 ⁹
1706 3511 1874 3564 horum]
1895 3512 2041 3552 horum
2061 3511 2242 3557 fratrum,
2263 3511 2370 3552 C.D.

625 3561 687 3599 ed.
705 3575 764 3612 pr.
