2436 4094
164 307 2255 320 *mm—Q*

158 419 291 453 clm
746 403 857 451 ΤΚ
874 404 967 452 JA
989 402 1036 452 L
1060 404 1104 453 ο
1124 405 1172 455 G
1195 403 1312 454 US.
2067 404 2135 474 89

139 584 141 586 ,
159 535 329 584 mixtio
348 535 407 584 sit
425 536 730 612 mixtibilium
745 537 1052 586 alteratorum
1067 539 1205 599 uni03
1239 539 1480 588 elementa
1493 540 1625 588 enim
1641 539 1912 588 secundum
1968 552 2204 620 gffijgesngggggp

159 624 320 680 partes
342 617 654 666 indivisibiles
677 619 752 667 vel
776 619 946 667 saltem
970 621 1113 668 nobis
1137 621 1439 670 insensibiles
1463 622 1527 670 ad
1545 622 1752 670 invicem
1776 637 1914 670 com·
1963 620 2166 688 ffssgssff‘gffij

157 697 461 757 miscentur¹,
481 707 529 747 et
553 699 738 748 formae
762 701 1098 763 superadditae
1122 703 1353 750 resultant
1361 702 1390 761 ²,
1411 703 1575 752 habita
1597 704 1912 766 proportione

159 779 406 829 mixtionis
437 780 687 828 sufficienti
719 782 782 830 ad
812 782 942 830 illam
978 782 1189 831 formam
1224 785 1584 847 superadditam
1619 787 1913 848 principian-

49 927 51 929 .
159 861 290 910 dum.
360 861 424 909 Et
456 862 524 910 sic
557 862 668 911 licet
701 863 751 909 in
784 864 1035 912 elementis
1066 864 1129 912 ad
1160 880 1360 913 omnem
1390 875 1627 928 punctum
1652 867 1710 915 sit
1734 866 1915 914 forma⁸

75 950 80 953 '
157 942 475 1001 elementaris,
500 952 547 991 et
579 944 648 992 sic
678 959 787 992 vere
811 946 1096 1003 extenditur,
1121 947 1172 993 in
1203 948 1365 995 mixtis
1397 950 1587 996 tamen*
1619 949 1681 996 ad
1714 964 1914 997 omnem

157 1032 394 1087 punctum
429 1025 524 1073 sint
556 1025 741 1074 formae
774 1026 1117 1075 elementares⁵
1140 1037 1187 1076 et
1220 1028 1378 1076 forma
1410 1030 1730 1092 superaddita,
1758 1030 1915 1078 forma

155 1105 324 1155 {amen
352 1107 661 1171 superaddita
692 1123 795 1156 non
825 1108 972 1157 habet
1004 1110 1055 1156 in
1088 1109 1299 1172 qualibet
1331 1119 1466 1173 parte
1498 1112 1773 1160 indivisibili
1798 1128 1914 1160 suae

157 1188 386 1237 materiae
411 1190 751 1252 appropriatae
768 1198 956 1253 partem
975 1190 1314 1240 indivisibilem
1339 1208 1454 1241 suae
1478 1193 1678 1252 formae,
1706 1194 1793 1241 sed
1818 1195 1913 1257 sig-

157 1278 274 1319 nato
288 1271 493 1319 minimo
509 1271 713 1319 naturali
730 1272 782 1319 in
799 1272 881 1319 tali
900 1273 1068 1331 mixto,
1087 1273 1243 1321 forma
1262 1272 1598 1336 superaddita⁶
1616 1276 1913 1324 indivisibilis

157 1366 258 1415 quo
282 1352 347 1400 ad
369 1352 551 1401 molem
575 1353 916 1416 multiplicatur
939 1370 1027 1417 per
1057 1363 1214 1403 totum
1246 1355 1362 1404 illud
1393 1357 1650 1404 minimum
1683 1358 1913 1415 naturale,

89 1431 91 1433 ’
154 1442 206 1482 et
240 1435 310 1483 sic
345 1434 406 1483 de
442 1435 537 1483 alio
573 1435 778 1482 minimo
814 1436 1016 1483 naturali
1047 1437 1186 1500 juxta
1220 1438 1398 1500 posit0‚
1423 1439 1492 1486 ita
1525 1439 1661 1500 quod
1697 1439 1915 1502 oportet⁷

114 1555 118 1563 .
157 1515 427 1564 secundum
475 1517 726 1579 qualitates
773 1517 1056 1575 secundas⁸,
1098 1526 1252 1588 totam
1292 1518 1502 1566 formam
1549 1521 1913 1568 substantialem

156 1597 295 1646 mixti
329 1606 378 1646 et
411 1598 664 1661 qualitates
701 1607 959 1662 sequentes
995 1600 1326 1662 propriissime
1359 1609 1407 1648 et
1439 1602 1652 1650 maxime
1685 1603 1913 1650 continue

154 1678 368 1736 extendi,
389 1679 513 1728 sicut
537 1679 762 1742 apparet⁹
779 1695 957 1728 sonum
982 1681 1194 1729 chordae
1220 1683 1468 1730 trementis
1487 1698 1595 1731 esse
1614 1685 1912 1742 continuum,

155 1775 270 1808 cum
309 1768 476 1809 tamen
517 1762 577 1809 sit
618 1762 908 1810 insensibilis
949 1763 1193 1811 intercisio
1236 1765 1350 1812 satis
1393 1765 1598 1827 spissim.
1687 1765 1751 1812 Et
1793 1767 1914 1813 sicut

157 1841 345 1890 formae
377 1842 714 1906 superadditae
747 1851 860 1892 sunt
890 1844 1173 1892 elevatiores
1207 1861 1236 1894 a
1268 1845 1548 1895 conditione
1573 1849 1815 1905 materiae,
1843 1848 1911 1895 sic

155 1932 269 1973 sunt
291 1925 444 1973 rarius
453 1923 490 1951 ¹⁰
506 1925 776 1985 immersae,
797 1934 843 1974 et
863 1927 929 1974 sic
956 1927 1195 1975 elementa
1219 1936 1331 1975 sunt
1354 1928 1541 1976 realiter
1565 1929 1614 1975 in
1638 1929 1800 1977 mixtis
1826 1944 1913 1991 per

153 2005 362 2054 formam
386 2007 748 2056 substantialem
771 2009 908 2056 mixti
933 2009 1293 2071 superadditam
1318 2017 1551 2068 catenata,
1572 2019 1619 2058 et
1643 2010 1911 2059 secundum

154 2088 450 2138 diversitates
481 2105 717 2152 generum
749 2091 1122 2153 proportionum
1158 2100 1269 2139 sunt
1307 2091 1603 2141 diversitates
1640 2094 1912 2156 specierum

155 2171 430 2230 mixtarum,
455 2180 509 2220 ut
531 2180 664 2235 patet
688 2173 1002 2221 ascendendo
1027 2189 1057 2221 a
1081 2168 1249 2222 formis
1274 2175 1646 2223 elementaribus
1670 2191 1824 2238 usque
1850 2175 1912 2223 ad

156 2253 370 2301 animam
399 2253 750 2302 intellectivam.
823 2254 1011 2303 Primae
1021 2254 1055 2282 ¹¹
1081 2256 1212 2304 enim
1245 2264 1358 2304 sunt
1381 2257 1575 2305 infimae
1602 2257 1914 2306 formarum¹2

155 2335 485 2394 materialium,
512 2344 559 2384 et
591 2336 754 2384 anima
785 2337 1074 2385 intellectiva
1100 2346 1171 2385 est
1197 2353 1424 2401 suprema
1446 2340 1570 2387 inter
1594 2339 1775 2388 formas
1801 2342 1912 2388 sub-

153 2416 361 2476 lunares,
403 2417 455 2465 in
497 2417 712 2465 confinio
750 2418 875 2466 inter
913 2418 1095 2467 formas
1132 2421 1404 2468 materiales
1443 2430 1491 2469 et
1529 2422 1914 2484 intelligentias¹³

153 2499 432 2547 abstractas.
506 2498 797 2562 Simpliciter
821 2508 984 2548 autem
1010 2500 1196 2549 formae
1229 2500 1499 2550 materiales
1533 2503 1796 2551 sortiuntur
1820 2520 1912 2552 no-

154 2579 288 2627 mina
319 2595 349 2628 a
381 2581 635 2642 speciebus
664 2581 1055 2644 subjectorum¹⁴,
1086 2590 1140 2629 ut
1167 2583 1373 2644 igneitas
1397 2592 1470 2631 est
1484 2583 1653 2632 ‘forma
1686 2586 1913 2633 substan-

151 2661 289 2720 tialis,
316 2677 413 2725 qua
443 2661 569 2724 ignis
594 2670 667 2710 est
704 2663 753 2709 in
778 2663 858 2710 tali
885 2663 1061 2725 specie,
1089 2672 1135 2711 et
1161 2664 1228 2711 sic
1253 2663 1343 2711 ista
1353 2663 1388 2689 ¹⁵
1411 2665 1617 2726 igneitas
1641 2674 1712 2713 est
1737 2666 1906 2715 indivi-

153 2744 303 2793 duum
328 2745 532 2807 speciei;
571 2745 797 2792 asineitas
818 2753 890 2792 est
908 2745 1078 2803 forma,
1100 2746 1369 2793 secundum
1389 2761 1536 2808 quam
1554 2747 1682 2796 istud
1702 2749 1908 2797 mixtum

151 2835 224 2875 est
247 2826 424 2885 asinuS‚
450 2835 498 2874 et
522 2826 587 2874 ita
612 2827 672 2875 de
698 2826 865 2875 formis
891 2827 1281 2875 substantialibus
1314 2828 1513 2875 artificio
1539 2831 1928 2890 causatorum¹⁶,“

155 2916 208 2956 ut
231 2908 452 2971 paneitas
469 2916 517 2956 et
535 2909 735 2957 vineitas
753 2917 863 2957 sunt
873 2908 908 2935 ¹⁷
926 2908 1110 2958 formae
1130 2909 1476 2968 substantiales,
1498 2911 1768 2959 secundum
1787 2928 1908 2976 quas

211 3064 225 3088 ¹
254 3065 590 3119 commiscentur]
612 3079 685 3120 per
705 3079 747 3107 se
766 3066 1022 3107 insensibiles
1042 3067 1094 3107 ad
1114 3067 1287 3107 invIcem
1306 3067 1541 3115 miscentur,
1555 3069 1617 3108 ed.
1633 3083 1693 3122 pr.
1805 3070 1821 3093 ²
1848 3085 1908 3112 re-

156 3118 330 3172 sultant]
351 3119 557 3167 resultent,
578 3121 641 3161 ed.
662 3135 723 3174 pr.
846 3122 861 3145 ³
889 3121 1041 3174 forma]
1062 3122 1297 3168 formaliter,
1319 3122 1381 3162 ed.
1403 3136 1463 3174 pr.
1593 3122 1607 3145 ⁴
1635 3124 1793 3177 tamen]
1815 3139 1908 3166 cum

155 3173 218 3214 ed.
238 3186 300 3237 pr.
463 3174 479 3197 ⁶
507 3180 548 3214 et
567 3175 626 3216 sic
643 3175 949 3216 vere—formae
969 3176 1254 3228 elementares]
1275 3190 1357 3217 om.
1375 3177 1429 3215 D.
1577 3177 1593 3201 ⁶
1620 3178 1753 3219 forma
1772 3192 1909 3232 super-

155 3226 316 3280 addita]
338 3226 494 3269 formae
513 3230 790 3282 superaddito,
812 3230 874 3271 ed.
896 3244 957 3283 pr.
1123 3230 1138 3253 ⁷
1167 3230 1351 3283 oportet]
1373 3237 1555 3283 apparet,
1576 3232 1639 3271 ed.
1660 3245 1721 3286 pr.
1743 3247 1836 3274 cum
1857 3235 1907 3276 C.

155 3282 312 3334 primae
330 3294 489 3322 manus.
684 3285 699 3308 ⁸
728 3285 946 3337 secundas]
967 3285 1081 3330 duas,
1104 3286 1157 3324 D.
1354 3286 1369 3308 ⁹
1397 3286 1587 3339 apparet]
1609 3293 1785 3339 oportet,
1804 3289 1906 3329 A.B.

157 3335 187 3359 ¹⁰
215 3335 363 3389 rarius]
385 3335 512 3376 rarius
531 3337 622 3384 sibi,
644 3338 692 3378 C.
713 3339 776 3379 ed.
797 3352 858 3391 pr.
981 3339 1010 3362 11
1040 3339 1214 3391 primae]
1237 3352 1309 3391 per
1329 3353 1384 3385 se,
1405 3340 1468 3379 ed.
1490 3353 1549 3393 pr.
1571 3354 1664 3381 cum
1684 3342 1732 3382 C.
1752 3343 1908 3394 primae

157 3402 313 3430 manuS.
478 3390 510 3414 ¹²
536 3391 780 3446 sennarum]
802 3394 958 3434 formae
977 3393 1081 3433 inter
1101 3394 1265 3438 formas,
1285 3394 1347 3433 ed.
1368 3407 1427 3446 pr.
1540 3394 1569 3418 ¹³
1597 3391 1906 3450 intelligentias]

155 3443 435 3490 intellectivas‚
457 3444 556 3486 B.C.
577 3447 640 3486 ed.
661 3461 722 3499 pr.
864 3447 891 3471 ¹⁴
920 3448 1132 3500 speciebus
1152 3446 1447 3500 subjectorum]
1470 3449 1603 3501 specie
1623 3450 1907 3500 subjectarum,

155 3498 220 3538 ed.
270 3511 300 3538 r.
322 3498 376 3538 D.
505 3499 534 3523 ¹⁵
561 3501 657 3553 ista]
679 3515 760 3542 om.
781 3502 843 3542 ed.
866 3516 925 3554 pr.
1039 3501 1069 3524 ¹⁶
1095 3501 1372 3554 causatarum]
1387 3509 1657 3550 causatorum,
1674 3505 1722 3546 C.
1736 3505 1799 3545 ed.
1820 3519 1906 3559 pr.;

155 3552 232 3592 arti
263 3552 415 3593 cialiter
435 3559 704 3601 causatorum.
728 3556 781 3596 D.
949 3554 978 3579 ¹⁷
1007 3555 1119 3607 sunt]
1142 3555 1256 3601 sicut,
1279 3556 1342 3596 ed.
1364 3569 1422 3609 pr.
