2496 4108
400 455 509 508 304

1087 437 1512 500 JOANNIS
1581 438 1933 490 WICLIF
2230 463 2384 493 univ.

639 584 740 617 non
765 570 892 631 capit
919 568 1167 631 aufugium
1190 585 1278 632 per
1302 571 1511 619 cautelas
1535 571 1805 632 hominum,
1833 574 1918 622 sed
1943 590 2004 622 eo
2027 575 2136 638 ipso
2161 574 2388 638 infligitur

637 666 735 714 quo
772 658 931 697 reatus
967 651 1234 709 incurritur,
1270 659 1316 699 et
1351 651 1478 699 istud
1512 660 1586 700 est
1620 654 1810 716 gravius
1847 669 1995 717 quam
2030 654 2277 704 damnatio
2312 655 2387 703 vel

637 731 956 788 haereticatio,
983 746 1130 793 quarn
1154 732 1352 793 praelati
1379 731 1591 781 Caesarii
1617 734 1773 782 sciunt
1797 735 2030 798 infligere.

702 816 765 862 Et
789 815 850 863 ad
862 817 1072 876 primam
1097 816 1373 864 instantiam
1402 817 1557 865 tuam¹
1581 819 1858 881 respondeo
1892 818 2226 876 concedend0‚
2251 817 2387 880 quod

635 912 777 958 saepe
814 904 982 944 contra
1018 906 1163 959 caput
1198 912 1362 945 meum
1398 906 1444 946 et
1485 900 1853 962 prosperitatem
1888 915 2050 948 meam
2086 899 2387 948 mundanam

632 978 806 1040 protuli
838 978 980 1026 istam
1013 979 1300 1026 sententiam
1315 996 1327 1038 3
1377 980 1466 1027 sed
1499 995 1613 1027 cum
1639 979 1859 1030 Christus
1881 990 1929 1029 et
1957 982 2061 1045 ejus
2086 980 2293 1045 apostoli
2317 980 2385 1027 sic

631 1058 847 1106 fecerunt
877 1068 924 1106 et
956 1073 1017 1106 ex
1052 1058 1165 1107 hine
1202 1059 1442 1108 credimus
1466 1061 1600 1122 quod
1632 1062 1734 1124 jam
1771 1070 1882 1110 sunt
1907 1062 1958 1109 in
1993 1062 2147 1124 patria
2169 1060 2383 1124 gloriosi,

631 1141 738 1203 quis
784 1139 936 1188 fidelis
985 1140 1202 1188 dubitare
1251 1140 1424 1189 debeat
1467 1142 1775 1204 promulgare
1830 1151 1879 1191 et
1934 1142 2194 1191 defendere
2239 1142 2387 1189 verba

632 1221 842 1270 Christi?
890 1221 1156 1284 specialiter
1191 1237 1304 1269 cum
1340 1221 1468 1270 dicat
1503 1223 1634 1285 ipse:
1685 1224 1796 1285 ‘qui
1831 1238 1910 1271 me
1945 1224 2188 1272 erubuerit
2214 1231 2263 1271 et
2286 1237 2387 1271 ser-

630 1317 803 1351 mones
829 1318 967 1351 meos
991 1318 1158 1351 coram
1181 1303 1472 1360 hominibuS‚
1498 1303 1628 1352 hunc
1653 1312 1700 1351 et
1723 1304 1872 1353 Filius
1894 1305 2107 1353 hominis
2130 1305 2381 1353 erubescet

630 1399 795 1433 coram
836 1384 1019 1447 angelis
1059 1384 1181 1433 Dei.’
1267 1385 1375 1433 Nec
1417 1385 1585 1433 dubito
1627 1386 1745 1447 quin
1786 1400 1878 1433 nec
1918 1387 2041 1434 ratio
2083 1384 2202 1434 nec²
2240 1383 2379 1434 νει-α’

630 1466 930 1514 canonisatio
967 1466 1297 1514 contradicent
1332 1466 1591 1528 praedictis
1615 1467 1771 1515 verbis
1795 1465 2000 1515 Domini
2036 1474 2083 1516 et
2119 1465 2384 1525 doctrinae,
2442 1462 2456 1474 '

630 1562 742 1594 curn
765 1547 947 1595 veritas
982 1562 1084 1595 non
1120 1555 1281 1610 potest
1316 1548 1645 1596 contradicere
1682 1547 1879 1596 veritati.
1948 1547 2013 1595 Et
2049 1555 2284 1611 quantum
2319 1546 2385 1595 ad

495 1615 510 1634 ⁵
550 1626 557 1638 '
630 1629 1045 1677 canonisationem
1088 1628 1321 1687 Silvestre,
1365 1629 1595 1693 Gregorii
1628 1638 1675 1678 et
1710 1631 1928 1689 aliorum,
1965 1631 2048 1694 qui
2083 1630 2384 1679 dotationem

629 1709 859 1758 ecclesiae
884 1718 1206 1773 acceptarunt,
1235 1701 1402 1760 dicitur
1427 1727 1529 1759 non
1562 1712 1936 1761 scandalisando
1959 1711 2035 1760 vel
2069 1711 2381 1776 depravando

627 1791 718 1839 hos
754 1799 964 1849 sanctos,
1001 1791 1159 1855 quod⁴
1194 1800 1474 1855 reputamus
1510 1794 1598 1841 sed
1633 1808 1736 1841 non
1772 1808 1833 1841 ex
1869 1793 1964 1841 fide
1999 1793 2240 1842 credimus
2275 1792 2383 1842 illos

627 1872 773 1920 fuisse
811 1874 863 1920 in
901 1874 976 1920 via
1017 1889 1077 1921 ex
1113 1873 1206 1922 Dei
1245 1875 1398 1936 gratia
1434 1889 1463 1921 a
1499 1874 1692 1922 macula
1729 1875 2070 1937 temporalium
2105 1874 2381 1938 depuratos.

630 1953 727 2001 Sed
751 1954 858 2015 quis
884 1955 1051 2002 stultus
1077 1955 1334 2003 dimitteret
1359 1955 1536 2004 Christi
1568 1956 1756 2004 monita
1787 1963 1932 2019 atque
1962 1956 2169 2005 consilia·
2185 1964 2383 2020 propter

627 2034 719 2082 hoc
743 2035 876 2097 quod
898 2050 1024 2083 unus
1048 2037 1382 2098 praevaricans
1407 2052 1466 2084 ex
1491 2036 1584 2083 Dei
1609 2037 1760 2098 gratia
1784 2038 1841 2086 sit
1865 2037 2105 2086 salvatus?
2175 2037 2227 2086 Si
2250 2038 2381 2086 enim

626 2130 749 2162 unus
774 2131 834 2163 ex
858 2117 1137 2179 praecipitio
1157 2118 1230 2165 vel
1255 2118 1532 2180 supposito⁵
1551 2118 1765 2180 periculo
1791 2134 1852 2166 ex
1878 2134 2024 2166 causa
2046 2119 2188 2167 nobis
2211 2120 2382 2182 incog-

627 2196 726 2243 nita
743 2197 980 2254 liberatur,
1002 2198 1109 2260 quis
1134 2207 1399 2261 exponeret
1425 2214 1475 2246 se
1494 2199 1738 2246 frontose⁶
1757 2200 1930 2262 majori
1949 2200 2164 2262 periculo
2182 2209 2383 2263 propter

626 2277 785 2325 istud?
821 2286 868 2326 et
894 2278 1003 2326 dico
1028 2280 1200 2342 maj0ri
1225 2279 1478 2342 periculo⁷,
1505 2281 1618 2342 quia
1650 2282 1801 2329 nostri
1831 2281 2031 2343 praelati
2053 2282 2200 2344 longe
2224 2283 2381 2344 magis

625 2358 781 2406 illicite
819 2367 866 2407 et
902 2359 1110 2408 nefande
1145 2360 1267 2409 haec
1302 2362 1589 2424 temporalia
1623 2362 2010 2424 amplectuntur?
2068 2362 2132 2411 Et
2162 2364 2232 2412 sic
2260 2377 2380 2412 con-

625 2440 748 2488 cedo
773 2442 873 2499 tibi,
899 2441 1032 2503 quod
1066 2450 1166 2489 tam
1190 2443 1311 2489 ratio
1349 2458 1497 2505 quam
1532 2443 1609 2490 lex
1634 2443 1727 2491 Dei
1763 2443 1925 2505 exigit,
1952 2443 2086 2506 quod
2113 2446 2378 2509 praecipuo

624 2519 718 2567 Dei
759 2536 896 2568 servo
940 2522 1098 2570 debite
1139 2523 1190 2569 in
1225 2524 1572 2585 temporalibus
1615 2525 1920 2583 ministretur,
1957 2540 2070 2573 cum
2105 2525 2240 2574 Deus
2275 2536 2379 2574 non

623 2609 783 2662 potest
819 2603 869 2649 in
904 2603 996 2651 isto
1031 2603 1250 2661 deficere,
1288 2604 1374 2653 sed
1410 2613 1509 2651 tam
1545 2605 1666 2653 ratio
1703 2605 1797 2653 Dei
1839 2621 1987 2669 quam
2021 2607 2197 2655 utilitas
2232 2606 2380 2656 servi⁸

622 2683 832 2745 requirit,
858 2683 991 2746 quod
1015 2699 1117 2731 non
1142 2685 1286 2732 nimis
1318 2685 1421 2733 istis
1453 2687 1799 2748 temporalibus
1832 2695 2070 2736 oneretur.
2143 2687 2242 2738 Sed
2265 2704 2378 2738 cum

621 2764 741 2812 haec
767 2766 1051 2827 temporalia
1069 2781 1170 2814 non
1194 2767 1382 2829 prosint
1401 2767 1701 2826 habentibus,
1722 2769 1814 2816 nisi
1839 2769 1899 2817 de
1919 2778 2100 2832 quanto
2124 2770 2376 2820 habilitant

622 2860 791 2893 eorum
826 2847 1039 2895 officium
1075 2863 1173 2910 quo
1211 2848 1273 2895 ad
1308 2848 1484 2907 Deum,
1521 2857 1652 2912 patet
1687 2850 1822 2911 quod
1856 2851 1926 2898 vir
1966 2851 2272 2914 evangelicus
2315 2852 2377 2901 de

622 2936 804 2989 quanto
838 2931 1097 2991 pauperius
1133 2931 1323 2992 supplet
1358 2945 1498 2979 suum
1533 2931 1760 2989 officium,
1797 2931 1858 2979 de
1893 2939 2028 2980 tanto
2063 2933 2172 2995 plus
2207 2934 2378 2983 ceteris

622 3010 818 3071 paribus
863 3010 1022 3073 placet
1065 3010 1272 3059 Christo.
1344 3011 1466 3059 Ideo
1516 3012 1637 3059 sicut
1684 3027 1786 3059 non
1833 3013 2025 3075 proficit
2065 3014 2201 3076 quod
2241 3015 2376 3065 navis

622 3098 835 3152 portetur
870 3093 932 3139 ab
967 3093 1298 3140 itinerantibus
1332 3100 1594 3155 postquam
1629 3108 1807 3155 aquam
1841 3093 2040 3142 fluidam
2075 3096 2374 3159 navigarunt,

622 3170 715 3219 sic⁹
750 3187 852 3220 non
888 3174 1087 3236 prodest
1111 3174 1253 3221 nobis
1278 3173 1411 3236 quod
1436 3173 1646 3222 animo¹⁰
1673 3183 1925 3237 portemus
1959 3177 2244 3239 temporalia
2265 3177 2374 3241 plus

677 3310 689 3332 ¹
720 3310 852 3363 tuam]
874 3323 956 3351 om.
977 3311 1041 3351 ed.
1061 3325 1121 3364 pr.
1374 3311 1390 3335 ²
1418 3325 1495 3352 nec
1515 3312 1619 3352 ratio
1638 3312 1732 3365 nec]
1754 3313 1859 3352 ratio
1875 3313 1953 3360 vel,
1974 3313 2020 3352 Β.
2040 3314 2197 3367 primae
2209 3327 2372 3361 manus,

623 3363 684 3402 ed.
705 3377 765 3416 pr.
928 3365 944 3388 ³
971 3366 1086 3418 vera]
1107 3371 1230 3412 recta,
1251 3366 1300 3406 C.
1319 3379 1413 3413 una,
1434 3366 1538 3406 A.B.
1561 3367 1717 3419 primae
1735 3380 1893 3414 manus,
1914 3368 1977 3409 ed.
1997 3381 2059 3420 pr.
2196 3368 2211 3392 ¹
2239 3369 2370 3421 quod]

622 3429 737 3468 (μσς,
758 3419 820 3465 C.,
843 3420 889 3459 B.
910 3421 1111 3460 secundae
1129 3433 1287 3460 manus,
1478 3420 1493 3444 ⁵
1521 3421 1755 3473 supposito]
1777 3422 1937 3474 supino,
1957 3422 2020 3462 ed.
2039 3435 2100 3474 pr.
2218 3421 2236 3447 ⁸
2263 3422 2371 3463 fron·

622 3472 729 3523 tose]
751 3472 968 3519 fructuosa,
990 3474 1092 3514 A.B.
1338 3474 1354 3497 ⁷
1381 3480 1551 3528 propter
1568 3475 1934 3528 istud—periculo]
1956 3489 2036 3516 om.
2050 3476 2205 3517 A.B.C.
2225 3477 2289 3516 ed.
2308 3489 2370 3529 pr.

622 3524 636 3545 ⁸
665 3530 749 3564 tam
769 3527 872 3566 ratio
893 3528 972 3567 Dei
992 3541 1114 3580 quam
1134 3529 1289 3570 utilitas
1307 3529 1430 3581 servi]
1452 3535 1537 3569 tam
1556 3530 1661 3569 ratio
1681 3542 1803 3582 quarn
1822 3529 1977 3570 utilitas
1993 3530 2072 3571 Dei
2091 3531 2208 3576 servi,
2223 3530 2287 3571 ed.
2306 3543 2370 3584 pr.

621 3579 635 3600 ⁹
666 3578 742 3630 sic]
765 3581 822 3620 sic
842 3582 978 3629 etiam,
998 3582 1060 3622 ed.
1081 3596 1142 3635 pr.
1310 3584 1340 3609 ¹⁰
1367 3583 1527 3635 animo]
1550 3584 1590 3623 in
1610 3583 1761 3630 animo,
1781 3584 1844 3624 ed.
1865 3593 1936 3636 pr:

2112 3667 2298 3701 chmr
