2496 4108
385 440 492 507 284
1054 437 1480 502 sOANNIS
1549 439 1899 488 WICLIF
2205 459 2362 488 univ·

621 573 742 620 sicut
777 572 929 636 Jonas
966 572 1053 619 fuit
1087 572 1137 618 in
1166 579 1329 620 ventre
1367 572 1472 630 ceti,
1499 572 1566 620 sic
1602 573 1690 620 erit
1715 572 1838 621 filius
1873 572 2084 621 hominis
2119 574 2169 620 in
2203 579 2368 620 ventre

619 664 771 703 terrae
781 654 810 712 ¹,
831 655 925 701 hoc
950 662 1021 701 est
1045 654 1095 700 in
1119 654 1228 701 loco
1255 655 1567 702 subterraneo
1591 654 1905 702 absconditus
1930 662 1977 702 et
2001 653 2218 716 sepultus
2229 669 2242 713 3
2279 653 2370 706 fuit

620 736 750 782 enim
787 750 872 782 sex
908 735 1040 782 horis
1075 750 1165 797 pro
1202 735 1279 782 die
1315 750 1602 797 parasceues
1645 736 1713 783 sic
1756 735 1986 797 sepultus,
2027 742 2075 782 et
2114 750 2202 797 per
2242 734 2367 782 inte-

619 831 760 878 grum
785 816 914 863 diem
940 816 1127 863 sabbati
1152 815 1531 879 consequentis²‚
1557 823 1605 862 et
1630 831 1715 864 sex
1739 815 1869 864 horis
1893 817 1944 863 in
1968 816 2124 878 prima
2153 815 2369 874 sabbati;

619 906 665 945 et
698 898 766 944 sic
797 898 948 944 tribus
982 898 1166 956 diebus,
1191 898 1301 946 licet
1334 914 1436 946 non
1468 913 1555 960 per
1588 899 1695 946 illos
1726 906 1821 945 tres
1855 897 1972 955 dies,
2005 897 2094 944 fuit
2124 896 2372 944 Dominus

620 979 688 1026 sic
724 978 953 1040 sepultus.
1023 977 1282 1042 Approbat
1323 994 1441 1041 ergo
1479 979 1698 1028 Christus
1738 980 1878 1040 signa
1918 985 2019 1026 tam
2061 993 2217 1026 novae
2251 977 2373 1039 legis

620 1074 768 1122 quam
799 1060 985 1117 veteris,
1022 1060 1109 1108 sed
1145 1061 1352 1108 abusum
1387 1076 1556 1108 eorum
1591 1061 1692 1109 odit
1729 1075 1934 1122 semper.
2008 1058 2217 1122 Oportet
2251 1072 2371 1120 ergo

618 1149 665 1188 te
706 1149 888 1198 notare,
931 1140 1065 1202 quod
1107 1155 1284 1203 corpus
1327 1140 1502 1190 Christi
1549 1143 1807 1205 mysticum
1848 1156 1938 1203 pro
1979 1149 2199 1203 tempore
2249 1139 2373 1202 legis

618 1222 803 1280 veteris,
838 1229 1072 1284 tanquam
1104 1222 1264 1284 puella
1294 1224 1496 1286 juvenis,
1531 1223 1644 1271 fuit-*⁵
1676 1223 1826 1285 signis
1857 1223 2031 1270 talibus
2065 1221 2374 1270 sensibilibus

618 1303 939 1366 multipliciter
980 1303 1309 1351 instruendum
1325 1320 1338 1364 3
1393 1305 1481 1353 sed
1522 1312 1766 1352 crescente
1809 1303 2042 1351 ecclesiae
2084 1310 2239 1351 aetate
2281 1318 2372 1365 pro

619 1393 838 1447 tempore
873 1385 994 1447 legis
1028 1385 1208 1447 gratiae
1244 1401 1347 1433 non
1383 1394 1457 1434 est
1491 1386 1554 1433 ad
1590 1387 1729 1449 signa
1758 1385 2037 1447 hujusmodi
2062 1384 2186 1432 adeo
2211 1391 2368 1432 atten-

307 1476 540 1538 ffgssgffixassng-us
623 1466 852 1514 dendum.
923 1465 1043 1514 Ideo
1080 1467 1338 1515 considero
1367 1467 1513 1515 hodie
1545 1467 1738 1514 abusum
1767 1467 1987 1528 triplicem
2022 1467 2072 1513 z'n
2103 1465 2177 1514 his
2208 1466 2374 1527 sagmiv.

306 1545 550 1578 ‘eprehendstu‘
622 1547 789 1595 Primo
824 1546 958 1610 quod
993 1549 1263 1595 serventur4
1296 1549 1435 1612 signa
1469 1549 1589 1611 legis
1621 1549 1792 1597 veteris
1829 1563 1954 1611 quae
1989 1563 2051 1595 ex
2086 1546 2371 1595 diffinitione

623 1629 954 1691 apostolorum
987 1645 1174 1677 cessare
1207 1646 1337 1678 nunc
1371 1630 1592 1689 debeant,
1617 1637 1669 1678 ut
1700 1637 1832 1693 patet
1855 1629 1951 1677 Act
1975 1645 2050 1676 xv.
2076 1636 2124 1677 et
2158 1628 2209 1676 in
2242 1628 2372 1690 epis-

621 1711 719 1758 tola
765 1711 826 1758 ad
875 1710 1088 1769 Galatas,
1137 1719 1185 1758 et
1232 1712 1499 1774 specialiter
1545 1712 1624 1759 1113
1671 1713 1811 1773 signa
1866 1725 2075 1773 quorum
2123 1710 2371 1772 signatum

623 1793 832 1840 anterius
867 1800 940 1840 est
973 1792 1206 1854 elapsum.
1277 1793 1417 1840 Idem
1453 1794 1585 1841 enirn
1620 1793 1744 1840 foret
1780 1793 1918 1854 signa
1953 1792 2059 1854 ipsa
2091 1806 2295 1849 servare,
2320 1798 2371 1849 et

622 1874 948 1920 futuritionem
973 1889 1171 1921 suorum
1190 1874 1490 1936 signatorum
1508 1875 1760 1923 infideliter
1778 1882 2075 1936 exspectare.
2134 1871 2372 1920 Secundus

624 1956 802 2002 abusus
827 1954 877 2000 in
903 1955 1051 2016 signis
1084 1970 1172 2017 pro
1206 1963 1426 2017 tempore
1458 1956 1577 2018 legis
1600 1956 1780 2018 gratiae
1806 1964 1879 2003 est
1903 1970 2016 2002 cum
2040 1955 2131 2003 illis
2155 1955 2369 2017 despon—

624 2037 743 2084 satio
769 2037 1024 2098 impudica.
1096 2036 1238 2085 Multi
1263 2037 1458 2099 quidem
1484 2038 1545 2085 ad
1577 2046 1764 2086 tantum
1788 2038 1863 2085 vel
1894 2037 2002 2099 plus
2031 2035 2282 2084 attendunt
2306 2035 2371 2082 ad

624 2118 979 2165 observantiam
1005 2119 1254 2179 signorum
1278 2119 1454 2177 talium,
1480 2134 1604 2181 quae
1628 2134 1731 2167 non
1762 2135 1823 2167 ex
1847 2119 1956 2180 lege
1980 2117 2074 2165 Dei
2099 2117 2186 2166 sed
2214 2116 2371 2179 phan-

622 2200 743 2246 tasia
765 2199 979 2246 humana
1003 2200 1272 2261 improvide
1291 2200 1586 2259 ordinantur,
1607 2200 1740 2262 quod
1759 2201 1956 2247 mallent
1980 2198 2296 2263 praevaricari
2319 2198 2371 2245 in

625 2279 860 2342 decalogo
897 2294 1045 2341 quam
1078 2281 1128 2326 in
1162 2280 1267 2327 illis.
1342 2279 1525 2328 Tertius
1550 2282 1727 2329 abusus
1759 2289 1830 2329 est
1855 2280 2098 2329 0116131105
2121 2279 2370 2337 606165136,

623 2375 770 2423 quam
805 2360 1022 2408 Christus
1056 2361 1294 2409 ordinavit
1317 2377 1346 2409 a
1379 2363 1528 2424 signis
1562 2362 1663 2410 istis
1697 2378 1803 2410 esse
1836 2363 2051 2421 liberam,
2077 2362 2223 2410 etiarn
2245 2361 2370 2408 ultra

624 2443 982 2489 0116131101161116
1030 2443 1294 2504 signorum,
1337 2459 1434 2505 qua
1479 2452 1704 2492 onustata
1752 2444 1838 2492 fuit
1878 2444 2084 2492 ecclesia
2123 2441 2370 2505 tempore⁷

622 2523 792 2571 veteris
816 2525 1101 2571 testamenti.
1172 2525 1235 2571 Et
1262 2526 1316 2575 *in
1352 2525 1453 2573 istis
1490 2525 1680 2573 duobus
1715 2525 1943 2574 abusibus
1978 2525 2187 2587 religiosi
2218 2523 2368 2571 nostri

621 2606 841 2654 laborant
874 2607 1207 2654 communiter.
1277 2607 1339 2654 Et
1372 2615 1515 2670 patet,
1541 2609 1676 2670 quod
1707 2608 1815 2656 licet
1846 2609 1913 2656 uti
1946 2609 2108 2670 signis,
2133 2615 2180 2655 et
2213 2607 2368 2668 speci-

621 2688 754 2735 aliter
800 2689 1024 2736 institutis
1070 2704 1099 2736 a
1141 2687 1348 2747 ChristO,
1390 2704 1503 2736 cum
1549 2690 1899 2748 moderamine,
1945 2698 2109 2737 tamen
2157 2690 2219 2738 ab
2265 2688 2367 2735 istis

620 2770 769 2817 tribus
794 2771 1024 2817 abusibus
1055 2770 1406 2832 praecavendo.
1478 2770 1606 2818 Cum
1639 2787 1757 2834 ergo
1783 2769 2146 2819 0111151115-111618
2170 2769 2369 2818 instituit

622 2850 814 2912 signum
847 2851 1087 2912 baptismi,
1112 2866 1259 2913 quare
1291 2866 1393 2898 non
1428 2852 1662 2900 debemus
1694 2854 1853 2914 ipsum
1885 2853 2079 2915 signum
2111 2867 2223 2900 cum
2255 2866 2368 2912 pru-

623 2930 810 2979 dentia⁹
845 2933 1115 2990 observare,
1156 2932 1424 2994 specialiter
1465 2948 1577 2980 cum
1613 2933 1770 2981 adhuc
1812 2934 2005 2981 simus1⁰
2044 2934 2095 2981 in
2135 2935 2212 2982 via
2252 2936 2369 2982 citra

622 3012 801 3059 claram
835 3013 1099 3071 scientiam,
1125 3014 1174 3060 in
1207 3028 1303 3075 qua
1331 3014 1407 3061 via
1439 3029 1524 3076 per
1557 3015 1697 3076 signa
1727 3014 2007 3077 hujusmodi
2040 3017 2367 3064 necessarium

621 3101 692 3142 est
715 3109 807 3142 nos
833 3094 977 3142 duci?

677 3224 692 3246 1
719 3222 1005 3274 ceti—terrae]
1027 3236 1109 3262 om.
1131 3223 1184 3262 A.
1205 3223 1268 3263 ed.
1289 3236 1349 3275 pr.
1569 3223 1585 3247 ²
1613 3224 1917 3277 consequentis]
1939 3231 2244 3278 consequenter,
2266 3226 2365 3268 Rc.

623 3276 685 3315 ed.
706 3289 767 3328 pr.
878 3278 893 3299 3
920 3277 1016 3329 fuit]
1039 3282 1112 3323 est,
1133 3277 1189 3316 D.
1300 3277 1315 3299 4
1343 3278 1568 3329 serventur]
1592 3285 1811 3324 servantur,
1835 3280 1989 3319 A.B.C.
2116 3280 2132 3303 ⁶
2159 3281 2365 3333 oneratio]

622 3330 853 3377 honoratio,
876 3332 922 3370 Β.
1088 3332 1103 3354 ⁶
1132 3331 1431 3384 onerationem]
1453 3333 1768 3384 generationem,
1790 3333 1844 3372 D.
1865 3334 1927 3373 ed.
1943 3347 2004 3386 pr.
2113 3333 2129 3357 ⁷
2157 3336 2363 3387 tempore]

623 3397 705 3424 om.
726 3386 788 3424 ed.
809 3399 870 3437 pr.
1022 3384 1037 3407 ⁸
1066 3386 1376 3438 Christus-met]
1397 3387 1455 3426 ita
1474 3400 1616 3426 omnes
1635 3387 1728 3426 libri
1748 3400 1871 3427 manu
1891 3388 2054 3441 scripti;
2083 3388 2153 3428 i.e.
2175 3388 2362 3429 Christus

621 3439 762 3533 {psl}C
820 3493 847 3532 d
886 3440 902 3463 ⁹
930 3452 1023 3479 cum
1042 3440 1278 3493 prudentia]
1300 3441 1519 3492 prudenter
1538 3440 1692 3481 A.B.C.
1712 3441 1775 3482 ed.
1795 3455 1857 3494 pr.
1986 3443 2017 3467 1⁰
2045 3442 2190 3495 simus]
2211 3456 2363 3491 sumus,

665 3522 674 3531 .
714 3520 742 3531 .-
767 3524 776 3534 .
796 3506 818 3533 e
850 3524 858 3533 .
878 3507 940 3547 pr.
