2436 4094
347 456 415 508 92

1015 435 1441 499 JOANNIS
1510 437 1859 488 WICLIF
2102 462 2105 466 ·
2177 458 2316 513 Luni.

566 571 694 618 cadit
716 568 898 617 adhuc¹
920 570 1009 616 sub
1034 578 1199 618 nostra
1223 570 1423 618 scientia
1446 571 1520 618 vel
1544 571 1726 629 notitia,
1754 571 1868 620 sed²
1893 572 2008 620 satis
2032 580 2105 621 est
2128 586 2316 636 cogno-

565 667 714 707 scere,
753 650 887 712 quod
923 658 1035 697 sunt
1076 650 1268 698 multae.
1340 651 1403 698 Et
1439 652 1508 699 sic
1543 652 1728 700 videtur
1762 668 1869 701 esse
1907 654 1967 702 de
2001 653 2168 701 bestiis
2203 652 2314 717 plus

564 732 801 794 perfectis,
822 731 982 793 quod3
1002 731 1212 779 habeant
1236 733 1450 780 animam
1474 734 1617 781 aliam
1635 734 1686 781 in
1705 735 1876 796 capite,
1897 735 2042 782 aliam
2064 735 2117 782 in
2135 730 2315 798 epate⁴,

565 822 610 860 et
636 813 779 861 aliam
803 813 852 859 in
879 812 1039 860 corde.
1109 812 1463 861 Verumtamen
1488 815 1712 862 animalia
1736 815 1939 863 anulosa
1958 817 2097 879 Juxta
2129 816 2317 879 experi-

566 894 745 942 entiam
768 893 1041 955 Augustini,
1069 910 1181 942 cum
1205 896 1543 958 organisantur
1577 897 1639 944 ad
1671 896 1875 950 modum
1907 897 2050 955 anuli,
2075 897 2318 946 sufficiunt

565 977 613 1023 in
638 975 944 1037 operationes
968 991 1079 1023 suas
1104 977 1282 1034 vitales,
1308 977 1416 1025 licet
1440 978 1490 1024 in
1514 977 1688 1025 frusta⁵
1712 979 1849 1040 plura
1882 979 1977 1026 sint
2010 963 2174 1027 divisa.
2253 978 2318 1027 Et

566 1058 635 1105 sie
676 1057 1032 1119 imperfectiora
1071 1058 1289 1116 viventia,
1331 1067 1385 1106 ut
1427 1060 1624 1107 arbores
1663 1068 1710 1107 et
1750 1059 1942 1118 herbae,
1986 1068 2040 1108 ut
2080 1068 2215 1123 patet
2253 1060 2316 1109 de

566 1139 725 1196 salice,
751 1135 958 1186 habent⁶
983 1139 1206 1187 virtutem
1241 1140 1562 1189 fructificandi
1597 1149 1645 1189 et
1677 1156 1828 1204 opera
1862 1141 2148 1205 vegetabilia
2179 1157 2316 1191 exer-

565 1220 720 1278 cendi,
746 1220 856 1268 licet
879 1220 928 1266 in
953 1229 1113 1283 partes
1138 1220 1395 1284 plurimas⁷
1420 1223 1515 1271 sint
1540 1223 1707 1271 divisa.
2088 1236 2092 1239 “

634 1302 732 1349 Hic
779 1310 942 1349 tamen
989 1302 1178 1350 Fratres
1228 1303 1451 1362 clamant,
1500 1304 1633 1367 quod
1674 1304 1790 1352 illud
1832 1305 1892 1353 sit
1930 1304 2228 1353 haereticum
2270 1313 2318 1352 et

565 1383 880 1446 impossibile,
923 1384 1058 1445 quod
1098 1384 1277 1432 multae
1320 1386 1510 1433 animae
1554 1386 1649 1433 sint
1690 1387 1741 1433 in
1782 1386 1983 1434 homine
2020 1386 2096 1434 vel
2137 1386 2317 1434 multae

566 1466 750 1513 formae
793 1465 1127 1513 substantiales
1168 1467 1219 1513 in
1260 1481 1552 1529 quocunque
1593 1482 1813 1530 corpore,
1853 1468 1967 1530 quia
2006 1483 2120 1516 cum
2160 1466 2318 1515 forma

566 1547 891 1595 substantialis
916 1548 998 1595 dat
1020 1564 1111 1594 esse
1133 1549 1215 1602 rei,
1241 1564 1318 1596 res
1343 1548 1411 1596 sic
1436 1548 1644 1596 formata
1679 1557 1806 1596 esset
1834 1549 1886 1596 in
1910 1549 2088 1611 dispari
2120 1545 2313 1612 specie⁸

566 1644 654 1691 pro
681 1629 857 1676 eodem
881 1629 1091 1688 instanti,
1118 1629 1251 1692 quod
1275 1637 1348 1678 est
1371 1630 1683 1693 impossibile.
1759 1629 1856 1678 Sed
1881 1645 1969 1693 pro
1994 1631 2086 1678 ista
2109 1629 2309 1678 materia

566 1710 759 1773 ydiotae
785 1710 964 1758 debent
988 1726 1304 1773 cognoscere,
1331 1712 1465 1774 quod
1497 1726 1773 1759 consonum
1805 1708 1902 1760 est⁹
1925 1712 2102 1760 multas
2127 1711 2311 1760 formas

569 1792 903 1840 substantiales
944 1792 1161 1854 dispares
1197 1794 1359 1855 specie
1400 1783 1552 1841 esse]⁰
1584 1794 1635 1840 in
1667 1793 1845 1841 eodem
1881 1793 2158 1855 composito
2194 1792 2314 1840 dum

568 1882 732 1920 tamen
771 1888 869 1920 una
907 1874 967 1920 sit
1005 1874 1319 1922 subordinata
1360 1875 1506 1932 alteri,
1543 1883 1596 1922 ut
1636 1882 1768 1936 patet
1807 1874 1868 1922 de
1907 1874 2084 1922 mixtis.
2169 1873 2317 1922 Unde

570 1955 840 2012 sciendum,
865 1956 1000 2016 quod
1036 1955 1202 2003 sicut¹¹
1234 1971 1332 2002 una
1368 1955 1525 2003 forma
1556 1955 1827 2018 generalior
1851 1963 1898 2003 et
1933 1955 2025 2004 alia
2049 1955 2318 2019 specialior,

570 2052 692 2099 quae
741 2044 851 2084 sunt
896 2037 947 2082 in
995 2037 1170 2084 eodem
1219 2038 1485 2099 supposito,
1535 2036 1597 2084 ad
1643 2037 1851 2084 invicem
1896 2037 2196 2095 ordinantur,
2245 2037 2315 2085 sic

568 2117 753 2165 formae
796 2117 1058 2180 disparium
1100 2119 1384 2180 specierum,
1423 2126 1475 2165 ut
1517 2117 1770 2165 manifeste
1812 2126 1944 2180 patet
1985 2119 2046 2166 de
2087 2133 2214 2177 osse,
2255 2119 2317 2167 de

570 2215 729 2257 carne,
768 2199 828 2246 de
867 2214 1014 2247 nervo
1057 2208 1104 2246 et
1146 2199 1344 2247 caeteris
1385 2201 1603 2262 partibus
1644 2196 1962 2261 etrogeneis¹2
2003 2200 2052 2246 in
2093 2199 2311 2248 homine.

571 2280 688 2328 Non
725 2280 856 2327 enim
891 2280 1257 2342 imaginandum
1293 2289 1377 2339 est,
1414 2281 1547 2343 quod
1584 2296 1674 2343 pro
1713 2282 1907 2329 instanti
1945 2283 2115 2330 mortis
2153 2282 2312 2330 subito

569 2363 696 2409 venit
720 2361 876 2409 forma
910 2362 1248 2420 incinerabiliS,
1287 2370 1334 2409 et
1368 2361 1554 2410 formae
1589 2363 1709 2410 aliae
1745 2372 2133 2425 corrumpuntur,
2159 2363 2319 2428 quia¹³

571 2459 661 2491 nec
685 2451 882 2505 propter
905 2443 1216 2491 variationem
1247 2444 1602 2506 complexionis
1634 2460 1725 2492 nec
1748 2452 1948 2507 propter
1979 2445 2313 2493 alterationem

571 2525 930 2573 commixtionis
954 2525 1059 2572 talis
1083 2532 1244 2572 motus
1269 2526 1453 2573 subitus
1478 2534 1550 2573 est
1576 2525 1847 2587 fingendus.
1919 2525 1981 2574 Et
2014 2542 2127 2594 cum
2150 2534 2318 2590 partes

571 2608 689 2655 tales
722 2607 818 2654 sint
850 2606 1112 2668 disparium
1146 2607 1429 2669 specierum,
1457 2615 1639 2654 certum
1672 2615 1758 2664 est,
1793 2607 1928 2669 quod
1959 2615 2152 2670 oportet
2186 2609 2318 2671 ipsas

571 2689 748 2736 habere
790 2687 970 2735 formas
1012 2688 1350 2736 substantiales
1397 2688 1603 2751 disparis
1644 2689 1856 2746 rationis,
1899 2696 1946 2736 et
1993 2689 2061 2737 sic
2109 2689 2226 2737 est¹⁴
2267 2690 2318 2737 in

571 2771 809 2833 lapidibus
842 2777 889 2817 et
920 2770 1137 2818 metallis.
1210 2769 1325 2817 Hoc
1357 2778 1522 2818 tamen
1552 2770 1736 2818 videtur
1766 2770 2030 2832 probabile,
2055 2771 2191 2833 quod
2214 2786 2317 2819 non

570 2868 658 2915 per
681 2851 811 2899 idem
835 2852 1105 2914 subjectum
1130 2852 1397 2914 adaequate
1422 2859 1469 2899 et
1494 2851 1761 2899 secundum
1793 2851 2031 2899 rationem
2063 2852 2340 2900 similem¹³·

572 2934 894 2982 extenduntur
941 2933 1124 2980 formae
1172 2933 1508 2981 substantiales
1557 2932 1820 2994 disparium
1873 2933 2155 2994 specierum,
2204 2934 2318 2997 quia

573 3025 687 3063 tunc
713 3015 828 3062 illud
852 3015 1157 3077 suppositum
1182 3014 1304 3061 foret
1328 3014 1468 3062 simul
1488 3013 1748 3075 disparium
1767 3013 2099 3075 quidditatum.
2169 3013 2317 3064 Unde

574 3099 695 3145 sicut
718 3097 768 3144 in
792 3097 953 3143 mixtis
977 3095 1281 3159 imperfectis,
1304 3094 1401 3142 ut1⁶
1424 3094 1806 3142 exhalationibus
1838 3102 1886 3142 et
1922 3095 2124 3155 nebulis,
2155 3104 2316 3159 partes

631 3268 643 3290 ¹
672 3267 823 3319 adhuc]
845 3279 926 3306 om.
947 3265 1011 3305 ed.
1031 3278 1091 3318 pr.
1234 3263 1250 3286 ²
1279 3264 1368 3315 sed]
1392 3277 1473 3303 om.
1493 3264 1555 3303 ed.
1575 3276 1634 3315 pr.
1657 3264 1711 3302 D.
1850 3263 1866 3286 ³
1894 3263 2023 3315 quod]
2045 3277 2151 3311 cum,
2171 3265 2233 3305 ed.
2254 3278 2315 3318 pr.

576 3321 589 3343 ⁴
618 3327 746 3373 epate,
767 3321 779 3360 i
806 3334 841 3361 e.
860 3321 1020 3372 hepate.
1184 3318 1199 3341 ⁵
1226 3318 1371 3369 frusta]
1393 3318 1552 3363 frustra,
1574 3318 1628 3357 D.
1648 3319 1710 3358 ed.
1730 3331 1790 3370 pr.
1900 3317 1916 3340 ⁶
1942 3317 2113 3370 habent]
2134 3318 2317 3365 habenti,

577 3376 639 3414 ed.
660 3389 721 3427 pr.
897 3374 912 3397 ⁷
941 3372 1153 3426 plurimas]
1175 3372 1323 3424 plures,
1344 3372 1498 3413 A.B.C.
1515 3372 1578 3411 ed.
1597 3385 1658 3424 pr.
1771 3373 1787 3395 ⁸
1815 3371 1967 3424 specie]
1989 3372 2238 3424 operatione,
2260 3373 2315 3412 D.

578 3429 592 3451 ⁹
622 3429 702 3480 est]
724 3442 821 3474 esse,
839 3429 901 3468 ed.
923 3442 983 3480 pr.
1203 3428 1233 3450 ¹⁰
1261 3426 1366 3478 esse]
1389 3440 1470 3466 om.
1492 3427 1553 3466 ed.
1574 3439 1634 3478 pr.
1864 3426 1894 3449 u
1923 3425 2046 3478 sicut]
2068 3438 2148 3466 om.
2169 3427 2231 3466 ed.
2254 3440 2316 3479 pr.

580 3482 610 3505 ¹²
638 3483 881 3534 etrogeneis]
904 3483 930 3522 i.
943 3495 979 3522 e.
999 3481 1301 3532 heterogeneis;
1333 3480 1395 3520 ed.
1417 3495 1476 3534 pr.
1498 3494 1591 3520 cum
1612 3480 1716 3521 Cod.
1736 3480 1784 3520 C.
1804 3479 1927 3520 habet
1949 3486 1959 3501 ‘
1972 3479 2318 3532 ethromogeniis?

582 3537 609 3559 ¹³
638 3536 750 3587 quia]
772 3538 894 3587 quod,
915 3537 1070 3576 A.B.C.
1092 3536 1154 3574 ed.
1175 3548 1236 3587 pr.
1386 3535 1414 3558 ¹4
1442 3535 1518 3587 sic]
1541 3548 1621 3574 om.
1642 3535 1704 3574 ed.
1724 3548 1785 3586 pr.
1806 3547 1897 3574 cum
1918 3534 1965 3574 C.
1986 3534 2140 3586 primae
2157 3547 2313 3575 manus.

580 3590 607 3612 ¹⁵
635 3589 827 3640 similem]
845 3591 1108 3634 consimilem,
1129 3590 1191 3628 ed.
1213 3603 1285 3642 pr„
1308 3589 1361 3627 D.
1526 3590 1555 3612 ¹⁶
1583 3588 1647 3640 ut]
1669 3601 1729 3634 ac,
1752 3589 1802 3627 A.
