2436 4094
394 338 457 376 12
962 326 1723 380 PROLEGOMENA.

450 461 581 509 Libri
604 461 766 510 titulus
800 463 849 510 in
873 466 1053 527 pagina
1083 466 1240 527 prima
1263 466 1400 528 quasi
1430 466 1621 515 tabulae
1646 467 1834 517 duabus
1859 469 2097 521 columnis
2122 471 2299 522 Corin-

379 549 490 599 thiis
515 551 829 613 interpositae
854 552 1110 615 inscriptus
1134 553 1263 600 hanc
1287 552 1435 601 habet'
1456 553 1664 602 formam
1684 570 1695 603 z

1193 800 1281 849 IO.
1318 800 1476 855 WIC-

834 886 990 934 LEFI
1164 888 1316 937 VIRI
1489 890 1839 952 UNDIQUA-

832 990 928 1037 que
985 975 1093 1038 piis.
1154 976 1462 1040 dialogorum
1519 979 1626 1027 libri
1676 982 1840 1044 fittuor

831 1070 989 1124 quon-1
1046 1064 1230 1126 primus
1291 1064 1538 1114 diuinitate
1594 1075 1642 1114 et
1670 1067 1836 1118 ‚Idae-

831 1165 885 1198 as
964 1158 1149 1210 tractat,
1229 1152 1483 1202 Secundus
1551 1156 1837 1205 uniuersaru

830 1239 1072 1287 creatione
1187 1242 1479 1304 coplectitur.
1637 1245 1834 1295 Tertius

830 1328 891 1377 de
948 1330 1157 1378 uirtutib.
1224 1332 1447 1395 uitiisque
1505 1333 1621 1395 ipsis
1680 1340 1831 1382 cotra-

829 1419 910 1466 riis
982 1419 1318 1481 copiosissime
1390 1420 1565 1485 loqtur.
1672 1421 1833 1481 Quar-

828 1516 905 1556 tus
962 1507 1057 1557 Ro.
1106 1509 1342 1558 ecclesiae
1397 1520 1678 1571 sacrameta,
1727 1513 1833 1576 ejus

828 1595 1054 1659 pestifera
1175 1597 1439 1656 dotatione,
1564 1599 1832 1648 antichristi

828 1689 999 1748 regnii,
1076 1685 1225 1734 fratru
1305 1686 1607 1735 fraudulenta
1686 1689 1831 1751 origi-

828 1783 890 1821 ne
945 1782 1089 1837 atque
1143 1781 1263 1822 eoru
1316 1775 1628 1838 hypocrisim,
1675 1777 1833 1825 uaria-

827 1877 923 1924 que
953 1865 1043 1911 nffi
1075 1878 1200 1912 aeuo
1237 1864 1360 1912 scitu
1389 1864 1689 1926 dignissima,
1719 1879 1829 1926 gra-

828 1952 970 2014 phice
1007 1954 1246 2015 pstringit,
1289 1967 1414 2014 quae
1453 1961 1507 2000 ut
1548 1961 1710 2001 essent
1756 1954 1828 2000 in-

826 2047 939 2088 uetu
1032 2039 1204 2098 facilia,
1280 2040 1531 2102 singuloru
1630 2040 1828 2098 libroru,

826 2136 931 2176 tum
1000 2135 1158 2190 caput,
1227 2136 1331 2175 tum
1401 2129 1568 2191 capitis
1640 2135 1831 2176 summa

1029 2216 1189 2264 indice
1214 2217 1624 2278 praenotauimus.

1189 2405 1460 2454 MDXXV.

433 2694 650 2743 Titulum
701 2694 832 2742 hunc
887 2694 953 2741 ita
1008 2691 1383 2755 exprimendum
1431 2707 1539 2740 esse
1593 2692 1887 2750 censuimus,
1933 2699 1987 2739 ut
2011 2690 2154 2740 simul
2199 2704 2283 2739 ex-

363 2783 549 2845 emplar
594 2784 902 2845 praeberetur
950 2797 1120 2830 eorum
1169 2781 1409 2829 scribendi
1457 2781 1873 2843 compendiorum,
1916 2781 2091 2843 quibus
2133 2778 2283 2830 editio

362 2873 605 2933 princeps,
644 2871 707 2919 ad
741 2870 946 2918 modurn
982 2870 1214 2918 librorum
1249 2885 1400 2917 manu
1435 2877 1757 2939 exaratorum,
1794 2869 1940 2932 plena
1975 2875 2060 2916 est.

435 2960 656 3022 Sequitur
695 2960 943 3021 praefatio,
985 2974 1087 3006 non
1135 2974 1164 3005 a
1209 2939 1517 3021 typographo
1564 2958 1687 3020 ipso,
1731 2957 1819 3004 sed
1860 2958 1922 3004 ab
1971 2956 2133 3019 aliquo
2174 2956 2279 3018 ejus

364 3048 538 3106 amico,
576 3048 820 3095 literarum
860 3048 1206 3095 humaniorum
1247 3046 1554 3109 peritissimo,
1595 3045 1883 3108 conscripta,
1921 3045 2052 3093 hunc
2089 3044 2277 3094 habens

365 3136 710 3184 sententiarum
745 3143 992 3184 tenorem:

1154 3277 1480 3356 Prologus.

805 3399 1081 3449 Christiano
1116 3402 1284 3449 lectori
1318 3401 1524 3463 gratiam
1559 3407 1607 3447 et
1641 3414 1826 3463 pacem.

432 3487 568 3535 Deus
603 3488 720 3535 olim
756 3504 857 3536 non
893 3506 979 3553 per
1004 3506 1170 3549 unum,
1197 3491 1283 3539 sed
1318 3506 1405 3553 per
1429 3489 1590 3553 plures
1624 3488 1900 3552 prophetas,
1927 3487 2269 3536 candidissime

360 3575 524 3633 lector,
568 3583 614 3623 et
651 3575 847 3638 quidem
889 3579 1048 3628 multis
1089 3579 1264 3638 modis,
1302 3594 1432 3627 nunc
1471 3593 1558 3641 per
1587 3576 1838 3635 visionem,
1875 3592 2003 3626 nunc
2045 3576 2166 3626 facie
2202 3577 2266 3624 ad
