2424 4120
1075 405 1502 469 JOANNIS
1571 407 1923 457 WICLIF
2228 429 2384 458 exam.

637 541 711 587 vel
734 540 999 602 improbet1
1026 541 1092 588 sic
1116 541 1500 590 remurmurans²
1523 541 1692 606 Jesum
1717 549 1950 599 nostrum,
1970 550 2019 590 et
2036 541 2384 590 verecundetur

638 621 697 669 de
740 622 830 668 ista
870 622 1050 669 infideli
1091 623 1300 684 argutia:
1355 625 1507 671 sancti
1551 623 1774 671 doctores
1817 623 2176 684 expositionem
2214 620 2385 669 istam⁸

638 700 910 751 tacuerant4
933 703 1006 751 vel
1042 704 1184 752 aliam
1220 713 1574 766 expresserunt,
1600 705 1741 767 igitur
1776 705 1869 752 ista
1891 703 2131 767 expositio
2165 711 2239 752 est
2272 703 2380 750 infi-

638 784 770 832 delis.
858 783 1064 833 Ostendi
1105 800 1219 833 vero
1265 786 1465 848 potest⁵‚
1508 786 1668 848 quod⁶
1716 801 1776 833 ex
1824 785 1924 833 istis
1970 786 2128 834 verbis
2178 784 2383 847 Spiritus

640 866 844 914 Sanctus
879 866 1044 914 haberi
1079 868 1227 915 voluit
1261 868 1407 915 istum
1447 882 1660 915 sensum.
1733 867 1864 915 Nam
1899 867 2046 914 verba
2080 866 2171 914 ista
2206 864 2384 914 Christi

638 949 752 996 satis
790 956 901 995 sunt
939 949 1218 996 communia
1254 957 1300 996 et
1336 964 1532 997 sensum
1568 949 1714 996 istum
1752 948 2073 1007 includentia;
2122 947 2234 996 ideo
2271 961 2384 995 cum

638 1045 902 1077 commune
932 1030 1045 1078 dicit
1077 1030 1351 1092 quodlibet⁷
1375 1032 1478 1093 eJus
1512 1031 1764 1092 singulare,
1789 1037 1935 1092 patet,
1961 1029 2096 1092 quod
2117 1029 2264 1076 verba
2294 1029 2386 1076 ista

638 1109 856 1173 signant⁸
893 1113 1038 1160 istum
1079 1113 1413 1175 particularem
1455 1128 1666 1171 sensum,
1711 1127 1858 1175 quem
1905 1112 1956 1159 in
2002 1110 2384 1174 praesentiarum

638 1193 867 1242 videmus.
953 1193 1155 1255 Spiritus
1203 1193 1408 1242 Sanctus
1454 1195 1596 1256 igitur
1641 1209 1728 1256 per
1776 1193 1867 1241 ista
1913 1193 2060 1240 verba
2105 1193 2387 1241 communia

638 1275 934 1323 intellexerat
957 1277 1099 1323 istum
1125 1291 1320 1323 sensum
1334 1292 1347 1335 3
1386 1283 1433 1323 et
1457 1290 1569 1323 cum
1599 1290 1766 1323 sensus
1789 1273 1902 1322 iste⁹
1937 1274 1996 1322 sit
2028 1272 2291 1322 catholicus
2322 1272 2386 1321 ad

637 1357 887 1404 utilitatem
912 1357 1158 1414 ecclesiae,
1184 1364 1329 1419 patet,
1356 1356 1490 1419 quod
1513 1355 1649 1404 Deus
1675 1355 1975 1404 aeternaliter
1998 1348 2269 1404 intenderat
2291 1368 2386 1402 nos

639 1438 810 1487 elicere
834 1439 977 1486 istum
1003 1453 1214 1486 sensum.

1383 1739 1540 1787 CAP.
1579 1738 1639 1787 X.

699 1872 774 1919 De
786 1873 997 1934 periculo
1019 1873 1288 1920 animarum
1312 1873 1361 1918 z'n
1379 1871 1682 1932 persecutione
1705 1869 2086 1932 ullimafilzkz'ter
2107 1867 2329 1917 evitando.

704 2000 953 2059 Quoniam
979 2001 1196 2049 Christus
1230 1999 1358 2057 dicit,
1384 2001 1434 2047 in
1464 1998 1676 2046 ultima¹⁰
1705 1998 2042 2061 persecutione
2075 2005 2264 2046 tantum
2295 1999 2388 2045 im-

636 2082 818 2130 minere
843 2083 1123 2145 periculum,
1146 2090 1200 2128 ut
1226 2079 1573 2138 seducanturss,
1600 2081 1639 2127 si
1649 2079 1685 2105 ¹2
1717 2080 1818 2127 fieri
1850 2086 2026 2142 potest,
2051 2079 2197 2127 etiam
2232 2078 2386 2136 electi,

635 2172 682 2210 et
720 2172 772 2211 ut
809 2163 954 2225 logici
994 2163 1309 2224 contendunt,
1347 2162 1564 2210 absolute
1601 2161 1928 2209 necessarium
1967 2168 2040 2208 est
2078 2159 2213 2223 quod
2247 2160 2387 2209 electi

634 2254 840 2307 possunt
878 2245 1056 2303 seduci,
1092 2244 1202 2291 licet
1239 2243 1557 2306 postmodum
1599 2243 1892 2304 resipiscant,
1918 2241 2180 2290 videndum
2215 2249 2287 2289 est
2324 2241 2385 2288 de

634 2326 790 2374 forma
825 2334 872 2373 et
907 2324 1140 2373 medela13
1175 2325 1308 2372 istius
1343 2324 1553 2386 periculi.
1627 2323 1758 2371 Nam
1793 2318 1982 2385 psalmo
1994 2322 2030 2350 ¹⁴
2054 2337 2129 2370 xc.
2165 2323 2387 2370 scribitur

634 2416 680 2456 et
719 2408 779 2455 de
818 2415 1042 2469 quattuor
1071 2406 1295 2469 periculis
1333 2405 1554 2453 ordinate
1593 2404 1906 2467 sequentibus
1941 2404 1992 2451 in
2031 2419 2119 2452 sua
2153 2404 2384 2452 ecclesia:

637 2493 779 2546 ‘non,
805 2489 972 2550 inquit,
999 2488 1190 2535 timebis
1217 2503 1245 2534 a
1268 2487 1440 2534 timore
1466 2493 1721 2544 nocturno,
1750 2497 1779 2533 a
1804 2485 1975 2547 sagitta
1998 2485 2189 2534 volante
2214 2485 2265 2533 in
2290 2485 2386 2544 die,

635 2586 663 2618 a
703 2571 902 2633 negotio
943 2570 1308 2632 perambulante
1350 2568 1400 2615 in
1440 2568 1665 2625 tenebris,
1709 2569 1772 2615 ab
1809 2569 2005 2616 incursu
2040 2576 2089 2615 et
2124 2567 2385 2618 daemonio

634 2651 932 2699 meridiano.’
1007 2650 1105 2698 Sed
1129 2659 1390 2712 antequam
1419 2649 1742 2711 procedamus
1776 2649 1838 2697 ad
1871 2649 2228 2713 expositionem
2250 2647 2387 2698 istius

634 2735 766 2782 verbi
789 2732 1073 2796 prophetici,
1098 2731 1323 2780 tollamus
1348 2731 1627 2779 instantiam
1652 2730 1981 2792 sophisticam.
2053 2729 2256 2779 Constat
2279 2732 2385 2794 qui-

635 2816 748 2864 dem
794 2815 973 2877 legenti
1019 2815 1291 2876 scripturaS‚
1335 2812 1589 2875 quomodo
1637 2812 1915 2860 nominatur
1955 2811 2050 2859 hoc
2092 2826 2240 2875 posse
2281 2813 2385 2861 fieri

635 2896 777 2945 sive¹5
816 2912 918 2944 non
960 2896 1076 2954 fieri,
1120 2903 1167 2943 et
1208 2894 1504 2958 quandoque
1514 2893 1548 2919 1⁶
1591 2891 1938 2956 singulariter¹⁷
1985 2893 2268 2942 enunciatur
2315 2895 2384 2942 sic

689 3041 703 3064 ¹
731 3039 957 3092 improbet]
979 3039 1199 3091 improbat,
1221 3038 1269 3077 C.
1572 3034 1588 3057 ²
1616 3034 1937 3087 remurmurans]
1958 3047 2227 3082 murmurans,
2247 3034 2382 3075 a.b.C.

631 3094 646 3117 ³
676 3094 973 3147 expositionem
993 3092 1134 3144 istam]
1155 3092 1276 3131 istam
1296 3089 1606 3142 expositionem,
1628 3090 1675 3129 C.
1799 3088 1815 3111 4
1840 3088 2069 3141 tacuerant]
2091 3094 2308 3136 tatuerant,
2330 3090 2382 3130 C.

629 3149 644 3172 ⁵
677 3148 833 3201 potest]
855 3153 1036 3201 propter,
1059 3147 1107 3186 C.
1321 3145 1336 3167 ⁶
1364 3143 1494 3196 quod]
1517 3156 1658 3182 omnes
1672 3143 1766 3182 libri
1785 3156 1910 3182 manu
1930 3143 2070 3196 scripti
2088 3143 2243 3183 habent
2261 3145 2356 3195 quid
2365 3158 2380 3188 ,-

635 3203 707 3243 sed
726 3207 941 3243 contextus
959 3200 1141 3254 postulat
1161 3200 1272 3250 quod.
1410 3197 1425 3220 ⁷
1454 3197 1686 3249 quodlibet]
1709 3197 1924 3249 quotlibet,
1946 3197 1995 3237 C.
2149 3197 2164 3220 ⁸
2193 3197 2378 3250 signant]

636 3262 811 3302 servant,
833 3257 882 3296 C.
1075 3254 1091 3277 ⁹
1120 3266 1261 3294 sensus
1280 3253 1372 3302 iste]
1391 3252 1468 3291 iste
1488 3264 1640 3297 sensus,
1662 3252 1710 3292 C.
1931 3250 1963 3274 ¹⁰
1989 3251 2032 3291 in
2050 3250 2216 3303 ultima]
2236 3252 2280 3291 in
2298 3251 2380 3292 ista

635 3311 792 3356 ultima,
812 3311 944 3350 a.b.C.
1218 3308 1248 3331 11
1277 3305 1539 3357 seducantur]
1561 3306 1769 3351 seducant,
1790 3306 1840 3346 C.
2065 3305 2096 3329 1²
2122 3305 2175 3358 si]
2197 3310 2239 3345 et
2259 3305 2307 3351 si,
2329 3306 2379 3346 C.
2412 3336 2415 3337 ν

636 3365 666 3388 ¹³
693 3364 871 3416 medela]
893 3362 1068 3408 modela‚
1089 3363 1138 3403 C.
1411 3359 1442 3383 ¹4
1468 3359 1648 3412 psalmo]
1670 3359 1864 3412 psalmus,
1884 3361 1958 3406 C.;
1989 3359 2055 3399 Ps.
2074 3371 2137 3400 xc.
2157 3359 2381 3400 secundum

636 3420 864 3459 versionem
891 3418 1113 3470 vulgatam,
1143 3416 1220 3456 xci.
1252 3415 1473 3455 secundum
1503 3419 1658 3453 textum
1694 3414 1960 3460 Hebraicum,
1994 3413 2114 3452 LXX
2147 3419 2188 3454 et
2227 3419 2380 3453 ceteras
2416 3417 2424 3446 ἐ

636 3474 853 3513 versiones
1018 3471 1048 3494 ¹⁵
1075 3471 1178 3522 sive]
1200 3471 1277 3515 vel,
1297 3471 1347 3510 C.
1512 3468 1542 3492 ¹⁶
1571 3467 1833 3520 quandoque]
1854 3468 2030 3520 quando,
2051 3468 2100 3508 C.
2242 3466 2272 3492 ¹⁷
2301 3467 2382 3507 sin-
2411 3507 2420 3524 ἰ

607 3567 609 3593 ζ
638 3527 851 3579 gulariter]
874 3525 1122 3578 simpliciter,
1146 3526 1196 3565 C.
2267 3525 2270 3528 ’
2412 3525 2424 3535 ’
