2462 4114
8 312 37 418 ἑ

9 434 41 535 ζ

83 440 235 495 'cana
686 436 1250 488 TRIALOGUS.

8 551 45 654 Z}
81 570 306 622 stultitiae
329 570 381 619 in
404 571 580 635 quibus
605 571 775 621 fratres
798 573 1086 632 balbutiunt,
1112 573 1388 623 redundant
1413 574 1639 624 directius
1666 583 1836 624 contra

7 656 37 725 ‚fl
83 652 206 702 illos.
281 649 435 701 Tertzb
465 652 635 703 fratres
670 654 789 703 false
813 663 1035 717 arguunt,
1070 655 1205 718 quod
1238 657 1363 704 sicut
1399 657 1612 705 dominis
1647 665 1838 720 tempo-

15 720 33 735 ‚x

2 735 37 827 ξ

12 904 14 906 ’
25 905 35 954 ἶ

26 974 36 992 5

4 1134 29 1182 ,θ’

82 733 262 783 talibus
296 734 408 783 licet
441 735 575 783 bona
610 750 734 798 quae
769 735 1025 784 habuerint
1059 738 1208 799 gratis
1243 738 1529 796 concedere,
1567 739 1838 802 cuicunque

81 814 357 874 voluerint²‚
401 816 469 864 sic
510 824 558 864 et
599 816 717 878 ipsis
762 817 1181 879 participationem
1223 819 1296 866 sui
1335 816 1529 867 meriti2.
1613 819 1711 869 Sed
1747 821 1839 868 ista

82 897 283 947 silnialis
317 883 511 961 stultitia
547 897 768 960 ponitur³
808 897 1055 947 induxisse
1093 899 1417 962 Symoniacos
1452 901 1503 948 in
1539 916 1838 951 commerca-

78 974 291 1028 tinnem⁴
306 979 552 1028 bonorum
576 979 826 1038 ecclesiae,
846 995 970 1043 quae
989 988 1221 1029 vocantur
1239 983 1476 1031 beneficia
1499 983 1837 1042 ecclesiastica,

81 1059 193 1110 licet
224 1061 323 1110 sint
357 1060 419 1110 de
452 1060 582 1110 facto
617 1061 866 1110 maleficia.
940 1061 1038 1111 Sed
1073 1063 1232 1111 adhuc
1267 1063 1415 1127 longe
1451 1065 1514 1111 ab
1550 1065 1640 1112 ista
1676 1065 1838 1113 simili-

80 1141 262 1201 tudine,
287 1156 437 1206 quam
459 1142 628 1192 fratres
653 1143 922 1191 simialiter⁵
945 1142 1271 1203 introducunt,
1299 1161 1411 1193 cum
1442 1145 1685 1194 humanae
1709 1147 1839 1195 ordi-

79 1222 266 1273 nationi
291 1223 509 1287 subjacet
531 1224 686 1272 taliter
704 1225 764 1272 de
788 1224 959 1273 officiis
979 1226 1209 1274 ecclesiae
1234 1226 1502 1289 providere,
1522 1227 1610 1276 sed
1634 1228 1838 1277 omnino

81 1305 237 1355 earet⁸
257 1305 446 1354 ratione
471 1306 807 1364 similitudiniS,
827 1305 961 1369 quod
985 1306 1152 1355 fratres
1172 1308 1238 1356 sic
1264 1324 1352 1356 sua
1370 1309 1540 1357 merita
1558 1311 1837 1371 partiantur,

82 1401 196 1437 cum
235 1387 354 1436 nihil
393 1395 561 1450 potest,
595 1387 775 1439 habere
815 1388 1055 1436 rationem
1101 1390 1258 1437 meriti
1299 1391 1391 1439 nisi
1440 1405 1500 1438 ex
1543 1390 1638 1439 Dei
1684 1393 1838 1454 gratia

80 1468 294 1532 speciali.
364 1467 486 1517 Ideo
511 1468 647 1532 quod
669 1468 838 1517 fratres
873 1469 1238 1518 communicent
1268 1478 1463 1520 naturas
1498 1486 1696 1520 suorum
1720 1488 1840 1536 ope-

0 1538 22 1601 f
80 1558 203 1611 rum,
228 1565 350 1614 quas
373 1558 549 1599 vocant
572 1550 756 1609 merita,
777 1558 851 1598 est
876 1551 1115 1599 derisibile
1141 1551 1323 1600 auditui
1346 1553 1432 1600 viri
1453 1554 1569 1616 justi
1583 1570 1596 1613 ;
1634 1562 1682 1602 et
1705 1555 1838 1617 quod

79 1633 369 1697 participent
402 1632 642 1681 rationem
666 1632 935 1681 secundum
971 1648 1119 1695 quam
1154 1635 1366 1696 gratiose
1399 1643 1511 1683 sunt
1546 1636 1729 1694 merita,
1755 1651 1839 1684 ex-

82 1714 210 1764 cedit
237 1710 523 1763 omnimode
555 1715 822 1777 potentiam
856 1722 1117 1773 creaturae,
1144 1731 1256 1763 cum
1290 1717 1560 1765 secundum
1592 1718 1839 1766 veritatem

82 1796 327 1846 orationes
378 1796 563 1860 jejunia
615 1795 1001 1859 praedicationes
1058 1803 1105 1844 et
1152 1811 1238 1845 sex
1285 1812 1451 1860 opera,
1500 1814 1624 1861 quae
1671 1799 1840 1848 fratres

78 1879 402 1928 communiter
441 1879 718 1942 exprimunt
758 1880 808 1926 in
851 1879 948 1927 suis
971 1879 1130 1937 literis,
1165 1887 1506 1942 pertranseunt
1547 1889 1839 1943 potestatem

0 2009 2 2012 .
78 1975 264 2022 eorum,
286 1969 341 2010 ut
364 1967 555 2010 servent
585 1975 645 2008 ea
667 1967 715 2008 et
747 1960 1111 2008 communicent
1134 1961 1309 2023 quibus
1335 1962 1516 2021 volunt,
1543 1969 1591 2011 et
1614 1963 1839 2011 meritum

13 2078 19 2084 -
77 2054 141 2098 ex
176 2042 406 2107 operibus
440 2041 541 2091 istis
576 2056 834 2090 remanens
869 2041 1133 2090 formaliter
1167 2043 1463 2092 intellectum
1500 2059 1602 2092 non
1638 2052 1712 2093 est
1747 2045 1839 2092 nisi

74 2123 331 2174 hominem
367 2124 446 2173 sic
492 2123 664 2172 mereri
677 2137 691 2182 ;
751 2130 800 2171 et
840 2123 909 2171 sic
949 2124 1281 2187 unusquisque
1322 2123 1546 2174 haberet⁷
1587 2127 1838 2190 proprium

76 2207 301 2256 meritum
323 2206 423 2256 sive
451 2205 753 2254 demeritum.
824 2204 1000 2253 Merita
1030 2205 1221 2254 tamen⁸
1246 2207 1541 2270 quandoque
1565 2208 1839 2257 redundant

28 2339 31 2342 Α
77 2288 131 2338 in
151 2288 404 2338 utilitatem
427 2288 620 2336 alterius
645 2287 1001 2345 commerentiS‚
1029 2287 1116 2335 sed
1139 2295 1255 2336 tunc
1280 2288 1464 2337 faciunt
1487 2304 1670 2338 novum
1693 2290 1836 2337 meri-

76 2378 182 2420 tum
222 2369 494 2419 secundum
533 2369 738 2432 gratiam
779 2365 1149 2431 acceptationis⁹
1190 2368 1396 2418 divinae.
1487 2370 1538 2418 Si
1579 2386 1696 2434 ergo
1735 2386 1836 2418 non

74 2451 185 2502 licet
204 2451 407 2501 'homini
446 2457 746 2500 commutare
784 2450 983 2512 aliquod
1016 2451 1282 2512 temporale
1320 2451 1411 2499 nisi
1446 2451 1610 2500 habita
1646 2453 1838 2500 licentia

78 2529 266 2584 domini
301 2532 530 2597 capitaIiS,
567 2531 722 2580 multo
757 2531 915 2593 magis
951 2545 1053 2578 non
1087 2531 1198 2579 licet
1232 2532 1456 2580 fratribus
1492 2541 1790 2581 commutare
1801 2534 1836 2560 ¹⁰

77 2628 167 2666 sua
188 2615 359 2664 merita
381 2614 474 2663 nisi
496 2613 661 2662 habita
685 2612 880 2676 speciali
903 2612 1097 2660 licentia
1114 2610 1316 2660 Domini
1340 2613 1664 2662 dominorum.
1738 2614 1834 2663 Sed

75 2704 262 2746 certum
297 2703 372 2745 est
405 2694 542 2759 quod
574 2694 711 2743 Deus
746 2708 996 2756 nunquam
1032 2693 1240 2740 licentiat
1276 2694 1367 2742 nisi
1402 2693 1566 2743 habita
1601 2695 1833 2757 dignitate

76 2779 322 2837 merentis,
347 2778 411 2827 ad
434 2777 569 2841 quod
600 2776 902 2825 cumulantes
930 2775 1216 2838 temporalia
1245 2775 1468 2824 fratribus
1492 2775 1675 2824 faciunt
1698 2792 1832 2826 com-

75 2861 284 2910 muniter
324 2875 377 2909 se
417 2859 660 2921 indignos,
704 2872 815 2905 cum
856 2856 1079 2904 inimicos
1122 2854 1299 2904 Christi
1342 2871 1486 2919 saepe
1527 2859 1742 2906 nutriunt
1783 2866 1831 2907 et

75 2939 355 2992 defendunt.
385 2946 390 2971 ²
427 2939 478 2989 Si
509 2939 694 3002 igitur¹¹
727 2938 845 2986 nihil
876 2945 1065 3002 praeter
1089 2937 1250 2985 Deum
1283 2946 1442 3001 potest
1474 2937 1589 2986 dare
1620 2940 1829 2999 virtute8‚

34 3078 37 3079 γ
73 3039 166 3077 nec
201 3023 334 3073 abuti
366 3022 457 3072 illis
482 3019 894 3071 communicando
929 3019 1062 3068 aliter
1097 3034 1244 3082 quam
1281 3019 1474 3082 requirit
1505 3020 1626 3068 ratio
1663 3036 1692 3069 a
1726 3023 1829 3084 pari

130 3197 144 3222 ¹
173 3194 401 3247 cuicunque
417 3192 640 3245 voluerint]
663 3205 745 3232 om.
767 3192 821 3231 D.
841 3190 905 3232 ed,
925 3204 987 3244 pr.
1207 3190 1223 3213 ²
1250 3190 1516 3243 sic—meriti]
1538 3191 1595 3232 sic
1614 3191 1709 3232 licet
1728 3192 1827 3245 ipsis

73 3249 320 3292 habentibus
339 3260 460 3302 super
483 3247 639 3288 meritis
665 3247 748 3287 suis
773 3258 901 3298 aeque
919 3258 1060 3286 verum
1084 3245 1324 3290 dominium,
1344 3245 1472 3298 gratis
1497 3246 1719 3286 concedere
1739 3247 1822 3287 cui-

0 3301 3 3315 ’
74 3316 235 3358 mque
252 3302 468 3348 voluerint,
488 3301 543 3341 D·
564 3301 628 3341 ed·
648 3314 710 3354 pr.
874 3300 890 3324 ⁸
918 3299 1102 3352 ponitur]
1125 3305 1252 3351 patet,
1272 3300 1335 3339 ed.
1355 3312 1417 3352 pr.
1586 3299 1601 3322 ⁴
1629 3313 1824 3341 commer-

13 3343 29 3370 ’ἱ
75 3357 301 3411 cntionem]
339 3355 688 3401 contricationem,
726 3354 797 3399 B.;
847 3354 1270 3398 communicationem,
1311 3354 1383 3400 C.;
1430 3355 1824 3401 commertationem,

0 3431 3 3439 ·
74 3413 138 3455 ed.
157 3426 221 3467 pr.
404 3409 420 3433 ⁶
447 3409 675 3460 simialiter]
697 3407 894 3453 similiter,
914 3408 988 3454 C.;
1018 3421 1043 3447 a
1062 3420 1136 3447 suo
1157 3407 1291 3453 simili,
1313 3407 1375 3448 ed.
1395 3420 1458 3460 pr.
1647 3408 1664 3432 ⁶
1693 3409 1822 3463 caret]

0 3484 3 3498 ³
73 3471 242 3515 cureret,
262 3465 418 3507 A.B.C.
599 3463 615 3487 '³
643 3462 829 3514 haberet]
850 3461 989 3507 habet,
1005 3462 1157 3502 A.B.C.
1179 3462 1242 3501 ed.
1263 3474 1324 3514 pr.
1511 3461 1526 3486 ⁸
1554 3462 1712 3516 tamen]
1734 3463 1824 3510 nisi,

71 3520 136 3563 ed.
155 3534 218 3575 pr.
327 3519 344 3545 ⁹
369 3516 682 3581 acceptationis]
702 3515 965 3569 acceptioni5‚
985 3516 1032 3556 C.
1053 3515 1209 3577 primae
1226 3529 1383 3562 manus,
1402 3516 1464 3556 ed.
1486 3529 1546 3568 pr,
1658 3517 1687 3540 ιο
1703 3530 1823 3558 com.

74 3574 253 3628 mutare]
273 3585 585 3618 commumcare,
609 3570 760 3612 A.B.C.
782 3571 844 3611 ed.
866 3582 925 3622 pr.
1093 3570 1120 3593 ¹¹
1150 3569 1292 3621 igitur]
1314 3582 1425 3622 ergo,
1447 3571 1550 3611 A.C.

886 3653 1023 3687 Aaz

1971 453 2074 508 355
