2462 4114
0 2612 12 2664 Ὶηῐ-
0 2567 5 2582 ¹*
0 2454 13 2538 τῆν’*-
0 2234 22 2421 ’Ἕν-Ἣ
18 2195 19 2198 Α
16 2151 17 2154 Α

49 406 248 447 ‘'can-⁶.
688 395 1262 445 TRIALOGUS.

46 526 61 595 J
87 528 364 577 necessaria
398 530 728 592 praetermisit,
753 538 805 577 ut
840 538 971 592 patet
1007 531 1068 578 de
1105 539 1291 593 septem
1321 532 1551 594 operibus
1585 533 1842 596 spiritualis

90 609 463 668 misericordiae,
499 626 624 673 quae
666 611 846 659 debent
880 612 1012 674 apud
1051 612 1216 661 fideles
1256 621 1302 660 et
1339 614 1610 676 specialiter
1643 616 1845 677 presby-

46 729 50 750 ,-
89 701 221 741 teros
243 706 350 740 esse
375 701 744 741 sacramentum.
819 692 917 740 Sed
941 693 1062 741 hoc¹
1090 703 1462 749 sacramentum,
1487 697 1598 744 licet
1623 699 1683 745 sit
1706 697 1844 745 valde

47 770 49 774 ’
87 773 431 832 necessarium,
458 774 570 836 quia
593 774 785 823 tamen²
808 783 939 823 caret
975 775 1110 823 lucro
1147 776 1485 838 temporalium
1521 786 1568 826 et
1603 787 1673 826 est
1706 794 1843 841 prae-

43 904 47 918 ]
86 855 258 919 positis
302 856 589 914 taediosum,
618 857 744 918 ‘ideo
792 865 865 904 est
911 857 1164 904 infideliter
1210 859 1612 919 praetermissum.
1698 859 1844 908 Unde

40 976 42 979 ,
85 935 272 986 videtur
305 936 422 985 mihi
465 937 695 999 singulos,
735 939 818 1000 qui
853 939 1109 986 instituunt
1146 938 1266 986 tales
1302 940 1515 1001 privatos
1558 942 1754 990 ordines
1797 950 1844 990 et

86 1016 205 1067 dant
229 1018 516 1080 generaliter
538 1019 743 1080 regulaS,
778 1027 829 1066 ut
859 1019 972 1066 talia
997 1027 1299 1066 sacramenta
1325 1021 1652 1070 universaliter
1678 1039 1707 1071 a
1731 1024 1843 1070 sub-

35 1098 38 1106 '
86 1097 198 1149 ditis
229 1099 323 1148 sint
355 1107 568 1162 accepta,
600 1100 651 1147 in
680 1099 842 1148 Deum
875 1100 1226 1163 blasphemare,
1262 1102 1532 1163 specialiter
1564 1119 1676 1152 cum
1708 1104 1844 1152 Deus

85 1180 186 1231 vult
203 1181 385 1230 salvare
407 1181 588 1230 multos
611 1182 714 1230 sine
739 1183 1021 1245 acceptione
1040 1182 1319 1245 hujusmodi
1339 1187 1640 1234 sacramenti.
1702 1186 1844 1245 Quae

86 1276 206 1325 ergo
237 1261 596 1328 antichristiana
626 1265 972 1327 praesumptiO,
999 1264 1269 1326 praelatum
1295 1279 1509 1314 asserere
1541 1275 1587 1315 et
1620 1267 1844 1317 infunda-

85 1342 243 1393 biliter
265 1344 567 1402 confirmare,
593 1344 727 1407 quod
759 1360 908 1394 nemo
934 1346 1192 1394 salvabitur
1225 1345 1327 1393 sine
1360 1348 1644 1410 acceptione
1676 1349 1844 1412 hujus-

87 1424 560 1490 modi-sacramenti!
620 1426 797 1474 Utrum
830 1436 991 1475 autem
1023 1427 1133 1476 licet
1157 1427 1228 1474 sic
1257 1436 1406 1476 uncto
1437 1430 1681 1478 infirmato
1714 1439 1845 1493 post-

88 1506 293 1573 modum
333 1507 558 1558 incedere
600 1524 743 1571 super
777 1517 967 1567 terram,
1004 1500 1051 1558 et
1091 1517 1250 1557 utrum
1286 1519 1478 1572 oportet
1514 1514 1846 1575 presbyterum

28 1610 31 1613 “
87 1586 267 1637 habere
297 1584 572 1638 evidentem
600 1590 833 1648 notitiam,
857 1591 991 1653 quod
1016 1592 1083 1639 sic
1110 1599 1286 1640 unctus
1310 1601 1485 1641 terram
1510 1594 1716 1656 amplius
1742 1609 1845 1641 non

25 1679 35 1700 ⁸
87 1669 306 1729 calcabit,
331 1679 380 1720 et
410 1680 572 1720 utrum
602 1673 814 1720 reiterari
838 1674 1013 1735 poterit
1045 1673 1142 1722 hoc
1169 1681 1526 1723 sacramentum
1535 1675 1566 1731 ⁸,
1600 1683 1672 1723 est
1707 1675 1844 1723 dubi-

33 1799 37 1806 ,
86 1752 230 1803 tabile
253 1753 386 1816 apud
409 1754 600 1802 multos.
662 1755 759 1803 Sed
782 1755 1003 1817 relinquo
1030 1756 1212 1804 stolidis
1236 1756 1517 1819 hujusmodi
1544 1758 1846 1806 difficultates

20 1855 23 1865 =
86 1833 335 1893 inutiliter*
358 1837 736 1899 pertractandaS,
761 1853 914 1885 unum
939 1853 1160 1886 asserens
1194 1853 1223 1885 a
1253 1838 1370 1885 mihi
1403 1840 1640 1901 probabili
1650 1839 1680 1896 ⁵,
1713 1840 1848 1901 quod

0 1942 26 2013 ἱ
87 1915 157 1964 sic
179 1916 446 1966 infirmatus
470 1925 519 1965 et
543 1926 718 1967 unctus
743 1933 801 1967 ac
828 1918 1144 1982 postmodum
1169 1919 1220 1966 in
1253 1935 1458 1982 corpore
1485 1921 1846 1979 c011valeseenS‚

0 2011 2 2018 ²
86 2012 200 2047 cum
246 1998 358 2048 vivit
403 2007 596 2063 tempus
650 2002 904 2063 posteriuS,
954 2016 1056 2050 non
1110 2009 1226 2049 tunc
1273 2002 1442 2066 recipit
1490 2010 1847 2051 sacramentum

86 2078 335 2129 ultimum⁶
357 2081 616 2130 unctionis,

776 2442 932 2491 CAP.
971 2443 1157 2491 XXVI.

291 2583 368 2632 De
390 2576 619 2632 miiu'strzzv
642 2586 859 2644 ecclesiae,
875 2589 1153 2649 praesertim
1177 2589 1228 2634 de
1252 2588 1623 2635 mendz'cantz'buS.

154 2728 360 2776 Alithz'a.
431 2728 540 2788 Dic,
566 2744 702 2794 rogo,
728 2729 884 2788 frater,
911 2731 962 2778 de
993 2731 1214 2792 speciebus
1246 2733 1568 2779 mim'slrorum
1600 2733 1841 2790 eccclesiae,

0 2800 9 2844 ἕ
86 2811 200 2874 quia
222 2811 409 2860 videtur
432 2812 550 2862 mihi
575 2813 710 2875 quod
734 2814 783 2860 in
807 2813 897 2861 ista
920 2814 1119 2861 materia
1145 2813 1384 2876 superflue
1408 2822 1602 2877 tempus
1627 2830 1842 2877 occupas
1927 2857 1933 2863 ,

0 2899 15 2938 *l
86 2901 136 2942 et
159 2892 362 2942 derides

19 3027 26 3030 ,
153 2973 423 3023 Ρῇνοηεετὶς.
495 2974 701 3024 Constat
737 2976 870 3035 mihi,
907 2976 1041 3039 quod
1082 2977 1236 3025 irrisio
1275 2979 1327 3025 in
1369 2992 1484 3025 casu
1527 2978 1586 3025 sit
1626 2978 1754 3026 licita
1796 2988 1843 3025 et

11 3079 13 3090 =
68 3050 330 3105 ¹meritoria
352 3057 580 3115 irridenti,
606 3073 718 3106 cum
743 3057 976 3116 Christus,
1003 3057 1174 3106 Helias
1208 3066 1255 3106 et
1287 3058 1562 3120 apostolus⁷
1586 3059 1842 3106 irriserunt.

14 3126 15 3130 ¹
87 3135 253 3198 Quare
295 3154 413 3201 ergo
457 3153 557 3186 non
599 3139 709 3187 licet
748 3141 889 3187 nobis
925 3140 975 3187 in
1014 3140 1388 3187 declarationem
1426 3140 1537 3187 fidei
1574 3140 1843 3188 haereticos

11 3212 13 3216 ’
86 3218 313 3268 irridere?
367 3219 498 3279 Quia
522 3228 687 3269 tamen
711 3221 857 3269 virtus
882 3221 1016 3268 istius
1040 3221 1270 3269 irrisionis
1293 3222 1563 3269 consistens
1599 3222 1648 3268 in
1681 3222 1844 3270 medio

145 3383 160 3408 ¹
187 3381 289 3435 hoc]
310 3381 392 3422 hoe
411 3386 486 3428 est,
507 3381 555 3421 B.
575 3382 778 3422 secundae
797 3395 955 3422 manus.
1099 3382 1115 3405 ²
1143 3382 1299 3434 tamen]
1323 3395 1429 3428 cum,
1450 3383 1514 3423 ed.
1535 3396 1597 3436 pr.
1721 3383 1736 3406 ³
1763 3383 1847 3424 hoe

11 3464 13 3468 ,
91 3436 411 3488 sacramentum]
433 3436 514 3477 hoc
534 3442 833 3476 sacramentum
853 3443 1056 3476 extremae
1075 3437 1292 3483 unctionis,
1314 3437 1367 3476 D.
1389 3438 1451 3476 ed.
1472 3450 1533 3490 pr.
1680 3437 1695 3460 ¹
1723 3438 1845 3478 inuti-

9 3531 18 3537 „
90 3490 203 3544 liter]
225 3503 306 3531 om.
328 3490 482 3530 A.B.C.
635 3490 650 3513 ⁶
677 3503 701 3529 a
721 3490 820 3529 mihi
840 3490 1063 3542 probabili]
1086 3491 1311 3543 probabile,
1332 3491 1395 3530 ed.
1417 3504 1477 3543 pr.
1587 3492 1603 3514 ⁶
1631 3492 1841 3545 ultimum]
1872 3541 1875 3554 1

10 3546 17 3579 ἶ
92 3544 275 3591 ultimae,
295 3545 358 3585 ed.
379 3558 440 3597 pr.
605 3544 619 3566 ⁷
650 3543 881 3596 apostolus]
903 3545 1094 3597 apostoli,
1116 3545 1212 3584 ΒΕ.
1235 3545 1434 3585 secundae
1453 3559 1612 3586 manus.
