2462 4114
138 403 292 433 canae.
747 384 1314 436 TRIALOG'US.

135 518 208 567 sic
238 519 403 569 scribit
437 520 715 582 apostolus:
765 524 778 546 ‘
795 521 834 569 si
859 521 966 583 quis
994 536 1097 568 non
1121 521 1219 568 vult
1252 521 1455 583 operari,
1482 535 1581 568 non
1615 519 1890 578 manducet,

135 600 405 651 audivimus
437 603 569 655 enim
602 603 726 652 inter
756 618 845 652 vos
876 603 1117 666 quosdam
1150 603 1416 652 ambulare'
1443 611 1531 651 ete.
1601 602 1679 650 Ex
1715 603 1891 666 quibus

134 682 293 731 verbis
315 690 451 746 patet
473 683 580 732 luce
603 684 790 743 clariuS,
809 685 944 746 quod
969 685 1220 747 apostolus
1238 685 1462 748 prohibet
1480 684 1890 733 mendicationem

133 753 429 828 hujusmodi.
500 756 725 814 Similiter
744 782 775 814 ,1
806 765 1028 814 Thessal.
1065 767 1121 814 iv.
1160 766 1362 814 mandat
1397 767 1648 829 apostolus
1684 768 1775 814 sub
1815 766 1890 814 his

132 845 318 907 verbis3
343 863 346 866 ·
373 849 632 910 ‘rogamus
673 854 836 894 autem
877 862 964 895 vos
1006 847 1174 896 fratres
1215 856 1267 895 ut
1314 848 1603 896 habundetis
1644 848 1801 910 magis
1842 855 1890 896 et

131 941 335 992 operam
375 927 498 978 detis
533 937 587 978 ut
620 929 770 993 quieti
805 929 907 978 sitis
941 938 990 978 et
1023 938 1074 977 ut
1109 938 1320 978 vestrum
1363 931 1613 992 negotium
1651 930 1803 992 agatis
1840 936 1888 976 et

129 1010 400 1075 operemini
424 1011 650 1060 manibus
668 1012 838 1060 vestris
863 1011 986 1059 sicut
1008 1013 1342 1075 praecepimus
1365 1012 1516 1070 vobis,
1537 1019 1584 1059 et
1609 1019 1660 1059 ut
1682 1011 1887 1059 honeste

129 1091 386 1142 ambuletis
417 1091 482 1154 ad
513 1107 600 1140 eos
635 1092 718 1156 qui
755 1092 871 1140 foris
907 1101 1018 1141 sunt
1050 1101 1096 1141 et
1128 1093 1303 1142 nullius
1339 1092 1519 1156 aliquid
1553 1091 1885 1142 desideretis¹.'

126 1172 210 1223 Ex.
245 1189 346 1237 quo
385 1181 523 1223 textu
561 1183 706 1237 patet,
749 1175 884 1239 quod
932 1175 1100 1224 fratres
1146 1176 1198 1223 in
1242 1175 1569 1224 mendicando
1615 1175 1885 1237 apostolico

126 1254 364 1306 mandato
401 1263 450 1304 et
490 1255 560 1305 sic
602 1257 834 1305 mandato
876 1256 1077 1305 Domini
1124 1256 1472 1306 contradicunt.
1553 1256 1776 1304 Similiter
1823 1256 1885 1304 ad

125 1337 370 1402 Ephesios
407 1338 465 1389 iv,
508 1339 792 1387 mandando
839 1338 983 1388 docet
1030 1339 1293 1403 apostoluS,
1338 1342 1349 1363 ‘
1365 1339 1448 1402 qui
1495 1337 1739 1386 furabatur
1780 1338 1883 1400 jam

124 1434 228 1489 non
267 1419 478 1469 furetur!
544 1420 650 1485 ¹Sed
685 1421 935 1469 videamus
971 1421 1224 1485 quomodo
1259 1420 1428 1468 fratres
1464 1419 1607 1482 plene
1650 1419 1882 1466 mandato

122 1501 395 1565 apostolico
419 1502 783 1563 contradicunt;
835 1518 981 1566 saepe
1010 1504 1142 1552 enim
1165 1511 1336 1551 contra
1360 1502 1657 1550 voluntatem
1681 1500 1883 1549 Domini

122 1582 290 1633 fraude
314 1583 514 1633 fratrum
544 1584 759 1633 seducti²
781 1586 990 1647 pessime
1026 1586 1220 1647 rapiunt
1255 1584 1411 1631 aliena
1446 1592 1494 1632 et
1529 1583 1746 1631 laborem
1784 1583 1882 1630 suis

121 1649 349 1715 manibus
367 1667 767 1730 praetermittunt,
787 1682 900 1716 cum
919 1674 1084 1715 tamen
1103 1665 1367 1729 apostoluS‚
1387 1673 1439 1713 ut
1457 1673 1589 1727 patet
1608 1664 1714 1712 Act.
1739 1663 1880 1723 xviii„

118 1747 186 1796 ad
220 1749 623 1797 exonerationem
657 1748 891 1798 ecclesiae
926 1756 1026 1796 arte
1068 1747 1446 1796 scenofactoria⁸
1480 1746 1567 1794 fuit
1604 1761 1733 1795 usus.
1807 1746 1880 1794 Si-

123 1828 297 1878 militer
337 1828 474 1895 Deus
514 1829 723 1893 injunxit
765 1830 924 1893 primo
966 1829 1152 1877 homini
1199 1828 1422 1891 peccanti
1461 1828 1764 1890 corporalem
1812 1828 1879 1876 la—

116 1910 303 1970 borem,
327 1918 382 1960 ut
411 1919 544 1974 patet
575 1910 704 1960 Gen.
728 1912 807 1970 iii„
839 1912 918 1959 ‘in
952 1911 1143 1969 sudore,
1178 1911 1345 1974 inquit,
1380 1911 1536 1958 vultus
1570 1911 1639 1961 tui
1671 1910 1877 1958 vesceris

114 2007 242 2056 pane
265 1989 407 2043 tuo⁴.’
476 1992 714 2057 Nunquid
749 1993 1059 2056 intelligimus
1095 1992 1230 2055 quod
1266 2000 1399 2041 secta
1428 1991 1626 2040 fratrum
1658 1992 1716 2040 sit
1740 2007 1878 2054 prae-

114 2075 318 2124 stantior
348 2075 652 2139 protoplasto
676 2083 758 2124 aut
791 2075 1158 2138 praedicativior
1191 2082 1360 2122 sancto
1393 2073 1674 2136 apostolo⁵?
1736 2073 1878 2121 Simi-

112 2156 220 2206 liter
240 2157 459 2215 secunda
481 2156 702 2207 Corinth.
728 2157 788 2206 vi.
812 2156 1058 2205 mandavit
1088 2156 1352 2219 apostoluS,
1380 2161 1391 2180 ‘
1408 2156 1659 2204 hortamur
1692 2170 1779 2204 vos
1814 2171 1876 2203 ne

112 2238 164 2300 in
182 2254 406 2298 'vacuum
439 2236 645 2304 gratiam
674 2240 770 2288 Dei
805 2240 1104 2303 accipiatis⁶.'
1176 2239 1448 2299 Quomodo
1484 2238 1652 2288 fratres
1688 2254 1790 2286 non
1826 2240 1873 2287 in

111 2334 318 2370 vacuum
354 2323 560 2385 gratiam
594 2321 689 2371 Dei
730 2322 982 2385 recipiunt,
1019 2322 1102 2385 qui
1137 2338 1167 2371 a
1201 2321 1312 2369 Deo
1348 2321 1530 2370 habent
1568 2322 1872 2384 corporalem

112 2401 442 2452 fortitudinem
470 2411 520 2452 et
550 2404 981 2467 opportunitatem,
1014 2412 1062 2452 et
1094 2404 1157 2453 ad
1188 2400 1615 2451 exonerationem⁷
1639 2403 1871 2453 ecclesiae

112 2484 367 2548 negligunt
388 2484 665 2534 laborare⁸?
727 2484 952 2533 Similiter
977 2501 1091 2533 cum
1115 2484 1334 2533 Christus
1367 2484 1591 2547 prohibet
1624 2484 1870 2533 mendica-

110 2567 295 2615 tionem
330 2566 477 2615 talem
511 2567 772 2631 publicam,
809 2582 921 2614 cum
958 2582 1018 2614 eo
1054 2567 1178 2629 ipso,
1213 2581 1314 2628 quo
1358 2566 1416 2613 sit
1456 2566 1756 2624 mendicans,
1793 2566 1870 2614 fit⁹

108 2647 294 2712 populo
329 2663 582 2707 onerosus,
608 2648 743 2711 quod
778 2647 998 2695 Christus
1033 2648 1084 2694 in
1118 2647 1270 2695 Paulo
1307 2661 1452 2710 saepe
1489 2647 1746 2709 prohibuit,
1772 2663 1869 2710 qua

107 2729 267 2779 fronte
299 2729 479 2779 audent
511 2730 686 2779 novelli
721 2729 916 2778 ordines
951 2729 1359 2778 mendicationem
1395 2728 1638 2791 publicam
1675 2729 1725 2776 in
1759 2744 1868 2792 per-

106 2812 242 2862 sonis
268 2811 436 2882 validis
471 2811 771 2876 proclamare
807 2819 855 2859 et
890 2811 1198 2859 devotionem
1235 2811 1475 2858 novellam
1511 2810 1561 2857 in
1593 2810 1762 2858 ordine
1787 2812 1866 2859 tali
1919 2863 1925 2868 x

105 2890 347 2949 statuere?
405 2893 660 2958 Numquid
687 2893 973 2944 Franciscus
1006 2901 1054 2941 et
1086 2892 1163 2941 alii
1196 2899 1488 2941 mercatores
1520 2892 1699 2940 idiotae
1724 2908 1865 2941 exce-

106 2976 228 3025 dunt
262 2976 409 3025 fidem
444 2977 678 3026 ecclesiae
713 2984 760 3024 et
791 2975 1062 3024 Dominum
1098 2974 1266 3037 Jesum
1302 2973 1580 3022 Christum?
1642 2973 1865 3022 Similiter

104 3073 218 3106 cum
243 3074 484 3123 pauperes
520 3059 651 3108 caeci
687 3057 875 3121 egeni¹⁰
903 3057 1085 3106 debiles
1122 3057 1183 3106 de
1212 3057 1320 3120 lege
1344 3055 1438 3104 Dei
1471 3056 1649 3105 debent
1683 3055 1862 3106 habere

159 3211 174 3236 ¹
202 3217 249 3252 ut
267 3210 824 3265 habundetis—desideretis]
847 3225 929 3252 om.
951 3212 1053 3252 A.B.
1074 3211 1137 3252 ed.
1158 3225 1219 3264 pr.
1398 3210 1414 3234 ²
1441 3210 1616 3263 seducti]
1638 3211 1860 3258 seductam,

101 3265 204 3308 Rc.
224 3266 289 3307 ed.
308 3279 371 3319 pr.
574 3266 591 3290 ³
619 3266 935 3319 scenofactoria]
957 3266 1240 3312 senofactoria,
1262 3265 1307 3305 Β.
1329 3266 1530 3306 secundae
1549 3278 1714 3311 manus;
1746 3278 1857 3306 sene-

103 3319 290 3368 factoria,
310 3321 390 3367 A.;
421 3320 786 3367 schoenofactoria,
807 3321 869 3361 ed.
890 3334 951 3373 pr.
1177 3320 1191 3343 ¹
1220 3320 1393 3360 vesceris
1412 3332 1517 3372 pane
1537 3319 1629 3372 tuo]
1650 3332 1732 3360 orn.
1754 3319 1857 3360 A.B.

100 3375 165 3415 ed.
186 3387 248 3428 pr.
365 3374 382 3398 ⁶
410 3380 554 3415 sancto
573 3375 784 3427 apostolo]
808 3374 949 3421 Paulo,
972 3375 1094 3420 A.B.;
1126 3380 1267 3414 sancto
1290 3373 1430 3419 Paulo,
1450 3373 1513 3414 ed.
1534 3386 1595 3426 pr.
1725 3374 1742 3397 ⁶
1767 3387 1858 3426 gra-

101 3429 204 3469 tiam
224 3429 305 3470 Dei
324 3428 556 3482 accipiatis]
577 3442 659 3469 om.
683 3428 785 3468 A.B.
807 3429 870 3469 ed.
892 3442 952 3481 pr.
1145 3428 1159 3450 ⁷
1189 3427 1540 3479 exonerationem]
1563 3428 1856 3475 onerationem,

100 3482 165 3524 ed.
185 3495 247 3536 pr.
413 3484 428 3506 ⁸
456 3483 668 3535 negligunt
690 3482 896 3536 laborare]
918 3483 1145 3528 laborandi,
1168 3483 1222 3522 D.
1389 3483 1404 3505 ⁰
1433 3495 1514 3534 quo
1535 3482 1586 3522 sit
1606 3482 1855 3529 mendicans,

99 3534 167 3595 fit]
188 3537 246 3578 sic
260 3537 510 3585 mendicans,
531 3537 590 3585 fit,
611 3538 660 3578 C.
681 3537 743 3577 ed.
767 3550 826 3590 pr.
1056 3538 1087 3561 ¹⁰
1116 3536 1253 3589 egeni]
1275 3536 1399 3589 aegri,
1421 3536 1574 3577 A.B.C.
1596 3537 1658 3577 ed.
1682 3550 1742 3590 pr.

2027 400 2132 456 343
