2462 4114
398 415 502 484 346

1098 408 1522 474 JOANNIS
1580 407 1937 459 WICLIF
2235 426 2391 455 mam.

639 548 872 594 instanter
913 554 960 594 et
1002 561 1104 593 non
1146 545 1349 593 inaniter
1390 545 1650 593 institisset.
1740 543 1895 591 Nam1
1937 544 2170 592 existente
2211 543 2393 591 femina

638 627 940 690 paratissima
965 626 1027 674 ad
1052 626 1269 675 dandum
1297 626 1489 674 Christo
1515 626 1574 674 de
1600 641 1727 688 aqua
1745 641 1844 684 sua,
1866 625 2084 674 Christus
2107 625 2392 672 bibitionem

639 725 793 772 aquae
829 708 1109 772 hujusmodi
1144 708 1477 771 praetermisit,
1515 708 1682 756 dicens
1718 708 1800 756 diu
1841 715 1952 770 post
1988 706 2111 756 suis²
2145 706 2392 769 discipulis

637 793 799 854 ipsum
834 790 1130 839 manducare
1170 790 1487 847 hortantibus,
1527 794 1538 814 ‘
1556 805 1651 852 ego
1694 790 1856 837 cibum
1897 789 2054 837 habeo
2095 789 2389 837 manducare

636 889 783 935 quem
817 887 905 920 vos
941 870 1164 938 nescitis.’
1236 871 1373 930 Ideo,
1410 879 1461 919 ut
1497 880 1628 934 patet
1661 887 1722 919 ex
1755 869 2022 932 evangelio,
2048 869 2267 918 Christus
2301 868 2390 917 fuit

636 954 898 1002 delectatus
931 952 993 1002 ex'
1030 954 1125 1002 fide
1159 962 1206 1002 et
1241 954 1397 1002 verbis
1431 953 1655 1011 feminae,
1688 960 1736 1000 et
1771 952 1839 1000 sic
1875 967 1936 999 ex
1971 951 2143 1000 merito
2177 947 2308 1014 ejus³
2342 959 2389 999 et

634 1035 950 1098 dispositione
986 1035 1049 1084 ad
1085 1035 1439 1083 aedificandum
1475 1034 1728 1082 ecclesiam
1765 1033 2080 1096 spiritualiter,
2109 1032 2388 1081 humanitus

634 1127 707 1165 est
731 1125 939 1180 potatus.
1015 1117 1180 1165 Sancti
1213 1118 1343 1164 enim
1368 1116 1614 1165 Christum
1647 1115 1951 1178 spiritualiter
1975 1115 2194 1163 reficiunt
2217 1113 2387 1162 huma-

631 1200 758 1248 nitus
801 1199 1052 1262 objective‚
1088 1207 1137 1247 et
1177 1198 1323 1246 talem
1363 1198 1526 1246 cibum
1565 1212 1623 1245 ac
1664 1197 1769 1260 ejus
1809 1211 1948 1244 esum
1988 1196 2208 1244 Christus
2249 1209 2386 1244 com—

631 1290 881 1330 memorat.
951 1281 1089 1330 Patet
1125 1296 1243 1343 ergo
1280 1279 1413 1343 quod
1448 1279 1616 1327 fratres
1651 1280 1702 1326 in
1741 1279 1835 1327 isto
1873 1286 1984 1327 sunt
2018 1279 2258 1327 stultiores
2291 1277 2386 1327 hac

632 1363 825 1421 femina,
852 1363 965 1426 quia
990 1364 1112 1411 sicut
1144 1363 1233 1411 ista
1265 1358 1621 1425 aequivocavit4
1650 1376 1762 1408 cum
1788 1360 1982 1409 Christo
2014 1367 2213 1423 propter
2243 1359 2383 1422 igno-

630 1446 835 1493 rantiam
870 1445 1212 1503 excusa-bilem,
1254 1445 1323 1493 sic
1359 1445 1434 1492 isti
1470 1443 1639 1492 discoli
1676 1443 2011 1492 damnabiliter
2053 1443 2382 1505 aequivocant,

631 1527 691 1575 de
718 1527 895 1590 Spiritu
922 1527 1102 1576 Sancto
1125 1527 1307 1575 nefarie
1332 1526 1627 1575 mentiendo.
1685 1527 1806 1574 Ideo
1827 1526 1997 1573 vellem
2015 1524 2095 1573 ut⁵
2117 1540 2219 1574 non
2242 1536 2383 1574 mena

630 1608 845 1656 dicarent
877 1609 938 1657 de
963 1610 1060 1657 suis
1093 1605 1342 1656 fratribus6
1365 1607 1456 1656 nisi
1486 1623 1678 1670 aquam,
1705 1615 1966 1669 antequam
1990 1621 2080 1669 pro
2104 1607 2196 1655 isto
2218 1621 2381 1657 errore

629 1690 971 1749 satisfacerent,
997 1706 1121 1753 quae
1148 1691 1207 1738 de
1234 1690 1343 1737 Deo
1366 1697 1467 1737 tam
1490 1689 1728 1737 haeretice
1753 1689 2062 1736 mentiuntur.

698 1770 901 1819 Secundo
934 1771 1103 1820 fratres
1139 1773 1353 1819 nituntur
1389 1786 1530 1819 suum
1565 1769 1875 1817 mendacium
1908 1769 2118 1818 stabilire
2146 1783 2242 1833 per
2265 1727 2382 1827 illud

627 1851 790 1901 Lucae
814 1853 910 1901 xix.
915 1853 1148 1916 ,quando
1174 1852 1392 1900 Christus
1418 1853 1588 1910 dixit,
1608 1851 1826 1900 Zachaee
1850 1850 2082 1904 festinans
2112 1851 2377 1900 descende'

626 1941 729 1991 etc.,
772 1949 833 1981 ex
873 1935 1048 1996 quibus
1086 1935 1242 1982 verbis
1283 1934 1580 1982 concludunt
1620 1933 1670 1980 hi
1717 1933 1868 1992 inscii,
1908 1932 2044 1996 quod
2082 1931 2306 1981 Christus
2351 1949 2381 1981 a

628 2014 849 2063 Zachaeo
874 2023 974 2064 tam
998 2016 1232 2064 cibarium
1257 2031 1405 2078 quam
1429 2016 1694 2078 hospitium
1718 2014 2022 2062 mendicavit.
2095 2013 2194 2062 Sed
2225 2004 2380 2071 sciant

624 2097 699 2144 isti
722 2097 865 2145 rudes
889 2098 1204 2160 grammatici,
1224 2106 1484 2160 antequam
1509 2099 1577 2145 sic
1601 2097 1951 2159 blasphement,
1970 2097 2191 2144 notitiam
2215 2097 2377 2144 termi-

623 2194 813 2237 norum,
834 2187 881 2226 et
905 2194 1008 2227 non
1037 2179 1331 2227 mentiantur
1356 2179 1429 2226 vel
1454 2187 1647 2227 utantur
1670 2179 1721 2225 in
1745 2178 2103 2226 mendicatione
2127 2193 2216 2226 sua
2239 2193 2376 2227 men-

623 2260 785 2319 daciis,
812 2261 925 2323 quia
959 2269 1144 2309 certum
1181 2269 1266 2319 est,
1291 2261 1355 2309 ad
1378 2262 1523 2308 verba
1558 2260 1649 2308 ista
1685 2258 2070 2307 denominativa⁷
2093 2274 2185 2308 nec
2222 2259 2376 2308 inten-

621 2343 805 2390 tionem
848 2342 1025 2391 Christi
1071 2343 1363 2390 caritativam
1409 2348 1613 2404 possunt
1661 2341 1923 2403 attingere3
1980 2339 2197 2390 Christus
2241 2341 2376 2389 enim

620 2424 789 2472 videns
823 2425 1135 2472 devotionem
1169 2424 1391 2482 Zachaei,
1418 2431 1615 2486 propter
1651 2422 1896 2470 caritatem
1931 2437 2080 2485 quam
2116 2421 2179 2470 ad
2213 2422 2373 2486 ipsum

619 2505 796 2563 habuit,
840 2514 888 2553 et
926 2520 1028 2553 non
1071 2513 1267 2568 propter
1308 2505 1552 2553 miseriam
1594 2505 1665 2552 sui
1707 2504 1805 2552 sive
1847 2503 2089 2566 egentiam
2126 2504 2194 2552 ita
2239 2504 2372 2553 dixit.

618 2586 739 2634 Ideo
764 2595 988 2635 notarent
1012 2587 1178 2635 fratres
1201 2586 1322 2635 haec
1352 2587 1441 2635 tria
1464 2588 1609 2634 verba
1623 2602 1635 2646 3
1680 2589 1691 2610 ‘
1707 2585 1939 2634 festinans
1970 2585 2213 2634 descende
2237 2586 2370 2649 quia’

616 2677 723 2727 ete„
748 2677 796 2716 et
820 2670 1162 2717 erubescerent
1185 2669 1236 2715 in
1259 2668 1355 2716 hoc
1388 2668 1619 2731 fingendo
1653 2668 1713 2716 de
1739 2667 1930 2716 Christo
1963 2667 2370 2720 mendicationem

616 2750 909 2798 mendaciter
922 2748 955 2808 ⁸,
982 2751 1099 2813 quin
1131 2751 1291 2814 potius
1316 2749 1508 2798 Christo
1531 2750 1824 2798 ascriberent
1847 2758 1900 2798 ut
1932 2764 2126 2798 summo
2149 2749 2368 2798 medico⁹

616 2847 671 2879 ac
707 2831 1056 2890 liberalissimo,
1093 2831 1228 2894 quod
1269 2847 1330 2879 ex
1366 2847 1558 2880 summa
1597 2832 1791 2880 caritate
1832 2846 2030 2880 manere
2065 2846 2178 2880 cum
2212 2830 2368 2879 homi·

616 2914 755 2960 nibus
781 2913 1054 2961 delectatur.
1127 2912 1274 2961 Unde
1307 2913 1444 2961 multi
1469 2913 1692 2976 occupati
1723 2913 1774 2960 in
1806 2912 1943 2961 usu¹⁰
1965 2913 2032 2961 rei
2057 2912 2367 2972 delectabilis,

615 2994 733 3042 dum
765 2994 932 3042 fratres
956 2996 1102 3042 verba
1136 2994 1258 3042 haec
1289 2994 1379 3042 illis
1415 2995 1654 3052 dixerunt,
1688 2998 1700 3019 ‘
1717 2994 1948 3043 festinans
1984 2993 2249 3043 descende'
2272 3002 2364 3044 ete.

614 3076 963 3138 responderent
987 3076 1209 3124 fratribus
1239 3075 1534 3134 mendicis¹¹‚
1562 3079 1574 3100 ‘
1591 3075 1749 3124 adhuc
1781 3076 1982 3138 potestis
2013 3075 2254 3125 humiliter
2276 3091 2362 3140 pe-

614 3164 712 3205 tere
737 3158 778 3206 si
803 3158 869 3206 sic
894 3156 1066 3206 velim?

669 3279 683 3302 1
714 3278 844 3331 Nam]
866 3291 976 3320 nunc
995 3283 1145 3324 autem,
1166 3277 1222 3317 D.
1243 3277 1306 3318 ed.
1327 3290 1388 3330 pr.
1579 3277 1595 3302 ²
1623 3278 1724 3331 suis]
1747 3291 1829 3319 om.
1850 3278 1912 3319 ed.
1933 3292 1994 3332 pr.
2212 3279 2228 3303 ³
2255 3278 2361 3333 ejus]

614 3345 769 3380 omneS,
790 3334 853 3374 ed.
873 3347 935 3386 pr.
1100 3331 1116 3355 ¹
1144 3332 1222 3372 ista
1241 3331 1540 3394 aequivocavit]
1561 3333 1842 3385 aequivocant,
1858 3333 1905 3373 B.
1909 3334 1982 3380 C.;
2012 3334 2090 3374 ista
2108 3333 2361 3386 aequivocat,

614 3386 676 3425 ed.
697 3400 757 3439 pr.
924 3386 1033 3439 ⁵ut]
1055 3387 1178 3438 quod,
1201 3386 1263 3426 ed.
1284 3399 1345 3439 pr.
1364 3400 1373 3431 ;
1403 3387 1561 3426 utinam
1580 3387 1870 3434 mendicarent,
1893 3388 1948 3427 D.
2102 3387 2119 3411 ⁶
2146 3387 2359 3440 fratribus]

615 3453 695 3478 om.
717 3441 778 3481 ed.
798 3454 859 3492 pr.
1051 3440 1066 3463 ⁷
1094 3440 1414 3493 denominativa]
1432 3441 1697 3487 dominativa,
1718 3442 1770 3480 A.
1794 3442 1949 3494 primae
1967 3455 2125 3488 manus,
2145 3441 2193 3481 B.
2213 3441 2276 3482 ed.
2282 3454 2361 3504 pr.

613 3491 628 3514 ⁸
656 3495 921 3548 mendaciter]
944 3508 1026 3535 om.
1047 3495 1098 3534 A.
1104 3495 1149 3534 B.
1154 3496 1202 3535 C.
1380 3495 1395 3518 ⁹
1423 3495 1603 3547 medico]
1624 3495 1825 3543 mendico,
1847 3496 1896 3537 C.
2079 3496 2111 3521 ¹⁰
2137 3495 2234 3549 usu]
2254 3495 2356 3545 visu,

614 3546 667 3586 D.
688 3548 749 3587 ed.
770 3561 830 3599 pr.
994 3549 1024 3573 ¹¹
1053 3548 1270 3601 mendicis]
1286 3548 1474 3595 mendici,
1494 3549 1558 3590 ed.
1578 3563 1639 3602 pr.
