2436 4094
289 1780 449 1809 Sententia
456 1780 515 1809 ista

287 1815 474 1844 defenditur.

1059 406 1224 470 JoA
1248 405 1484 455 NNJS
1531 406 1890 456 WJCLJF
2233 426 2355 456 unx.
2423 410 2434 425 ²

2420 367 2436 418 fii

2415 445 2436 500 ’.ἲ

610 549 778 589 contra
810 539 988 588 datum.
1059 538 1178 586 Non
1210 540 1342 586 enim
1374 547 1447 587 est
1479 540 1650 588 melius
1675 540 1853 603 aliquid
1877 556 1983 589 esse
2008 540 2184 599 Deum,
2210 555 2359 603 quam

609 622 702 670 est¹
739 620 916 683 aliquid
950 636 1055 668 esse
1098 620 1374 678 chimeram,
1412 622 1525 684 quia
1565 637 1668 669 non
1704 631 1776 670 est
1812 623 1998 669 bonum
2038 622 2218 685 aliquid
2251 622 2358 670 esse
2395 615 2398 617 Α

610 703 884 759 chimeram,
919 716 1036 763 ergo
1073 701 1246 749 falsum
1282 700 1404 749 foret
1438 710 1567 760 tunc,
1603 703 1737 765 quod
1772 703 1908 751 Deus
1943 711 2015 751 est
2050 703 2209 751 solum
2242 702 2359 751 illud
2430 710 2436 754 ἶ·

607 784 740 845 quod
776 791 846 830 est
881 782 1050 829 melius
1086 798 1191 830 esse
1228 797 1377 844 quam
1413 798 1516 831 non
1551 799 1672 832 esse.
1745 784 1981 843 Similiter,
2019 785 2058 832 si
2093 783 2229 833 Deus
2260 784 2358 833 est²
2398 846 2412 858 „

605 881 729 912 omne
752 863 866 911 illud
897 871 944 911 et
967 864 1111 910 solum
1137 863 1252 911 illud
1287 865 1421 926 quod
1456 866 1625 913 melius
1661 874 1732 914 est
1770 881 1876 914 esse
1913 881 2061 929 qua-m
2096 881 2199 914 non
2233 881 2355 926 esse,
2426 871 2430 875 ’

605 953 719 992 tunc
762 945 896 992 Deus
933 960 1036 991 non
1074 953 1146 992 est
1179 946 1359 1005 homo3
1420 962 1727 1010 consequens
1762 948 1976 1006 falsum³,
2009 963 2127 1012 ergo
2161 956 2353 998 antece-

605 1026 738 1084 dens,
765 1023 900 1089 quod
924 1043 953 1075 a
976 1026 1113 1074 Deo*
1136 1035 1207 1075 est
1233 1029 1628 1077 commendatum
1642 1046 1654 1089 3
1693 1045 1809 1077 nam
1833 1031 2002 1078 melius
2027 1038 2098 1078 est
2127 1030 2354 1079 deitatem
2428 1074 2436 1094 ἶ

605 1125 708 1157 non
742 1124 848 1157 esse
884 1109 1148 1168 hominem,
1175 1125 1322 1172 quam
1358 1112 1539 1173 ipsam⁵
1563 1127 1668 1160 esse
1705 1109 1981 1170 hominem,
1997 1128 2109 1160 cum
2143 1114 2355 1175 primum

605 1192 664 1238 sit
689 1191 906 1238 absolute
931 1192 1257 1239 necessarium
1281 1200 1329 1240 et
1364 1201 1627 1251 aeternum,
1654 1193 1740 1241 sed
1764 1194 2033 1242 secundum
2051 1194 2354 1258 simpliciter⁸
2427 1201 2436 1259 *J

604 1273 883 1335 temporale,
927 1287 1029 1319 non
1068 1273 1240 1320 melius
1282 1288 1431 1335 quam
1471 1283 1720 1337 assumpta
1759 1275 2048 1323 humanitas.
2134 1275 2212 1323 Ex
2254 1291 2353 1338 quo
2428 1267 2433 1287 ⁷

565 1347 567 1350 ⁸
603 1354 799 1413 videtur,
837 1354 971 1417 quod
1004 1354 1140 1402 Deus
1175 1369 1278 1402 non
1314 1355 1471 1402 solum
1508 1363 1580 1403 est
1613 1356 1727 1404 illud
1763 1356 1896 1419 quod
1935 1358 2106 1405 melius
2139 1365 2212 1406 est
2245 1372 2352 1406 esse
2427 1381 2434 1419 j

603 1452 751 1499 quam
776 1451 878 1484 non
901 1451 1021 1494 esse,
1048 1451 1161 1484 cum
1196 1436 1367 1484 melius
1403 1437 1462 1485 sit
1494 1437 1672 1499 aliquid
1711 1453 1812 1485 non
1847 1453 1952 1487 esse
1990 1438 2351 1497 humanitatem,

602 1534 751 1581 quam
784 1526 856 1566 est
887 1517 1064 1580 aliquid
1096 1533 1202 1566 esse
1235 1517 1598 1577 humanitatem,
1625 1535 1736 1567 cum
1760 1519 2007 1567 absolute⁷
2030 1521 2269 1583 optimum
2293 1521 2353 1569 sit

602 1600 827 1648 deitatem
851 1615 953 1646 non
976 1615 1082 1647 esse
1107 1599 1470 1658 humanitatem,
1497 1609 1544 1648 et
1567 1616 1755 1649 summe
1779 1602 2076 1664 impossibile
2100 1603 2173 1661 sit,
2199 1618 2352 1666 aeque
2407 1624 2409 1627 ·

602 1682 788 1729 bonum
812 1696 932 1738 esse,
958 1681 1093 1743 quod
1116 1681 1295 1744 aliquid
1320 1683 1379 1729 sit
1403 1682 1691 1730 humanitas.

668 1762 938 1810 Phrenesis.
998 1763 1080 1811 Tu
1116 1771 1424 1811 monstruose
1459 1764 1596 1811 addis
1632 1780 1776 1827 super
1809 1766 1955 1815 verba
1985 1773 2032 1813 et
2064 1766 2352 1814 sententiam

602 1846 794 1902 sororis,
838 1860 951 1892 cum
997 1845 1103 1907 ipsa
1150 1845 1310 1893 solum
1351 1845 1465 1893 dicit
1502 1846 1594 1904 hic,
1638 1846 1772 1908 quod
1814 1847 1951 1895 Deus
1997 1855 2070 1896 est
2117 1847 2352 1910 quidquid

601 1927 772 1973 melius
814 1935 885 1974 est
920 1942 1026 1973 esse
1068 1942 1215 1989 quam
1256 1942 1359 1974 non
1400 1943 1506 1975 esse
1522 1944 1534 1987 3
1577 1936 1624 1976 et
1659 1937 1711 1976 tu
1749 1929 2045 1991 superaddis,
2079 1930 2214 1992 quod
2253 1929 2350 1978 hoc

602 2009 661 2055 sit
696 2009 912 2055 absolute
948 2009 1287 2071 necessarium.
1357 2008 1473 2071 Ipsa
1507 2011 1652 2057 etiam
1688 2025 1790 2057 non
1826 2010 2030 2069 dicebat,
2057 2011 2191 2073 quod
2213 2010 2350 2059 Deus

600 2090 743 2136 solum
767 2097 839 2137 est
864 2089 1017 2148 illudss,
1043 2089 1177 2151 quod
1200 2098 1272 2138 est
1295 2090 1465 2138 melius
1489 2106 1594 2138 esse
1621 2107 1768 2154 quam
1798 2107 1900 2140 non
1923 2108 2044 2151 esse,
2071 2094 2192 2141 sicut
2215 2101 2348 2156 post·
2376 2090 2381 2123 ²

601 2171 802 2218 modum
838 2171 954 2220 false
992 2172 1148 2234 fingis.
1221 2171 1353 2220 Sicut
1387 2188 1504 2234 ergo
1529 2172 1665 2221 Deus
1702 2182 1774 2221 est
1809 2175 1994 2237 optima
2023 2190 2198 2233 rerum,
2224 2191 2348 2238 quae

599 2260 760 2314 potest
783 2269 902 2311 esse,
929 2254 997 2301 sic
1022 2262 1092 2301 est
1124 2254 1358 2316 quidquid
1389 2263 1460 2302 est
1484 2255 1652 2302 melius
1676 2271 1782 2304 esse
1807 2272 1954 2324 quam
1983 2272 2085 2305 non
2117 2272 2224 2305 esse
2238 2273 2252 2318 ;
2300 2265 2348 2306 et

598 2333 664 2380 ita
686 2333 829 2381 debet
862 2334 968 2392 dici,
995 2334 1128 2396 quod
1161 2336 1294 2397 prius
1328 2336 1619 2398 principium
1655 2338 1714 2384 sit
1749 2337 1967 2385 absolute
2004 2339 2346 2398 necessarium,
2379 2343 2382 2348 ’

599 2415 789 2473 scilicet,
825 2415 958 2477 quod
993 2415 1127 2463 Deus
1165 2424 1250 2475 est,
1284 2432 1383 2479 quo
1423 2418 1581 2479 majus
1624 2418 1849 2480 cogitari⁹
1885 2434 1989 2466 non
2025 2428 2212 2482 potest;
2250 2421 2346 2469 hoc
2380 2425 2386 2472 '.

598 2505 759 2543 autem
782 2498 1072 2559 principium
1104 2497 1216 2544 fidei
1247 2505 1321 2545 est
1355 2500 1696 2556 necessarium,
1731 2500 1853 2547 sicut
1877 2501 2249 2548 necessariumw
2272 2510 2354 2558 est,

596 2578 759 2626 Deum
783 2594 888 2626 esse
913 2579 1150 2640 optimam
1171 2594 1331 2627 rerum
1355 2581 1539 2628 mundi.
1610 2581 1708 2628 Iste
1741 2597 1860 2644 ergo
1895 2590 1968 2630 est
2001 2597 2171 2632 sensus
2203 2584 2346 2648 huJ‘us

595 2661 829 2722 principii,
866 2659 1002 2707 Deus
1042 2668 1114 2707 est
1155 2660 1391 2723 quidquid
1431 2662 1506 2710 vel
1543 2663 2012 2726 cujusmodicunque
2059 2665 2230 2714 melius
2271 2674 2344 2715 est

595 2740 805 2802 aliquam
850 2756 954 2788 rem
1001 2757 1123 2799 esse,
1172 2756 1321 2803 quam
1367 2742 1578 2804 aliquam
1624 2759 1727 2790 rem
1774 2758 1877 2791 non
1923 2759 2044 2802 esse,
2090 2745 2225 2807 quod
2271 2753 2345 2794 est

2415 2146 2436 2362 fflfflaefflrff
2416 2032 2436 2083 -σὲι-
2420 1951 2436 2020 ..⁴..
2408 1919 2436 1939 ξ,
2409 1891 2436 1906 Ϊι
2426 1865 2436 1878 2..
2424 1843 2436 1853 z·
2423 1798 2436 1823 ιμ
2423 1716 2436 1754 «υ
2430 1679 2436 1694 ,.
2422 1650 2430 1655 2
2407 1518 2436 1630 .ί’ἱ’«ἠ-,·ι.

592 2823 932 2871 necessarium.
1011 2822 1125 2871 Scio
1164 2831 1324 2871 autem
1366 2824 1498 2887 quod
1539 2826 1696 2873 nescis
1737 2827 1944 2888 probare
1986 2842 2154 2875 casum
2195 2842 2342 2889 quem
2401 2833 2436 2887 ,gt

591 2903 804 2965 ponis113
843 2905 969 2966 quia,
998 2920 1110 2952 cum
1142 2904 1277 2952 Deus
1313 2905 1430 2952 nihil
1464 2914 1623 2968 potest
1649 2907 1926 2964 annihilare,
1958 2916 2006 2955 et
2031 2923 2233 2971 semperx
2255 2909 2342 2957 fuit

591 2985 815 3044 mundus,
841 2984 1040 3034 necesse
1065 2994 1137 3034 est
1160 2986 1392 3034 fabricam
1416 2987 1629 3034 mundi12
1653 3003 1774 3035 esse.
1845 2988 1945 3035 Ista
1972 2996 2134 3036 autem
2157 3004 2339 3052 propo-

590 3069 713 3126 sitio,
748 3075 851 3115 anle
881 3070 1090 3130 primum
1138 3069 1319 3115 instans
1359 3070 1525 3116 mundi
1559 3070 1704 3116 solum
1745 3069 1876 3116 Deus
1905 3071 2030 3133 suit,
2068 3079 2140 3119 est
2175 3071 2337 3134 dispu-

589 3150 742 3198 tabilis
768 3151 899 3213 apud
923 3150 1128 3210 multos3
1170 3166 1281 3198 cum
1307 3158 1490 3198 certum
1514 3151 1586 3208 sit,
1613 3151 1747 3212 quod
1771 3166 1874 3198 non
1905 3153 2229 3214 temporaliter
2252 3153 2338 3201 fuit

641 3300 653 3323 ¹
683 3301 762 3351 est]
786 3314 868 3341 om.
890 3300 1044 3341 A.B.C.
1066 3301 1128 3340 ed.
1149 3313 1209 3353 pr.
1326 3300 1341 3323 ²
1369 3302 1449 3351 est]
1477 3300 1542 3346 sit,
1564 3301 1619 3341 D.
1742 3301 1758 3323 ³
1785 3301 1950 3354 falsum]
1973 3302 2235 3350 haereticum,
2253 3304 2333 3352 D.;

586 3353 732 3392 falsum
753 3361 792 3393 et
811 3355 1073 3400 haereticum,
1096 3355 1144 3395 C.
1167 3354 1229 3394 ed.
1250 3367 1311 3407 pr.
1404 3354 1419 3377 4
1446 3368 1471 3394 a
1491 3355 1587 3408 deo]
1607 3355 1723 3401 adeo,
1739 3356 1801 3396 ed.
1823 3369 1885 3408 pr.
1969 3357 1984 3379 ⁵
2012 3357 2163 3419 ipsam]
2185 3358 2333 3411 ipsum,

585 3408 646 3445 ed.
668 3421 727 3458 pr.
909 3408 926 3431 ⁶
954 3409 1210 3462 simpliciter]
1233 3422 1314 3448 om.
1336 3409 1391 3448 D.
1530 3410 1545 3432 ⁷
1573 3410 1776 3461 absolute]
1798 3410 2045 3457 absolutum,
2068 3412 2165 3451 ΒΕ.
2186 3413 2248 3452 ed.
2270 3426 2332 3465 pr.
2391 3422 2414 3446 7

585 3461 598 3482 ⁸
627 3461 743 3511 illud]
765 3462 884 3506 idem,
905 3463 967 3502 ed.
990 3476 1050 3515 pr.
1365 3464 1381 3487 ⁹
1410 3464 1599 3516 cogitari]
1623 3462 1857 3516 excogitari,
1879 3466 1980 3504 A.B.
2000 3479 2011 3513 ;
2039 3465 2184 3506 melius
2203 3467 2334 3519 majus

554 3541 561 3579 ¹
584 3515 887 3612 {pegii’tffingd'
910 3517 983 3620 prm
1012 3517 1299 3568 necessarium]
1321 3531 1400 3557 om.
1423 3519 1525 3558 A.B.
1612 3518 1640 3540 ¹¹
1670 3519 1806 3571 ponis]
1826 3519 1943 3570 petis,
1965 3519 2018 3558 D.
2111 3519 2142 3543 ¹²
2170 3520 2330 3595 mundi]
