2424 4120
358 436 468 490 434

284 564 378 591 Mend
382 563 498 591 icantes

282 597 498 626 describuntur

282 631 449 659 secundum

286 665 422 692 Lincolni
425 671 538 692 eeeeeee

1042 415 1466 480 sOANNIS
1537 415 1936 466 WICLIF.
2208 434 2342 464 cam.

599 567 837 609 sermone,
858 550 991 613 quod
1014 551 1119 598 talis
1146 551 1407 601 claustralis
1428 555 1439 576 ‘
1454 557 1521 598 est
1539 552 1738 599 cadaver
1761 556 2004 609 mortuum,
2029 549 2080 597 de
2100 547 2337 611 sepulchro

595 648 836 694 egressum,
865 633 1041 693 pannis
1061 632 1373 694 funeralibus
1410 634 1674 686 involutum,
1711 649 1742 679 a
1776 632 1951 680 diabolo
1985 632 2103 679 inter
2141 630 2341 677 homines

595 713 876 775 agnatum?
947 714 1010 761 Et
1051 714 1260 761 declarat
1298 729 1385 776 per
1423 715 1643 762 ordinem
1683 715 1798 762 istas
1839 721 2013 776 partes.
2081 711 2172 759 Est
2208 710 2339 758 enirn

597 799 607 818 ‘
623 795 819 841 cadaver
850 795 1108 852 mortuum,'
1135 797 1261 856 quia,
1288 810 1400 844 cum
1434 803 1561 842 caret
1595 796 1761 858 spiritu
1785 796 1926 853 vitae,
1950 795 2060 842 licet
2084 794 2143 842 sit
2166 806 2339 854 corpu-

593 876 763 932 lentus,
776 883 1028 923 esttamen
1043 884 1260 924 mortuus
1277 877 1440 938 quoad
1448 876 1624 924 Deum.
1673 876 1796 924 Ideo
1813 892 1926 925 cum
1941 875 2143 924 cadaver
2158 875 2219 924 sit
2233 888 2339 922 cor-

592 972 684 1019 pus
709 958 840 1019 prius
866 957 1152 1005 vivificatum
1177 966 1223 1005 et
1247 958 1562 1020 postmodum
1588 972 1757 1005 carens
1781 958 1892 1015 vita,
1911 964 2056 1020 patet,
2076 956 2212 1019 quod
2234 955 2340 1003 talis

595 1039 654 1085 sit
690 1038 907 1086 cadaver.
979 1037 1042 1085 Et
1078 1054 1192 1086 cum
1224 1054 1311 1101 per
1342 1037 1546 1101 gratiam
1578 1038 1848 1087 inhabitans
1871 1039 2077 1086 vivificat
2113 1038 2340 1095 animam,

594 1120 717 1167 sicut
740 1120 850 1181 ipsa
877 1119 1039 1167 anima
1064 1121 1339 1168 naturaliter
1363 1121 1567 1168 vivificat
1596 1136 1788 1183 corpus,
1820 1128 1965 1183 patet,
1991 1119 2126 1182 quod
2156 1119 2343 1167 ratione

593 1201 783 1248 animae
809 1209 1026 1248 mortuae
1051 1217 1160 1248 vere
1186 1201 1355 1249 dicitur
1379 1215 1555 1263 corpus
1579 1210 1851 1261 mortuum3
1890 1217 2003 1249 cum
2025 1201 2157 1248 enim
2180 1197 2344 1249 anima

593 1282 652 1330 sit
670 1282 944 1344 principalis
964 1298 1075 1344 pars
1095 1283 1319 1340 hominis,
1339 1284 1439 1330 imo
1465 1291 1566 1330 tota
1585 1298 1671 1330 sua
1694 1283 2024 1345 personalitas,
2042 1289 2186 1344 patet,
2206 1281 2342 1344 quod

592 1364 776 1411 ratione
797 1364 987 1425 spiritus
1007 1365 1074 1411 sic
1093 1365 1270 1412 mortui
1289 1365 1453 1427 quoad
1470 1364 1631 1412 Deum
1651 1364 1822 1412 dicitur
1840 1364 1944 1412 talis
1962 1364 2115 1412 homo
2133 1378 2244 1416 vere
2262 1377 2343 1410 ca-

595 1446 739 1492 daver
762 1453 1020 1493 mortuum.
1080 1445 1226 1493 Unde
1246 1445 1463 1493 Christus
1489 1448 1555 1494 sic
1575 1446 1820 1493 Matthaei
1836 1453 2008 1493 octavo
2027 1445 2166 1493 dicit:
2204 1447 2217 1468 ‘
2232 1458 2341 1506 per-

596 1527 731 1573 mitte
757 1533 973 1574 mortuos
1000 1527 1202 1589 sepelire
1225 1535 1445 1575 mortuos
1470 1528 1614 1584 suos,'
1634 1535 1682 1574 et
1705 1534 1924 1574 mortuos
1941 1540 2122 1574 vocans
2145 1525 2344 1572 indubie

593 1597 871 1655 naturaliter
897 1609 1120 1666 viventes,
1154 1609 1236 1670 qui
1272 1617 1434 1656 carent
1465 1609 1617 1670 gratia
1649 1608 1866 1670 prolifica
1896 1607 2060 1669 quoad
2090 1605 2344 1654 ecclesiam

591 1689 889 1737 militantem.
961 1690 1034 1736 Illi
1060 1689 1216 1737 enim²
1240 1689 1417 1737 debent
1442 1690 1670 1751 occupari
1695 1690 1822 1736 circa
1845 1689 2034 1736 labores
2065 1686 2344 1750 hujusmodi

593 1771 883 1832 corporales,
916 1786 1027 1818 cum
1062 1771 1198 1819 Deus
1235 1772 1297 1819 ad
1331 1772 1448 1820 tales
1484 1771 1792 1833 operationes
1828 1785 1914 1818 eos
1949 1770 2131 1827 limitat,
2166 1776 2220 1816 ut
2253 1768 2345 1816 sibi

593 1852 798 1899 serviant
832 1851 976 1899 velint
1012 1853 1179 1900 nolint.
1250 1853 1312 1900 Et
1349 1853 1429 1900 illo
1470 1853 1622 1900 modo
1664 1852 1875 1914 loquitur
1910 1852 2155 1914 apostolus
2190 1850 2346 1914 prima

595 1931 683 1980 ad³
718 1933 932 1980 Timoth.
972 1949 1043 1980 v.:
1099 1935 1296 1992 ‘vidua,’
1333 1935 1499 1996 inquit,
1546 1939 1556 1958 ⁶
1574 1949 1697 1996 quae
1739 1934 1790 1980 in
1832 1933 2012 1981 deliciis
2052 1933 2215 1980 vivens
2255 1939 2344 1990 est,

594 2022 784 2061 mortua
825 2011 951 2061 est4.'
1035 2015 1111 2062 Ex
1153 2016 1244 2062 ista
1286 2015 1445 2062 subtili
1486 2015 1646 2076 logica
1688 2014 1948 2076 scripturae
1983 2024 2032 2062 et
2066 2013 2345 2076 infringibili

595 2094 758 2157 quoad
776 2095 961 2157 logicos
985 2103 1117 2157 patet
1134 2111 1289 2158 genus
1313 2096 1477 2158 quoad
1500 2096 1656 2157 ipsam
1674 2095 1957 2157 particulam
1973 2095 2118 2143 trium
2134 2095 2344 2157 partium

596 2174 906 2232 differentiae,
934 2190 1030 2237 qua
1062 2176 1246 2234 dicitur,
1281 2175 1413 2237 quod
1445 2183 1517 2223 est
1541 2180 1551 2199 ‘
1568 2177 1618 2222 de
1645 2175 1880 2236 sepulchro
1910 2174 2167 2237 egressum!
2238 2174 2345 2224 No-

594 2256 798 2303 tandum
846 2264 932 2313 est,
976 2257 1109 2318 quod
1151 2257 1420 2304 secundum
1463 2257 1734 2303 subtiliores
1775 2257 2004 2304 ordinum
2049 2258 2344 2319 privatorum

594 2337 699 2384 talis
725 2338 985 2384 claustralis
1010 2345 1243 2400 tanquam
1267 2338 1478 2385 mundo⁵
1502 2345 1719 2384 mortuus
1743 2337 1794 2383 in
1829 2337 2086 2399 sepulchro
2119 2345 2344 2400 quattuor

595 2418 830 2479 parietum
864 2419 1101 2479 sepelitur,
1132 2434 1218 2480 per
1253 2434 1377 2480 quos
1410 2426 1634 2480 quattuor
1666 2419 1872 2479 parietes
1906 2418 2176 2481 designant,
2210 2419 2345 2481 quod

596 2499 864 2546 secundum
902 2507 1127 2561 quattuor
1164 2499 1315 2547 dictas
1353 2499 1668 2547 differentias⁶
1703 2494 1915 2547 mundus
1949 2501 2010 2547 ab
2046 2500 2154 2563 ipso
2189 2500 2344 2548 seclu-

596 2579 732 2626 ditur.
803 2580 894 2627 Per
918 2580 1012 2628 hoc
1038 2581 1226 2628 autem⁷
1250 2581 1384 2643 quod
1409 2581 1667 2628 claustrum
1691 2596 1855 2628 versus
1888 2581 2079 2629 coelum
2110 2590 2343 2644 tanquam

595 2662 684 2708 sub
714 2660 849 2708 divo⁸
881 2662 1100 2724 patulum
1130 2663 1351 2724 aperitur,
1385 2662 1675 2724 designatur,
1709 2662 1842 2724 quod
1878 2662 2036 2710 solum
2070 2663 2262 2710 coelum
2292 2667 2344 2711 'et

595 2742 822 2790 coelestia
856 2750 1022 2805 petant
1057 2744 1210 2791 oculis
1244 2744 1419 2791 mentis
1456 2759 1582 2791 suae.
1656 2744 1716 2791 In
1751 2743 1914 2791 medio
1951 2751 2113 2792 autem
2152 2743 2345 2792 claustri

593 2832 826 2886 tanquam
854 2823 905 2870 in
936 2824 1099 2871 medio
1131 2825 1341 2886 paradisi
1372 2825 1557 2887 lignum
1589 2826 1797 2887 erigitur,
1829 2832 1917 2888 per
1948 2820 2095 2888 quod'
2113 2840 2342 2881 ascensus

595 2905 915 2966 quotidianus,
940 2920 1027 2967 per
1050 2920 1197 2967 quem
1222 2906 1413 2954 coelum
1436 2907 1625 2968 rapiant
1658 2907 1947 2969 designatur.
2018 2906 2148 2955 Aves
2179 2915 2342 2964 autem

595 3000 719 3047 quae
755 2982 985 3033 claustra⁹
1007 2986 1238 3044 incolunt,
1271 2987 1463 3048 signant
1491 2987 1703 3034 volatum
1736 2987 2005 3035 secundum
2041 2988 2189 3036 vitam
2223 2983 2343 3046 conss
2420 3038 2424 3039 ⁷

594 3065 923 3128 templativam
940 3082 1105 3115 versus
1130 3067 1370 3115 coelestia.
1431 3067 1494 3116 Et
1512 3069 1637 3115 viror
1660 3068 1796 3115 fundi
1821 3068 2054 3117 claustri¹⁰
2078 3069 2236 3132 signat
2252 3070 2343 3117 vir-

594 3155 750 3195 tutum
773 3149 1037 3196 virentiam.
1108 3147 1259 3208 Quod
1283 3149 1322 3197 si
1346 3150 1437 3197 ista
1462 3150 1599 3211 signa
1624 3149 2054 3212 correspondentia
2074 3150 2342 3206 virtutum1¹

650 3289 664 3313 ¹
696 3289 748 3329 cf.
778 3289 905 3330 Trial.
924 3289 1000 3330 IV.
1023 3288 1086 3329 26.
1308 3290 1325 3313 ²
1352 3290 1480 3343 enim]
1501 3303 1613 3342 ergo,
1633 3290 1682 3332 C.
1821 3311 1827 3316 ·
1900 3290 1917 3314 ⁸
1944 3291 2077 3344 prima
2092 3291 2167 3345 ad]
2187 3304 2271 3332 om.
2291 3293 2341 3333 C.
2373 3342 2377 3345 ⁷

594 3342 609 3365 4
637 3343 720 3396 est]
741 3357 822 3383 om.
843 3345 896 3384 A.
1113 3343 1129 3367 ⁵
1155 3343 1329 3396 mundo]
1350 3345 1489 3391 modo,
1508 3346 1643 3386 a.b.C.
1880 3344 1898 3369 ⁸
1924 3346 2055 3387 dictas
2073 3345 2318 3387 differentias

596 3396 741 3444 dictos,
761 3411 823 3444 a.;
853 3396 1113 3443 differentias,
1135 3398 1261 3444 A.C.;
1295 3399 1439 3445 dictas,
1459 3399 1500 3439 b.
1520 3399 1675 3451 primae
1693 3412 1851 3440 manus.
2135 3399 2151 3423 '¹
2178 3405 2317 3440 autem

595 3451 717 3497 enim,
736 3452 786 3492 C.
976 3451 993 3475 ⁸
1021 3453 1097 3492 sub
1112 3451 1227 3504 divo]
1248 3453 1428 3501 subdius,
1447 3454 1582 3494 a.b.C.
1773 3454 1789 3477 ⁰
1817 3453 2014 3506 claustra]
2034 3453 2267 3500 claustrum,
2287 3454 2339 3494 C.

596 3505 626 3528 ¹⁰
653 3505 767 3544 fundi
787 3504 966 3559 claustri]
986 3505 1151 3546 claustri
1170 3506 1298 3554 fundi,
1319 3508 1367 3548 C.
1686 3508 1715 3533 ¹¹
1744 3508 2102 3561 correspondentia
2119 3507 2335 3560 xdrtutum]

596 3558 790 3599 virtutum
809 3560 1181 3612 correspondentia,
1204 3561 1253 3601 C.
2275 3585 2279 3588 ·
