2436 4094
0 2900 34 2923 „I
0 2544 34 2894 &vanamne
8 2529 12 2536 v
0 2458 34 2518 ,gy-⁵32⁰

0 2311 30 2460 ἐμῷ-ἤ*
0 2204 15 2290 '''·‘²''
0 2164 26 2185 'f
4 2126 19 2143 3*
13 1953 24 1965 s
0 1762 27 1927 ’ῑ““;“ῑ,,,,’,.-Α-“’-,·
13 1583 27 1622 ,1.
10 1552 14 1554 ·
0 1492 22 1506 ’ἶ
7 1371 25 1462 -,·,.,,.
23 1351 26 1354 ,
5 1152 20 1171 .·
19 1022 23 1023 ,
8 994 10 999 ἡ
23 908 26 912 ⁴,

30 2380 34 2386 Α,
26 2295 45 2347 1⁸.-
21 2130 43 2267 ·?·'d⁷„*..-.
32 2091 33 2094 „
26 2045 31 2050 .
41 2013 44 2019 —
34 1929 38 1932 A
29 1806 50 1883 .‘'.1·²’
35 1756 38 1759 ,
26 1536 42 1615 ,·«
34 1495 35 1498 „
35 1455 38 1458 ,
25 1354 48 1420 τμη..
22 1252 54 1290 ῑῗῗ
40 1219 45 1223 Δ
27 1117 47 1170 ζῇ
31 1054 44 1084 ,³
30 968 49 1013 ’,ἑ-ι
26 918 46 937 ‚j-

718 326 1479 378 PROLEGOMENA.
2031 339 2059 394 7

36 499 90 528 z
140 463 262 510 oum.
293 474 347 509 re
387 461 584 524 egregie
625 470 866 512 consonat
912 463 1069 513 forma
1115 463 1362 527 colloquii,
1403 462 1586 527 quippe
1628 477 1754 526 quae
1795 463 2061 527 simplicior

138 547 203 604 ait
243 562 394 612 quam
439 549 658 613 Trialogi
705 551 873 600 forma.
970 552 1064 601 Rei
1110 553 1243 601 enim
1288 559 1460 602 natura
1510 551 1738 616 postulat,
1784 551 2059 616 planiorem

20 642 79 705 ⁵3ss
138 643 189 687 et
222 636 575 700 simpliciorem
621 638 851 703 colloquii
897 641 1138 690 rationem
1193 641 1341 704 priori
1394 641 1557 705 potius
1604 655 1755 705 quam
1800 642 2060 705 posteriori

137 733 358 790 tempore
392 727 718 790 excogitatam
754 736 898 791 atque
934 729 1161 778 usitatam
1197 745 1318 779 esse.
1390 730 1542 794 Igitur
1574 745 1687 780 cum
1719 731 1771 779 in
1795 730 2056 794 ‘Dialogo'

19 800 26 838 ἶ
39 803 77 869 ,⁹
136 814 254 863 &aas
292 829 544 877 personas,
581 814 848 877 Veritatem
887 825 935 865 et
977 817 1307 878 Mendacium,
1353 819 1688 882 colloquentes
1726 818 1933 878 fecisset,
1971 819 2057 868 ali-

135 909 258 967 quot
297 903 438 953 annis
478 911 594 967 post
634 913 804 953 auctor
842 905 894 953 in
937 910 949 931 ‘
966 906 1224 970 Trialogo'
1266 914 1359 955 tres
1400 923 1638 970 personas
1675 907 1801 957 inter
1839 923 1893 958 se
1934 923 2054 958 con-

134 989 406 1040 fabulantes
440 992 644 1052 induxit,
681 993 864 1042 scilicet
896 993 1143 1053 Animam,
1180 994 1422 1044 Pseustim
1457 1004 1505 1045 et
1539 996 1824 1045 phronesin.

133 1098 146 1128 ς
170 1121 177 1125 »
202 1082 317 1132 Hae
338 1098 579 1147 personae
598 1085 853 1148 quomodo
874 1085 999 1133 inter
1022 1100 1075 1134 se
1101 1086 1469 1149 distinguantur,
1491 1088 1761 1136 secundum
1787 1087 2055 1136 editionem

132 1171 405 1237 principem
449 1171 640 1221 difficile
687 1180 762 1221 est
806 1172 1066 1234 intellectu.
1137 1173 1353 1222 Pseustzls·
1394 1175 1594 1238 quidem
1634 1175 1830 1235 (omnes
1871 1175 2056 1224 scilicet

132 1260 241 1310 libri
285 1275 480 1324 semper
527 1268 575 1310 et
617 1260 722 1309 sine
769 1261 867 1309 ulla
914 1261 1203 1325 exceptione
1243 1262 1424 1311 habent
1463 1263 1676 1311 Pseustis
1713 1264 1742 1313 i.
1758 1279 1800 1313 e.
1840 1264 2055 1325 ψεύστης,

58 1361 64 1398 ;
132 1363 239 1399 non
283 1349 499 1409 Pseudis,
541 1365 656 1399 cum
702 1350 1033 1413 editionibus),
1076 1352 1175 1400 sive
1222 1359 1276 1400 ut
1322 1367 1436 1401 curn
1482 1353 1691 1402 auctoris
1730 1353 1942 1418 prologo
1982 1354 2054 1404 lo·

42 1434 60 1470 ³³
131 1453 353 1503 quamur,
390 1438 598 1488 infidelis
638 1439 899 1503 captiosuS,
939 1440 1222 1504 perspicuas
1259 1441 1359 1504 agit
1401 1449 1563 1505 partes
1600 1442 1831 1505 negando
1869 1451 1918 1492 et
1955 1443 2054 1492 dis·

131 1526 352 1591 putando
387 1535 558 1576 contra
591 1529 855 1577 veritatem.
927 1528 1028 1578 Sed
1065 1529 1182 1592 quid
1227 1530 1423 1594 proprie
1459 1529 1751 1579 discriminis
1784 1530 2054 1582 intercedat

37 1623 55 1649 ··
130 1613 367 1667 alithiam
403 1615 529 1665 inter
565 1624 614 1666 et
650 1616 932 1676 Phronesz'n,
972 1618 1012 1666 si
1054 1617 1134 1666 illa
1173 1632 1264 1681 pro
1304 1622 1316 1643 ‘
1333 1617 1491 1666 solido
1529 1618 1785 1681 theologo'
1824 1619 2054 1668 habenda

129 1703 205 1763 sit,
252 1703 374 1753 haec
418 1719 511 1768 pro
557 1707 571 1732 ‘
588 1705 746 1754 subtili
794 1705 1027 1769 theologo
1067 1714 1115 1755 et
1133 1755 1137 1760 ,
1155 1705 1377 1764 maturo,'
1417 1707 1497 1753 vix
1544 1707 1825 1769 conjectura
1861 1707 2053 1756 efficere

49 1807 54 1811 ·
129 1792 304 1856 posSiS.
372 1792 560 1842 Verum
591 1793 712 1843 haec
745 1793 999 1844 difficultas
1030 1793 1170 1843 facile
1205 1794 1404 1843 solvitur
1435 1793 1686 1843 redeundo
1719 1795 1783 1844 ad
1818 1794 2052 1843 librorum

129 1895 280 1930 manu
315 1882 607 1946 scriptorum
643 1883 991 1932 auctoritatem.
1061 1881 1205 1931 Unus
1241 1882 1376 1932 enirn
1411 1883 1545 1942 liber,
1570 1883 1709 1947 isque
1744 1898 1846 1932 non
1879 1883 2052 1934 ultimo

44 1967 51 1985 ²
127 1971 241 2022 ioco
274 1972 544 2032 habendus,
578 1972 659 2031 D„
683 1972 805 2022 haec
840 1972 1038 2021 exhibet
1072 1973 1247 2021 verba:
1287 1975 1300 1998 ‘
1316 1972 1593 2036 Trialogus,
1628 1973 1713 2021 ubi
1749 1973 1909 2037 primo
1945 1981 2052 2022 tan-

126 2071 279 2127 quam
323 2062 506 2112 Alithia
552 2062 736 2112 solidus
772 2063 1075 2126 philosophus
1120 2061 1427 2126 loqueretur.'
1512 2063 1577 2111 Et
1624 2078 1737 2111 cum
1783 2063 1876 2112 isto
1924 2061 2050 2120 facit,

127 2153 214 2217 qui
258 2152 436 2202 librum
483 2151 540 2202 C.
581 2153 825 2205 recensuit
872 2161 1016 2216 atque
1058 2152 1297 2213 correxit;
1355 2152 1436 2202 hic
1482 2154 1630 2212 enim,
1678 2164 1792 2201 cum
1831 2153 1883 2200 in
1919 2153 2052 2201 -libro

127 2241 362 2305 scriptum
396 2248 550 2290 esset:
587 2244 600 2266 ‘
618 2241 801 2289 solidus
836 2239 1092 2304 theologus,'
1123 2241 1324 2289 verbum
1358 2241 1598 2303 posterius
1631 2240 1831 2290 mutavit
1866 2248 1914 2288 et
1949 2241 2053 2304 ejus

126 2328 239 2379 loco
274 2329 439 2393 posuit
463 2333 476 2355 ‘
479 2329 808 2392 philosophus!
879 2329 986 2377 Etsi
1022 2329 1121 2378 duo
1156 2329 1328 2393 reliqui
1361 2328 1482 2387 libri,
1506 2327 1567 2377 A.
1594 2337 1642 2378 et
1665 2328 1720 2377 B.
1748 2344 1861 2377 cum
1895 2329 2054 2392 prima

126 2433 278 2468 manu
312 2418 496 2468 codicis
532 2417 589 2467 C.
621 2418 860 2467 habeant:
904 2422 916 2444 ‘
932 2417 1222 2481 theologus,'
1259 2426 1428 2467 tamen
1462 2417 1570 2467 illos
1604 2418 1870 2482 genuinam
1906 2425 2051 2481 atque

126 2521 291 2556 veram
327 2507 536 2556 auctoris
573 2507 724 2570 ipsius
766 2506 1082 2570 scriptionem
1119 2507 1285 2555 testari
1322 2522 1426 2555 non
1464 2514 1538 2556 est
1576 2506 1712 2570 quod
1754 2506 2049 2555 dubitemus.

128 2594 242 2646 Hac
279 2596 412 2646 enim
450 2596 636 2644 ratione
652 2610 912 2659 (personae
949 2597 1000 2644 in
1037 2595 1275 2660 Trialogo
1313 2596 1438 2645 inter
1478 2612 1531 2645 se
1569 2595 1902 2658 colloquentes
1940 2609 2050 2657 per-

126 2685 295 2748 spicue
348 2692 398 2734 et
452 2683 732 2748 simpliciter
788 2684 1163 2747 distinguuntur.
1258 2683 1424 2733 Primo
1483 2683 1667 2733 solidus
1726 2682 2049 2746 philosophus

124 2773 350 2838 loquitur,
399 2773 577 2823 deinde
622 2773 830 2822 infidelis
882 2773 1099 2836 captiose
1146 2772 1328 2837 objicit,
1375 2780 1628 2836 postremo
1675 2770 1861 2820 subtilis
1906 2771 2048 2820 theo-

125 2861 270 2928 logus
305 2863 689 2913 controversiam
725 2862 969 2926 dijudicat.
1274 2849 1281 2852 ”

125 2961 143 2989 ’κ
193 2951 424 3003 Ceterum
441 2950 588 3003 *hunc
621 2953 871 3016 dialogum
900 2952 1049 3016 longe
1081 2953 1255 3001 abesse
1289 2966 1319 2999 a
1340 2949 1703 2999 Platonicorum
1737 2949 2046 3015 dialogorum

125 3042 328 3115 ratione,
368 3042 447 3091 vix
488 3051 564 3092 est
603 3043 739 3106 quod
778 3057 1086 3091 moneamus.
1155 3039 1376 3088 Nomina
1412 3040 1543 3088 enim
1584 3039 1690 3103 ipsa
1730 3052 2050 3102 personarum

0 3135 22 3159 ὲ
55 3182 67 3201 Α
125 3121 349 3192 innuunt,
390 3147 494 3181 non
541 3132 676 3181 vivos
722 3131 963 3190 homineS,
1003 3129 1233 3194 peculiari
1285 3128 1526 3178 sentiendi
1573 3126 1850 3192 agendique
1895 3122 2049 3175 modo

91 3211 106 3218 ”
127 3234 292 3270 revera
315 3220 568 3270 distinctos
600 3219 690 3269 sibi
723 3219 948 3282 colloqui,
974 3219 1061 3268 sed
1093 3228 1343 3269 auctorem
1376 3233 1406 3267 a
1433 3218 1579 3266 rebus
1610 3216 1726 3280 ipsis
1757 3215 2049 3264 abstraxisse

127 3310 347 3361 animum
378 3318 426 3359 et
455 3311 653 3360 virtutes
689 3317 771 3358 aut
804 3309 917 3357 vitia
951 3308 1192 3371 quaedam
1228 3320 1549 3373 personarum
1584 3304 1749 3369 specie
1782 3302 1929 3369 quasi,
1957 3302 2048 3351 cir-

126 3398 452 3458 cumdedisse,
483 3398 586 3447 hoc
609 3397 769 3446 solum
800 3398 1155 3456 observantem,
1180 3404 1233 3445 ut
1264 3395 1495 3444 Alithiam
1526 3392 1751 3453 feminae,
1775 3390 2047 3441 Phron‘esin

4 3450 44 3530 ᾖ.
128 3495 178 3536 et
230 3487 473 3537 Pseustim
519 3487 732 3536 virorum
787 3485 899 3534 loco
951 3485 1164 3533 haberet.
1264 3483 1493 3547 Namque
1541 3481 1723 3532 Alithia
1773 3479 2047 3530 Phronesin

26 3564 38 3637 ³,
130 3579 144 3603 ‘
161 3575 377 3628 fratrem'
402 3576 645 3641 appellare
684 3575 821 3635 solet,
847 3574 1111 3625 Phronesis
1134 3573 1365 3624 Alithiam
1402 3572 1670 3623 identidem
1693 3579 1747 3621 ut
1771 3575 1782 3597 ‘
1799 3567 2040 3622 sororem'
