2436 4094
337 435 438 485 160

1004 421 1429 486 JOANNIS
1487 423 1844 473 WICLIF'
2158 446 2320 478 mam.

565 555 728 604 circuit
754 570 898 618 saepe
932 555 1133 604 credens
1167 571 1219 604 se
1253 556 1515 619 intelligere
1540 557 1674 620 quod
1705 573 1807 606 non
1840 559 2071 622 intelligit,
2095 569 2143 610 et
2159 563 2319 613 ‘multa

565 653 616 684 se
640 652 786 699 posse
821 637 992 696 facere,
1018 653 1141 700 quae
1178 637 1238 685 de
1275 638 1404 686 facto
1437 654 1539 686 non
1575 639 1797 701 concipit.
1871 640 2160 691 Studeamus
2195 658 2317 706 ergo

563 719 783 766 veritates
825 734 950 780 quae
993 727 1117 778 sunt,
1156 728 1202 767 et
1240 719 1469 784 falsitates
1507 720 1826 782 procedentes
1869 721 1929 769 de
1970 722 2318 785 imaginatione

565 800 932 861 impossibilium
951 801 1268 848 omittamus¹.
1329 801 1449 848 Ideo
1468 802 1748 849 excusando
1767 803 1999 851 vanitates
2019 805 2318 854 contenden-

562 880 707 930 tium²
731 884 781 930 in
804 884 894 932 ista
917 885 1118 932 materia
1143 900 1287 947 saepe
1313 884 1424 942 dixi,
1452 884 1586 946 quod
1609 892 1805 945 paratus
1832 900 1938 932 sum
1961 885 2078 933 illud
2107 888 2243 949 quod
2265 896 2318 952 tu

564 965 706 1026 ponis
735 966 965 1027 possibile
998 965 1264 1023 admittere,
1289 966 1448 1023 docto,
1475 964 1609 1027 quod
1641 965 1756 1013 illud
1791 966 1851 1013 sit
1885 968 2129 1028 possibile.
2198 968 2317 1017 Non

563 1047 695 1092 enim
731 1054 917 1094 tantum
953 1046 1148 1094 confido
1185 1047 1245 1095 de
1281 1056 1362 1094 tua
1399 1047 1613 1104 scientia,
1640 1046 1787 1108 quod,
1815 1048 1853 1094 si
1889 1049 2060 1096 asseris
2089 1049 2183 1098 hoc
2208 1065 2318 1098 esse

563 1127 790 1188 possibile
829 1143 946 1189 ergo
987 1143 1167 1186 verum,
1206 1144 1317 1175 cum
1357 1128 1600 1184 concedis,
1638 1128 1747 1175 licet
1790 1127 1922 1187 false,
1966 1129 2099 1191 quod
2139 1129 2316 1180 multos

562 1208 785 1256 homines
809 1209 1044 1271 intelligis,
1071 1224 1193 1271 quos
1218 1209 1352 1257 Deus
1378 1223 1478 1255 non
1504 1216 1664 1270 potest
1687 1209 1970 1270 producere,
1989 1218 2042 1257 ut
2065 1210 2316 1261 hominem

561 1290 801 1337 infinitum
825 1306 1072 1352 magnum,
1098 1290 1350 1338 hominem
1375 1290 1615 1337 infinitum
1640 1290 1891 1337 meliorem
1917 1289 2126 1350 Chrlsto,
2153 1300 2200 1340 et
2224 1293 2316 1341 ho-

562 1372 744 1418 minem
770 1372 857 1419 sibi
882 1372 975 1419 Dei
994 1372 1261 1434 potentiam
1288 1379 1654 1434 coaequantem.

629 1452 789 1500 Placet
827 1460 988 1501 autem
1029 1454 1159 1511 mihi,
1198 1453 1332 1515 quod
1374 1453 1436 1500 ad
1472 1451 1802 1499 tractandum³
1836 1451 1888 1499 de
1923 1459 2083 1514 septem
2113 1456 2315 1515 peccatis·

562 1535 832 1594 capitalibus
864 1535 1202 1596 procedamus.
1272 1533 1335 1581 Et
1371 1534 1411 1581 si
1447 1534 1644 1580 iterum4
1679 1533 1940 1580 occurrerit
1975 1543 2316 1596 argumentum

562 1616 699 1662 vivax
724 1624 893 1663 contra
912 1617 1054 1664 istam
1079 1617 1381 1671 sententiam,
1403 1614 1535 1676 quod
1554 1629 1656 1660 non
1682 1614 1843 1671 credo,
1863 1614 2021 1675 ipsum
2042 1615 2316 1678 diligentius

562 1706 847 1759 repetamus.
919 1697 1122 1745 Videtur
1155 1696 1342 1745 autem⁵
1367 1696 1500 1758 quod
1526 1710 1756 1742 numerus
1791 1702 1976 1756 septem
1999 1704 2311 1758 peccatorum

564 1778 837 1839 capitalium
862 1779 911 1825 in
937 1779 1030 1825 fide
1057 1779 1318 1840 scripturae
1342 1777 1531 1824 fundari
1564 1776 1738 1838 poterit
1763 1784 1810 1823 et
1842 1778 2092 1824 communi
2124 1779 2314 1840 experi-

563 1860 692 1906 entia
733 1875 878 1921 quam
921 1859 1172 1907 habemus.
1245 1858 1450 1906 Constat
1491 1858 1688 1920 quidem
1730 1856 1862 1919 quod
1897 1855 2137 1920 johannes
2184 1859 2312 1918 dicit,

563 1941 1011 2002 concupiscentiam
1036 1940 1302 1997 oculorum,
1323 1939 1768 2000 concupiscentiam
1787 1939 2014 1987 carniset
2039 1940 2313 2003 superbiam

561 2021 683 2069 vitae
716 2037 822 2068 esse
858 2023 1096 2083 originem
1132 2021 1407 2083 cujuslibet
1443 2020 1685 2081 sequentis
1718 2020 1943 2080 peccatiss.
2020 2020 2083 2067 Et
2106 2019 2313 2084 sacobus

560 2102 691 2149 idern
731 2102 844 2149 dicit
884 2103 1117 2163 ponendo
1158 2101 1291 2164 quod
1335 2101 1568 2163 sapientia
1605 2100 1747 2162 hujus
1788 2100 1958 2148 mundi
1999 2109 2072 2148 est
2107 2110 2310 2160 terrena,

561 2184 779 2231 animalis
804 2191 850 2230 et
875 2184 1154 2231 diabolica7.
1228 2182 1465 2244 Superbia
1485 2182 1647 2228 autem
1667 2182 1803 2238 vitae,
1825 2197 1949 2243 quae
1975 2182 2148 2230 dicitur
2172 2184 2311 2245 spiri·-

562 2264 688 2311 tuale
708 2273 962 2326 peccatum
987 2273 1033 2312 et
1060 2264 1365 2320 diabolicum,
1386 2263 1539 2324 gignit
1564 2278 1623 2309 ex
1644 2277 1694 2309 se
1715 2262 1835 2309 duas
1854 2262 2013 2321 filias⁸‚
2041 2264 2219 2312 scilicet
2236 2266 2310 2312 in-

559 2345 735 2392 vidiam
752 2354 895 2407 atque
910 2346 1044 2403 iram,
1063 2361 1172 2393 curn
1191 2346 1424 2406 superbus
1443 2344 1627 2390 ratione
1644 2343 1980 2405 singularitatis
1996 2359 2143 2407 quam
2159 2361 2309 2408 appe-

559 2426 625 2483 tit,
646 2425 822 2473 invidet
846 2426 1072 2483 inferiori,
1099 2441 1160 2473 ne
1186 2425 1307 2472 forte
1333 2425 1395 2471 ad
1428 2424 1763 2486 aequalitatem
1781 2427 1928 2472 ‘suam
1953 2426 2167 2487 attingat,
2188 2427 2310 2474 invi-

559 2506 639 2553 det
663 2506 865 2568 aequali,
885 2508 1019 2569 quod
1038 2506 1174 2554 Deus
1193 2507 1352 2568 ipsum
1373 2506 1462 2554 sibi
1483 2506 1777 2567 aequiparat,
1795 2514 1841 2553 et
1861 2505 2039 2554 invidet
2059 2508 2308 2569 superiori,

558 2587 690 2649 quod
716 2588 784 2635 sic
807 2588 969 2650 ipsum
993 2595 1264 2649 exsuperat,
1291 2595 1339 2634 et
1364 2587 1432 2634 sic
1464 2587 1719 2648 utrobique
1754 2587 1902 2635 instar
1927 2587 2105 2636 diaboli
2128 2588 2307 2638 invidet

556 2668 844 2716 ordinationi
881 2677 928 2716 et
963 2669 1099 2730 operi
1123 2667 1218 2715 Dei
1254 2669 1341 2715 sui.
1413 2666 1598 2715 Habito
1635 2682 1752 2729 ergo
1790 2668 1881 2715 isto
1916 2668 2174 2717 maledicto
2215 2680 2309 2719 ter-

557 2749 706 2806 nario,
732 2764 793 2796 ex
817 2749 1065 2797 luciferina
1090 2750 1326 2811 superbia,
1352 2748 1642 2796 resumendo
1672 2756 1927 2810 peccatum
1959 2750 2071 2808 irae,
2097 2752 2308 2813 sequitur

557 2829 644 2876 ex⁹
691 2830 1085 2891 concupiscentia
1131 2830 1384 2877 oculorum
1441 2829 1682 2877 secundus
1729 2830 1963 2878 ternarius
2009 2831 2306 2892 maledictus,

557 2910 735 2957 scilicet
761 2911 829 2957 ira
854 2910 1123 2958 dissolvens
1147 2911 1385 2967 homines,
1413 2911 1596 2957 accidia
1628 2926 1684 2958 ac
1719 2912 1912 2959 avaritia
1934 2911 2048 2959 inde
2081 2928 2305 2975 sequens.

557 2990 687 3037 Nam
728 2990 1000 3048 iracundus,
1037 3006 1184 3053 quem
1223 2999 1414 3052 oportet
1455 2990 1668 3038 frustrari
1711 3006 1740 3038 a
1778 3006 1866 3039 suo
1901 2993 2169 3054 propositO,
2204 3002 2304 3042 tam

557 3079 718 3119 mente
744 3086 891 3133 quam
918 3086 1122 3133 corpore
1148 3071 1410 3128 hebetatur,
1437 3079 1484 3118 et
1508 3072 1575 3118 sic
1601 3080 1792 3133 oportet
1825 3073 1984 3134 ipsum
2016 3074 2228 3122 incidere
2252 3076 2302 3123 in

557 3161 779 3214 quartum
804 3161 1058 3214 peccatum
1085 3152 1309 3200 accidiae.
1379 3152 1441 3199 Et
1466 3167 1578 3199 cum
1611 3151 1900 3200 desiderium
1924 3155 2100 3202 mentis
2134 3170 2304 3204 neces·

612 3338 625 3360 ¹
654 3338 909 3390 omittamus]
932 3351 1015 3378 non
1036 3338 1312 3383 admittamus,
1334 3337 1438 3377 A2B.
1799 3337 1815 3360 ²
1841 3338 2198 3391 contendentium]
2218 3352 2302 3380 cre-

558 3392 751 3438 dentium,
773 3393 835 3432 ed.
856 3405 917 3444 pr.
1169 3393 1184 3414 ³
1212 3390 1488 3442 tractandum]
1511 3396 1742 3438 tractatum,
1763 3392 1819 3432 D.
2090 3391 2106 3414 ⁴
2131 3392 2278 3432 iterum

557 3445 731 3489 interim,
751 3447 814 3485 ed.
835 3459 895 3498 pr.
1017 3446 1032 3469 ⁵
1057 3446 1214 3498 autem]
1235 3446 1347 3490 mihi,
1369 3446 1524 3485 A.B.C.
1545 3445 1607 3484 ed.
1628 3458 1688 3497 pr.
1885 3444 1902 3469 ⁶
1930 3445 1980 3485 cf.
2005 3456 2039 3485 1.
2059 3445 2154 3498 Joh.
2171 3447 2211 3486 ii.
2235 3457 2252 3485 1
2289 3476 2301 3486 .

555 3497 570 3518 ⁷
599 3499 683 3549 Jac.
704 3499 758 3538 iii.
787 3511 845 3548 ¹5·
1077 3501 1092 3523 ⁸
1119 3500 1221 3539 duas
1240 3499 1362 3550 filias]
1383 3500 1486 3539 duos
1506 3498 1625 3545 filios,
1647 3500 1698 3538 A.
1927 3499 1942 3521 ⁹
1971 3499 2038 3551 ex]
2059 3500 2123 3544 de,
2143 3500 2299 3540 A.B.C.

557 3552 710 3600 primae
730 3566 885 3592 manus.

2047 3635 2229 3671 WIGLIF
