2424 4120
330 388 436 458 438

1022 387 1443 453 JOANNJS
1500 388 1851 439 WICLIF
2189 407 2321 438 cam.

572 526 787 590 episcopi
813 532 860 572 et
884 524 1224 582 archidiaconi,
1245 524 1472 573 officiales
1491 533 1537 573 et
1556 525 1740 583 decani,
1761 523 1989 574 monachi
2011 532 2060 573 et
2083 523 2323 582 canonici,

570 609 738 669 fratres
763 616 810 656 et
835 607 895 655 de
928 607 1028 654 istis
1060 610 1284 669 quattuor
1316 607 1567 654 ordinibus
1600 600 1959 668 conquestores,
2028 605 2093 654 Et
2118 597 2323 654 1110111101

570 690 847 752 quicunque
883 687 999 734 ritus
1034 687 1109 734 vel
1150 687 1272 734 ordo
1316 687 1544 735 fundatus
1578 702 1682 734 non
1717 687 1856 735 fuerit
1893 688 1944 734 in
1978 687 2224 749 scriptura,
2261 686 2322 734 de

569 770 925 818 introductione
943 777 1131 831 praeter
1151 769 1555 830 approbationem
1573 767 1775 818 Domini
1794 776 1867 817 est
1886 767 2154 831 suspectus·
2201 767 2323 826 Pos-

569 859 680 900 sunt
715 859 876 899 autem
911 850 1111 913 quidam
1134 849 1242 896 viri¹
1266 849 1477 912 religiosi
1511 849 1687 897 habere
1722 850 1813 898 ista
1846 852 2046 898 nomina
2080 857 2128 898 et
2162 864 2323 897 carere

568 947 771 990 venem,
798 931 932 993 quod
964 939 1036 980 est
1067 931 1218 979 modo
1251 928 1343 979 sub
1375 933 1469 979 isto
1501 930 1728 978 nomine²
1759 931 2100 989 introductum,
2123 938 2176 979 ut
2206 930 2324 979 olim

499 1025 502 1041 ³
557 1006 740 1061 ‘omnes
776 1012 1050 1061 sacerdotes
1085 1014 1242 1061 vocati
1276 1013 1468 1061 fuerunt
1503 1014 1721 1075 episcopi
1756 1020 1803 1060 et
1833 1013 1901 1060 sic
1938 1013 1999 1060 de
2035 1012 2138 1061 aliis
2165 1013 2325 1060 nomi-

566 1096 723 1153 nibuS‚
765 1109 890 1157 quae
930 1100 1032 1141 'non
1073 1095 1265 1156 sapiunt
1305 1095 1716 1142 consuetudinem·
1757 1078 2028 1142 (11311011111
2068 1093 2324 1143 ecclesiam

566 1176 904 1224 introductam.
978 1175 1075 1223 Sed
1099 1190 1189 1238 pro
1215 1175 1582 1238 impugnatoriis
1612 1175 1836 1223 rationis⁸
1874 1175 2019 1238 hujus
2051 1190 2224 1224 aureae
2253 1182 2326 1223 est

567 1257 848 1315 notandum,
885 1256 1018 1319 quod
1049 1256 1266 1305 Christus
1300 1257 1459 1319 aliqua
1487 1254 1813 1305 confirmavit*
1843 1257 2066 1320 explicite
2097 1265 2146 1306 et
2176 1257 2325 1306 verbo

566 1339 827 1401 multiplici,
871 1339 992 1386 sicut
1033 1339 1193 1387 officia
1236 1338 1556 1397 sacerdotum,
1600 1339 1761 1401 aliqua
1798 1346 1963 1387 autem
1997 1334 2328 1388 confirmavit*

567 1436 670 1469 non
706 1429 807 1468 tarn
848 1420 1087 1483 explicite,
1125 1421 1247 1469 sicut
1288 1420 1448 1468 officia
1483 1420 1769 1468 secularium
1805 1419 2130 1478 dominorum,
2165 1419 2328 1483 aliqua

568 1517 681 1550 vero
707 1498 1033 1550 confirmavit4
1054 1502 1286 1550 innuitive
1311 1502 1386 1549 vel
1401 1516 1548 1564 opere
1574 1502 1695 1549 sicut
1718 1500 1876 1549 officia
1892 1500 2240 1560 1311013111111111;
2277 1507 2327 1548 et

568 1586 618 1632 in
653 1584 742 1632 illis
773 1584 923 1632 tribus
955 1584 1126 1632 officiis
1159 1584 1325 1631 omnia
1358 1583 1517 1632 officia
1548 1583 1756 1631 familiae
1786 1578 2138 1646 patrisfamilias
2170 1583 2326 1632 conti-

568 1673 753 1713 nentur.
825 1665 1166 1728 Praesumptio
1192 1674 1354 1713 autem
1380 1665 1477 1713 sive
1504 1665 1720 1713 dimissio
1745 1665 1850 1713 talis
1874 1664 2035 1723 officii,
2056 1669 2114 1713 30
2139 1665 2178 1713 si
2201 1663 2326 1713 foret

568 1762 655 1809 per
690 1762 741 1794 se
781 1747 966 1809 species
1007 1747 1070 1795 ad
1105 1747 1495 1795 aedificationem
1529 1747 1760 1795 ecclesiae
1795 1747 2036 1809 requisita,
2074 1745 2327 1794 confundit

569 1829 743 1876 multas
785 1837 946 1891 partes
987 1829 1236 1876 ecclesiae.
1322 1828 1389 1876 Ut
1429 1829 1566 1876 multi
1607 1836 1732 1886 sunt,
1776 1829 1858 1891 qui
1899 1828 1940 1876 si
1980 1828 2032 1875 in
2069 1827 2326 1875 affectione

571 1911 852 1958 desisterent
877 1926 906 1958 a
928 1910 1009 1958 tali
1035 1910 1209 1967 offici0,
1236 1918 1350 1957 tunc
1384 1925 1496 1958 cum
1521 1911 1716 1972 paribus
1745 1910 1904 1958 forent
1928 1909 2160 1957 ecclesiae
2184 1923 2326 1956 verae

569 1993 767 2054 partes⁵,
810 1992 893 2039 ubi
933 1991 1084 2039 modo
1125 2000 1323 2053 propter
1362 1991 1672 2039 affectionem
1713 1991 2030 2039 adulterinam
2070 2004 2175 2038 non
2214 1996 2327 2038 sunt

569 2074 753 2135 11311056
777 2073 1021 2130 000105130,
1048 2072 1134 2119 sed
1149 2080 1493 2134 vprocuratores
1518 2072 1710 2131 diaboli,
1736 2080 1788 2120 ut
1810 2080 1943 2135 patet
1975 2071 2240 2135 specialiter
2263 2071 2325 2120 de

570 2155 658 2213 his,
675 2156 756 2217 qui
773 2155 1029 2203 affectione
1044 2154 1258 2202 indebita
1278 2161 1389 2201 sunt
1407 2169 1519 2201 cum
1538 2155 1687 2216 signis
1706 2153 2012 2201 sensibilibus
2032 2153 2325 2216 desponsati.

572 2236 669 2283 Sed
714 2251 861 2299 grave
907 2250 1034 2283 onus
1081 2236 1343 2297 imponitur
1389 2234 1622 2292 fidelibus,
1672 2235 2033 2283 admittentibus
2077 2242 2131 2282 ut
2176 2233 2326 2283 fidem

570 2317 961 2380 philosophicum
985 2316 1235 2364 theorema
1244 2317 1274 2364 ⁷.
1346 2316 1583 2364 Videntur
1608 2317 1740 2364 enim
1763 2318 1976 2375 innuere,
2003 2316 2137 2379 quod
2161 2315 2327 2365 Chris-

571 2407 646 2446 tus
687 2399 737 2445 in
777 2398 859 2445 tali
901 2413 1130 2445 mensura
1164 2397 1356 2446 tradidit
1390 2398 1549 2460 legem
1585 2413 1737 2457 suam,
1774 2398 1909 2460 quod
1943 2412 2047 2446 non
2078 2405 2240 2461 potest
2274 2397 2327 2446 in

570 2480 836 2542 quantitate
872 2478 978 2526 aut⁸
1015 2479 1242 2541 qualitate
1278 2479 1497 2539 deficere,
1524 2481 1594 2528 sic
1629 2480 1763 2543 quod
1798 2479 1862 2528 si⁰
1883 2495 2039 2528 unum
2067 2479 2174 2544 jota
2203 2479 2327 2528 foret

570 2561 680 2608 fidei
719 2562 980 2623 scripturae
1014 2560 1233 2608 additum
1265 2562 1338 2609 vel
1370 2562 1595 2621 ablatum,
1620 2562 1744 2610 foret
1774 2563 2049 2612 notabiliter
2078 2549 2323 2627 peJ'orata3

570 2650 618 2689 et
652 2657 739 2704 per
774 2641 905 2689 idern
941 2642 982 2689 si
1018 2642 1186 2704 aliquis
1223 2657 1393 2690 sensus
1430 2644 1691 2706 scripturae
1731 2643 1855 2692 foret
1892 2643 2080 2693 ablatus
2121 2649 2170 2692 et
2204 2643 2326 2692 alius

570 2724 756 2785 positus
795 2724 848 2770 in
889 2723 1000 2771 loco
1047 2724 1179 2786 ejus;
1235 2724 1303 2772 sic
1345 2724 1478 2787 quod
1518 2725 1638 2773 fides
1678 2725 1821 2788 hujus
1861 2725 1982 2788 legis
2022 2738 2126 2773 non
2165 2733 2326 2788 potest

571 2807 760 2868 corrigi,
793 2805 879 2854 sed
910 2805 1045 2867 quod
1073 2806 1124 2854 in
1156 2806 1325 2854 ultimo
1359 2806 1513 2868 gradu
1547 2807 1775 2855 bonitatis
1809 2806 2027 2869 possibili
2060 2814 2162 2855 erat
2195 2806 2324 2866 data,

571 2888 684 2949 quia
719 2887 936 2935 defectus
972 2888 1023 2934 in
1058 2902 1352 2950 quocunque
1386 2887 1665 2951 hujusmodi
1699 2887 2026 2951 blaspheme²⁰
2058 2888 2111 2936 in
2145 2887 2325 2937 Christi

571 2968 898 3030 ignorantiam
923 2968 997 3016 vel
1022 2968 1367 3030 negligentiam
1391 2969 1694 3017 redundaret.
1765 2968 1828 3016 Et
1851 2969 1903 3015 in
1925 2969 2018 3017 isto
2049 2968 2202 3018 multa
2233 2970 2326 3018 alia

572 3050 780 3098 difficilia
803 3049 1120 3112 implicantur.
1193 3049 1292 3098 Sed
1323 3065 1423 3113 quo
1455 3050 1519 3099 ad
1550 3051 1679 3098 istud
1710 3049 1904 3098 multa¹1
1935 3051 2324 3100 inconvenientia

626 3235 640 3258 1
669 3234 833 3286 quidam
852 3233 947 3286 viri]
968 3234 1042 3274 viri
1063 3233 1240 3286 quidam,
1261 3234 1314 3274 A.
1442 3233 1459 3257 ²
1485 3235 1562 3275 sub
1581 3235 1661 3275 isto
1679 3233 1866 3286 nomine]
1887 3235 2024 3277 subito
2041 3235 2220 3283 nomine,
2239 3237 2321 3278 a.b.

570 3287 586 3310 ³
613 3289 800 3340 rationis]
822 3288 1061 3334 rationibus,
1081 3289 1130 3329 C.
1311 3287 1327 3311 ⁴
1355 3288 1630 3341 confirmavit]
1650 3288 1878 3336 confirmat,
1898 3290 1948 3330 C.
2028 3335 2032 3339 ,
2122 3290 2139 3314 ⁵
2163 3290 2321 3344 partes]

570 3355 677 3394 pars,
696 3343 827 3383 a.b.C.
1003 3343 1019 3366 ⁶
1047 3341 1202 3395 partes]
1223 3355 1330 3394 pars,
1350 3344 1481 3384 a.b.C.
1658 3343 1674 3366 ⁷
1701 3343 1932 3396 theorema]
1953 3343 2202 3392 theoreuma,
2222 3345 2320 3386 A.b.

570 3397 727 3448 primae
746 3409 915 3443 manus3
946 3396 1172 3443 thoreuma,
1192 3397 1272 3436 a.b.
1293 3398 1493 3437 secundae
1511 3409 1668 3438 manus.
2032 3398 2049 3422 ⁸
2074 3398 2167 3452 aut]
2186 3412 2248 3446 ac,
2269 3399 2320 3440 C.

570 3450 585 3471 ⁹
614 3451 666 3503 si]
697 3464 780 3490 om.
809 3465 846 3490 a.
1160 3451 1191 3475 ¹⁰
1217 3450 1475 3504 blaspheme]
1507 3450 1635 3503 conj.;
1665 3451 1931 3505 blasphemie,
1959 3465 2102 3494 omnes
2130 3452 2319 3495 Codices.
2404 3452 2424 3488 27

571 3504 599 3527 ¹1
628 3504 777 3557 multa]
798 3504 928 3546 multa
948 3510 1155 3558 tanquam,
1176 3518 1301 3546 omnes
1319 3505 1414 3545 libri
1433 3518 1557 3547 manu
1577 3506 1734 3559 scripti.

2355 3506 2424 3560 ..i

2403 3575 2424 3599 {a

2405 3601 2424 3709 ἲ.

2408 3711 2424 3736 .·

2404 3739 2424 3826 ξ

2403 3863 2407 3873 ⁶
2412 3856 2424 3884 4

2397 3896 2424 3921 d:

2369 3994 2378 4014 ἑ
2387 3914 2424 4120 ³
