2496 4108
364 420 467 486 256

1049 418 1479 480 JOANNIS
1549 419 1904 468 WICLIF
2201 436 2354 466 anv.

574 552 735 614 ?qu0d
783 554 871 600 iste
919 554 1060 615 panis
1103 553 1272 600 virtute
1314 554 1571 600 verborum
1619 553 2039 601 sacramentalium
2085 552 2137 600 fit
2177 561 2350 600 conse·-

603 635 813 681 cratione
848 634 1111 681 sacerdotis
1144 630 1287 696 primi
1310 635 1539 682 veraciter
1573 649 1750 696 corpus
1777 633 1968 692 Christi,
1994 642 2042 681 et
2065 648 2167 681 non
2191 632 2352 696 potius

603 715 774 762 desinit
816 730 920 762 esse
959 716 1112 777 panis,
1150 730 1298 778 quam
1339 715 1639 762 humanitas1
1682 731 1744 762 ex
1783 715 1895 773 hoc,
1933 715 2068 777 quod
2109 715 2162 762 fit
2197 713 2349 771 Deus,

602 795 774 843 desinit
798 812 904 844 esse
929 797 1104 855 homo;
1159 812 1271 844 cum
1303 797 1500 844 natura²
1531 797 1671 859 panis
1703 812 1806 844 non
1838 812 1900 844 ex
1933 796 2046 844 hinc
2079 794 2349 852 destruitur,

602 878 687 925 sed
722 879 771 924 in
814 878 1082 940 digniorem
1128 880 1444 926 substantiam
1487 879 1733 926 exaltatur.
1812 877 2066 940 Numquid
2109 876 2349 925 credimus

602 960 734 1020 quod
758 959 978 1020 Baptista
1003 976 1063 1007 ex
1086 959 1183 1008 hoc
1210 961 1345 1022 quod
1377 960 1463 1007 fuit
1496 961 1651 1007 factus
1685 959 1855 1007 Helias
1886 960 2056 1007 virtute
2091 958 2351 1006 verborum

603 1041 778 1088 Christi
815 1041 986 1088 Matth.
1014 1043 1090 1098 xi.,
1130 1042 1268 1089 desiit
1307 1057 1413 1089 esse
1449 1041 1701 1104 Johannes
1737 1041 1811 1088 vel
1847 1041 2026 1103 aliquid
2063 1039 2199 1102 quod
2237 1039 2351 1087 sub-

601 1123 875 1170 stantialiter
911 1131 1019 1170 ante
1061 1123 1231 1170 fuerit?
1306 1123 1633 1171 Conformiter
1674 1138 1775 1169 non
1816 1130 2019 1184 oportet,
2064 1122 2199 1185 quod
2239 1121 2350 1170 licet

602 1205 741 1266 panis
788 1204 984 1265 incipiat
1029 1219 1136 1251 esse
1185 1219 1361 1266 corpus
1405 1204 1582 1252 Christi
1628 1205 1796 1251 virtute
1839 1205 2096 1251 verborum
2137 1218 2352 1260 suorum,

601 1286 788 1333 desinat
824 1301 929 1333 esse
966 1286 1118 1348 panis,
1145 1301 1257 1333 cum
1281 1287 1420 1347 panis
1456 1285 1542 1332 fuit
1579 1285 1963 1342 substantialiter,
1990 1301 2051 1332 ex
2086 1284 2182 1332 hoc
2216 1284 2352 1347 quod

601 1368 765 1429 incipit
789 1383 895 1414 esse
923 1368 1327 1414 sacramentaliter
1348 1382 1526 1429 corpus
1548 1365 1738 1413 Christi.
1801 1365 1958 1413 Sicut³
1981 1367 2114 1413 enim
2134 1364 2354 1413 Christus

603 1450 716 1496 dicit
761 1449 882 1496 ‘hoc
906 1456 979 1496 est
1012 1464 1188 1510 corpus
1220 1449 1412 1503 meum‚’
1439 1449 1608 1495 virtute
1634 1447 2130 1509 quorumvverborum
2161 1441 2354 1508 oportet

602 1530 717 1578 illud
738 1531 1044 1588 “concedere,
1077 1531 1170 1578 sic4
1204 1531 1255 1577 in
1291 1530 1544 1591 evangelio
1581 1528 1754 1576 Matth.
1787 1527 1849 1575 xi.
1884 1527 1944 1575 de
1969 1527 2187 1589 Baptista
2222 1522 2355 1575 asse-

602 1614 741 1660 ritur:
795 1613 863 1659 ‘si
899 1613 1041 1660 vultis
1078 1613 1212 1670 scire,
1250 1612 1356 1674 ipse
1394 1619 1466 1658 est
1499 1609 1700 1668 Helias,'
1737 1617 1784 1656 et
1820 1617 2016 1671 propter
2050 1609 2269 1656 laborem
2303 1609 2355 1656 in

603 1694 876 1755 aequivocis
904 1693 1122 1741 Christus
1147 1685 1249 1741 non
1283 1693 1569 1740 contradicit
1593 1691 1839 1753 Baptistae
1871 1690 2111 1753 Johannis
2136 1690 2181 1748 i.,
2209 1687 2356 1738 dum⁶

604 1777 796 1822 asserit:
837 1779 847 1799 ‘
865 1790 967 1821 non
993 1790 1101 1821 sum
1127 1775 1296 1821 Helias
1312 1774 1340 1833 ;'
1377 1789 1503 1820 unus
1531 1774 1661 1820 enim
1685 1772 1902 1834 intelligit
1926 1772 2062 1834 quod
2087 1779 2160 1820 est
2184 1766 2354 1819 Helias

603 1845 871 1918 figuraliter,
909 1864 956 1903 et
992 1856 1110 1902 alius
1147 1856 1280 1917 quod
1316 1870 1417 1902 non
1453 1863 1524 1902 est
1550 1854 1718 1901 Helias
1754 1853 2100 1915 personaliter;
2150 1860 2199 1900 et
2234 1867 2354 1900 con·

603 1938 815 1985 formiter
862 1952 963 1983 non
1010 1937 1342 1996 contradicunt
1358 1952 1369 1994 ;
1431 1936 1516 1982 sed
1563 1936 1882 1996 aequivocant
1929 1935 2011 1996 qui
2060 1932 2352 1991 concedunt,

604 2019 737 2080 quod
778 2019 873 2065 hoc
915 2027 1271 2066 sacramentum
1313 2033 1414 2064 non
1453 2025 1524 2064 est
1560 2017 1751 2078 (supple
1789 2014 2134 2076 ‘naturaliter’)
2175 2031 2355 2079 corpus

606 2100 795 2157 Christi,
821 2108 867 2147 et
891 2099 1020 2146 idem
1045 2107 1401 2147 sacramentum
1435 2106 1506 2145 est
1532 2098 1788 2159 figuraliter
1821 2112 1998 2159 corpus
2027 2097 2217 2146 Christi.
2289 2097 2356 2146 Et

604 2189 838 2243 quantum
875 2181 937 2228 ad
969 2180 1084 2227 illud
1106 2180 1382 2228 assertum⁶
1407 2180 1469 2226 ab
1501 2179 1750 2226 haereticis
1782 2179 2028 2236 induratis,
2056 2179 2193 2241 quod
2225 2194 2354 2226 nun-

605 2278 751 2324 quam
777 2262 1085 2319 celebrarent,
1114 2263 1152 2308 si
1177 2261 1271 2308 hoc
1298 2261 1545 2308 crederent
1570 2275 1675 2307 esse
1701 2275 1881 2317 verum,
1906 2275 2071 2308 revera
2098 2259 2356 2322 prodesset

605 2345 832 2391 ecclesiae
870 2352 917 2391 et
943 2345 1132 2391 cederet
1170 2344 1231 2390 ad
1255 2343 1495 2390 honorem
1520 2342 1628 2399 Dei,
1656 2343 1789 2404 quod
1813 2342 1930 2389 tales
1955 2350 2204 2404 apostatae
2229 2358 2355 2397 nun·
2377 2343 2384 2351 '

605 2441 751 2487 quam
788 2441 929 2472 suurn
972 2425 1196 2472 accidens
1239 2433 1591 2481 consecrarent,
1630 2424 1742 2485 quia
1781 2438 1866 2484 per
1901 2423 1998 2471 hoc
2033 2424 2356 2486 multipliciter

604 2507 942 2568 blasphemant
972 2507 1022 2553 in
1054 2506 1230 2562 Deum,
1260 2513 1307 2552 et
1338 2506 1586 2567 implicant
1610 2505 1772 2552 Deum
1796 2520 1903 2553 esse
1937 2513 2188 2553 auctorem
2217 2521 2374 2553 men--

604 2589 752 2645 dacii;
790 2597 980 2650 ponunt
1004 2590 1148 2645 enim,
1175 2587 1307 2650 quod
1331 2587 1582 2645 mundum,
1610 2603 1757 2649 quem
1781 2586 1917 2634 Deus
1952 2587 2166 2646 creavit⁷,
2193 2589 2356 2636 statim

605 2671 866 2728 destruunt,
904 2671 1016 2733 quia
1056 2671 1307 2717 materiam
1349 2671 1570 2731 primam,
1608 2685 1756 2732 quam
1791 2669 1926 2717 Deus
1967 2669 2204 2718 ordinavit
2247 2685 2354 2718 esse

604 2762 902 2815 perpetuam,
946 2753 1195 2800 destruunt
1210 2769 1222 2810 3
1277 2759 1324 2798 et
1366 2752 1484 2798 nihil
1524 2752 1756 2798 innovant
1794 2751 1907 2798 huic
1943 2752 2130 2799 mundo
2164 2761 2356 2814 praeter

605 2835 712 2892 hoc,
757 2835 890 2896 quod
931 2834 1225 2881 mentiuntur
1267 2848 1318 2880 se
1362 2833 1519 2880 facere
1567 2832 1781 2880 inaudita
1821 2831 2090 2891 miracula⁸,
2131 2834 2182 2879 in
2230 2848 2355 2895 quae

605 2917 801 2963 indubie
826 2916 961 2963 Deus
987 2930 1088 2962 non
1113 2922 1285 2976 potest,
1312 2918 1358 2961 et
1384 2915 1466 2970 sic,
1492 2921 1544 2960 ut
1568 2914 1770 2975 fingunt,
1796 2913 1977 2960 faciunt
2005 2929 2188 2961 novum
2212 2929 2356 2961 mun-

607 2998 736 3045 dum.
801 2997 933 3055 Quid
957 3012 1074 3058 ergo
1099 2995 1331 3053 obesset⁹,
1353 2995 1486 3056 quod
1511 2995 1628 3042 tales
1653 2995 1876 3042 haeretici
1901 2994 2078 3042 idiotae
2103 3010 2355 3058 nunquam

607 3079 914 3136 celebrarent,
954 3093 1065 3125 cum
1102 3078 1222 3124 sicut
1263 3077 1488 3138 ignorant
1524 3091 1695 3123 vocem
1738 3075 1985 3137 propriam
2028 3076 2095 3123 sic
2130 3076 2358 3138 ignorant

607 3161 921 3222 quidditatem
947 3159 1232 3207 sacramenti
1257 3158 1392 3219 quod
1416 3157 1598 3204 faciunt
1621 3165 1669 3204 et
1694 3157 1929 3204 adorant?

677 3241 775 3289 Sed
811 3248 1044 3303 quantum
1081 3240 1143 3287 ad
1166 3240 1411 3286 veritatem
1447 3238 1572 3295 fidei,
1599 3238 1732 3299 quod
1765 3237 1859 3285 hoc
1895 3245 2250 3285 sacramentum
2283 3245 2356 3284 est

663 3365 677 3387 ¹
704 3363 956 3414 humanitas]
977 3362 1212 3402 humanitas
1233 3361 1398 3406 Christi,
1421 3360 1575 3400 A.B.C.
1867 3358 1883 3381 ²
1910 3359 2075 3411 natura]
2098 3357 2280 3403 materia,
2301 3358 2355 3397 A.

608 3417 623 3439 ³
652 3418 774 3469 sicut]
797 3418 867 3461 sic,
888 3418 950 3456 ed.
970 3430 1031 3469 pr.
1278 3415 1293 3437 ‘¹
1321 3414 1398 3466 sic]
1421 3415 1537 3460 sicut,
1558 3414 1654 3454 B.C.
1677 3414 1739 3454 ed.
1760 3426 1822 3466 pr.
2080 3413 2095 3436 ⁵
2123 3411 2241 3463 dum]
2262 3424 2357 3451 cum

611 3471 709 3522 ipse,
731 3471 885 3511 A.B.C.
905 3471 968 3510 ed.
989 3485 1050 3523 pr.
1294 3469 1310 3491 ⁶
1339 3469 1559 3521 assertum]
1581 3474 1849 3530 assumptum,
1870 3467 1938 3513 A.,
1958 3467 2005 3506 B.
2024 3466 2180 3519 primae
2198 3478 2356 3505 manus.

610 3524 625 3546 ⁷
655 3526 822 3576 creavit]
855 3531 1022 3570 crearat,
1045 3525 1099 3564 D.
1129 3524 1192 3564 ed.
1223 3537 1284 3576 pr.
1614 3523 1627 3544 ⁸
1657 3520 1872 3573 m1racula]
1902 3520 2117 3566 mirabilia,
2138 3519 2190 3558 A.
2211 3518 2274 3559 ed.
2293 3532 2358 3572 pr.

611 3578 626 3600 ⁹
656 3579 836 3630 obesset]
859 3580 990 3624 obest,
1012 3580 1083 3624 B.;
1105 3579 1278 3624 abesset,
1299 3578 1362 3617 ed.
1383 3591 1443 3629 pr.

2104 3642 2289 3675 WIOLIF
