<?xml version="1.0" encoding="UTF-8"?>
<!DOCTYPE html PUBLIC "-//W3C//DTD XHTML 1.0 Transitional//EN"
    "http://www.w3.org/TR/xhtml1/DTD/xhtml1-transitional.dtd">
<html xmlns="http://www.w3.org/1999/xhtml" xml:lang="en" lang="en">
 <head>
  <title>
</title>
<meta http-equiv="Content-Type" content="text/html;charset=utf-8" />
  <meta name='ocr-system' content='tesseract 3.04.00' />
  <meta name='ocr-capabilities' content='ocr_page ocr_carea ocr_par ocr_line ocrx_word'/>
</head>
<body>
  <div class='ocr_page' id='page_1' title='image "./trialoguscumsupp00wycluoft_0309.png"; bbox 0 0 2496 4108; ppageno 0'>
   <div class='ocr_carea' id='block_1_1' title="bbox 122 441 1303 493">
    <p class='ocr_par' dir='ltr' id='par_1_1' title="bbox 122 441 1303 493">
     <span class='ocr_line' id='line_1_1' title="bbox 122 441 1303 493; baseline 0.006 -7"><span class='ocrx_word' id='word_1_1' title='bbox 122 454 274 493; x_wconf 58' lang='lat' dir='ltr'><strong>enas.</strong></span> <span class='ocrx_word' id='word_1_2' title='bbox 711 441 1303 493; x_wconf 84' lang='lat' dir='ltr'><em>TRIALOGUS.</em></span> 
     </span>
    </p>
   </div>
   <div class='ocr_carea' id='block_1_2' title="bbox 122 576 1881 970">
    <p class='ocr_par' dir='ltr' id='par_1_2' title="bbox 122 576 1881 970">
     <span class='ocr_line' id='line_1_2' title="bbox 125 576 1880 640; baseline 0.003 -16"><span class='ocrx_word' id='word_1_3' title='bbox 125 587 316 638; x_wconf 76' lang='lat' dir='ltr'><strong>porum,</strong></span> <span class='ocrx_word' id='word_1_4' title='bbox 350 576 695 640; x_wconf 87' lang='lat' dir='ltr'><strong>episcoporum</strong></span> <span class='ocrx_word' id='word_1_5' title='bbox 736 586 783 626; x_wconf 91' lang='lat' dir='ltr'><strong>et</strong></span> <span class='ocrx_word' id='word_1_6' title='bbox 824 578 1291 638; x_wconf 88' lang='lat' dir='ltr'><strong>archidiaconorum,</strong></span> <span class='ocrx_word' id='word_1_7' title='bbox 1329 579 1607 628; x_wconf 91' lang='lat' dir='ltr'><strong>officialium</strong></span> <span class='ocrx_word' id='word_1_8' title='bbox 1649 589 1698 630; x_wconf 92' lang='lat' dir='ltr'><strong>et</strong></span> <span class='ocrx_word' id='word_1_9' title='bbox 1737 581 1880 630; x_wconf 89' lang='lat' dir='ltr'><strong>deca-</strong></span> 
     </span>
     <span class='ocr_line' id='line_1_3' title="bbox 124 659 1880 726; baseline 0.003 -21"><span class='ocrx_word' id='word_1_10' title='bbox 124 668 302 706; x_wconf 80' lang='lat' dir='ltr'><strong>nomm</strong></span> <span class='ocrx_word' id='word_1_11' title='bbox 335 672 451 706; x_wconf 89' lang='lat' dir='ltr'><strong>cum</strong></span> <span class='ocrx_word' id='word_1_12' title='bbox 486 660 655 708; x_wconf 90' lang='lat' dir='ltr'><strong>ceteris</strong></span> <span class='ocrx_word' id='word_1_13' title='bbox 691 659 956 708; x_wconf 86' lang='lat' dir='ltr'><strong>officiariis1</strong></span> <span class='ocrx_word' id='word_1_14' title='bbox 992 669 1039 709; x_wconf 92' lang='lat' dir='ltr'><strong>et</strong></span> <span class='ocrx_word' id='word_1_15' title='bbox 1075 662 1387 723; x_wconf 87' lang='lat' dir='ltr'><strong>religionibus</strong></span> <span class='ocrx_word' id='word_1_16' title='bbox 1425 663 1634 724; x_wconf 89' lang='lat' dir='ltr'><strong>privatis,</strong></span> <span class='ocrx_word' id='word_1_17' title='bbox 1672 678 1880 726; x_wconf 93' lang='lat' dir='ltr'><strong>quorum</strong></span> 
     </span>
     <span class='ocr_line' id='line_1_4' title="bbox 124 741 1881 804; baseline 0.003 -18"><span class='ocrx_word' id='word_1_18' title='bbox 124 751 228 787; x_wconf 80' lang='lat' dir='ltr'><strong>non</strong></span> <span class='ocrx_word' id='word_1_19' title='bbox 248 744 325 787; x_wconf 72' lang='lat' dir='ltr'><strong>est</strong></span> <span class='ocrx_word' id='word_1_20' title='bbox 346 753 577 788; x_wconf 85' lang='lat' dir='ltr'><strong>numerus</strong></span> <span class='ocrx_word' id='word_1_21' title='bbox 610 756 769 804; x_wconf 91' lang='lat' dir='ltr'><strong>neque</strong></span> <span class='ocrx_word' id='word_1_22' title='bbox 803 741 940 790; x_wconf 93' lang='lat' dir='ltr'><strong>ordo.</strong></span> <span class='ocrx_word' id='word_1_23' title='bbox 1011 741 1089 789; x_wconf 90' lang='lat' dir='ltr'><strong>De</strong></span> <span class='ocrx_word' id='word_1_24' title='bbox 1123 743 1518 790; x_wconf 89' lang='lat' dir='ltr'><strong>contentionibus</strong></span> <span class='ocrx_word' id='word_1_25' title='bbox 1554 752 1717 791; x_wconf 90' lang='lat' dir='ltr'><strong>autern</strong></span> <span class='ocrx_word' id='word_1_26' title='bbox 1751 746 1881 792; x_wconf 91' lang='lat' dir='ltr'><strong>circa</strong></span> 
     </span>
     <span class='ocr_line' id='line_1_5' title="bbox 123 819 1877 888; baseline 0.002 -19"><span class='ocrx_word' id='word_1_27' title='bbox 123 819 229 879; x_wconf 75' lang='lat' dir='ltr'><strong>ista,</strong></span> <span class='ocrx_word' id='word_1_28' title='bbox 252 819 388 884; x_wconf 88' lang='lat' dir='ltr'><strong>quod</strong></span> <span class='ocrx_word' id='word_1_29' title='bbox 409 822 796 885; x_wconf 87' lang='lat' dir='ltr'><strong>unumquodque</strong></span> <span class='ocrx_word' id='word_1_30' title='bbox 821 824 1023 870; x_wconf 91' lang='lat' dir='ltr'><strong>istorum</strong></span> <span class='ocrx_word' id='word_1_31' title='bbox 1047 831 1119 872; x_wconf 90' lang='lat' dir='ltr'><strong>est</strong></span> <span class='ocrx_word' id='word_1_32' title='bbox 1143 824 1281 881; x_wconf 91' lang='lat' dir='ltr'><strong>ord0,</strong></span> <span class='ocrx_word' id='word_1_33' title='bbox 1308 832 1355 871; x_wconf 93' lang='lat' dir='ltr'><strong>et</strong></span> <span class='ocrx_word' id='word_1_34' title='bbox 1379 825 1429 871; x_wconf 92' lang='lat' dir='ltr'><strong>in</strong></span> <span class='ocrx_word' id='word_1_35' title='bbox 1454 825 1557 887; x_wconf 89' lang='lat' dir='ltr'><strong>ejus</strong></span> <span class='ocrx_word' id='word_1_36' title='bbox 1591 827 1877 888; x_wconf 88' lang='lat' dir='ltr'><strong>acceptione</strong></span> 
     </span>
     <span class='ocr_line' id='line_1_6' title="bbox 122 898 1878 970; baseline 0.003 -20"><span class='ocrx_word' id='word_1_37' title='bbox 122 901 278 965; x_wconf 77' lang='lat' dir='ltr'><strong>gratia</strong></span> <span class='ocrx_word' id='word_1_38' title='bbox 299 898 394 950; x_wconf 83' lang='lat' dir='ltr'><strong>Dei</strong></span> <span class='ocrx_word' id='word_1_39' title='bbox 419 917 477 950; x_wconf 88' lang='lat' dir='ltr'><strong>ac</strong></span> <span class='ocrx_word' id='word_1_40' title='bbox 501 903 748 952; x_wconf 85' lang='lat' dir='ltr'><strong>character</strong></span> <span class='ocrx_word' id='word_1_41' title='bbox 770 904 1070 967; x_wconf 88' lang='lat' dir='ltr'><strong>imprimitur,</strong></span> <span class='ocrx_word' id='word_1_42' title='bbox 1097 919 1210 952; x_wconf 92' lang='lat' dir='ltr'><strong>cum</strong></span> <span class='ocrx_word' id='word_1_43' title='bbox 1234 905 1337 952; x_wconf 91' lang='lat' dir='ltr'><strong>aliis</strong></span> <span class='ocrx_word' id='word_1_44' title='bbox 1369 905 1724 955; x_wconf 88' lang='lat' dir='ltr'><strong>difficultatibus</strong></span> <span class='ocrx_word' id='word_1_45' title='bbox 1758 922 1878 970; x_wconf 90' lang='lat' dir='ltr'><strong>quas</strong></span> 
     </span>
    </p>
   </div>
   <div class='ocr_carea' id='block_1_3' title="bbox 22 983 1879 1050">
    <p class='ocr_par' dir='ltr' id='par_1_3' title="bbox 22 983 1879 1050">
     <span class='ocr_line' id='line_1_7' title="bbox 22 983 1879 1050; baseline 0.003 -19"><span class='ocrx_word' id='word_1_46' title='bbox 22 990 39 1041; x_wconf 63' lang='lat'><strong>,&#39;</strong></span> <span class='ocrx_word' id='word_1_47' title='bbox 122 984 276 1032; x_wconf 79' lang='lat' dir='ltr'><strong>nostri</strong></span> <span class='ocrx_word' id='word_1_48' title='bbox 297 983 582 1043; x_wconf 86' lang='lat' dir='ltr'><strong>balbutiunt,</strong></span> <span class='ocrx_word' id='word_1_49' title='bbox 607 985 793 1033; x_wconf 90' lang='lat' dir='ltr'><strong>videtur</strong></span> <span class='ocrx_word' id='word_1_50' title='bbox 815 984 934 1033; x_wconf 89' lang='lat' dir='ltr'><strong>mihi</strong></span> <span class='ocrx_word' id='word_1_51' title='bbox 957 1001 1063 1034; x_wconf 91' lang='lat' dir='ltr'><strong>esse</strong></span> <span class='ocrx_word' id='word_1_52' title='bbox 1089 985 1364 1043; x_wconf 89' lang='lat' dir='ltr'><strong>tacendum,</strong></span> <span class='ocrx_word' id='word_1_53' title='bbox 1393 1002 1505 1034; x_wconf 92' lang='lat' dir='ltr'><strong>cum</strong></span> <span class='ocrx_word' id='word_1_54' title='bbox 1531 988 1598 1036; x_wconf 91' lang='lat' dir='ltr'><strong>sic</strong></span> <span class='ocrx_word' id='word_1_55' title='bbox 1624 987 1879 1050; x_wconf 90' lang='lat' dir='ltr'><strong>loquentes</strong></span> 
     </span>
    </p>
   </div>
   <div class='ocr_carea' id='block_1_4' title="bbox 121 1063 1878 1211">
    <p class='ocr_par' dir='ltr' id='par_1_4' title="bbox 121 1063 1878 1211">
     <span class='ocr_line' id='line_1_8' title="bbox 122 1063 1878 1132; baseline 0.002 -19"><span class='ocrx_word' id='word_1_56' title='bbox 122 1078 215 1114; x_wconf 85' lang='lat' dir='ltr'><strong>nec</strong></span> <span class='ocrx_word' id='word_1_57' title='bbox 237 1063 444 1114; x_wconf 82' lang='lat' dir='ltr'><strong>fundant</strong></span> <span class='ocrx_word' id='word_1_58' title='bbox 467 1065 602 1129; x_wconf 91' lang='lat' dir='ltr'><strong>quod</strong></span> <span class='ocrx_word' id='word_1_59' title='bbox 625 1074 844 1114; x_wconf 91' lang='lat' dir='ltr'><strong>asserunt</strong></span> <span class='ocrx_word' id='word_1_60' title='bbox 868 1081 959 1114; x_wconf 90' lang='lat' dir='ltr'><strong>nec</strong></span> <span class='ocrx_word' id='word_1_61' title='bbox 984 1068 1205 1128; x_wconf 92' lang='lat' dir='ltr'><strong>probant.</strong></span> <span class='ocrx_word' id='word_1_62' title='bbox 1280 1067 1377 1115; x_wconf 93' lang='lat' dir='ltr'><strong>Sed</strong></span> <span class='ocrx_word' id='word_1_63' title='bbox 1402 1084 1462 1116; x_wconf 88' lang='lat' dir='ltr'><strong>ex</strong></span> <span class='ocrx_word' id='word_1_64' title='bbox 1493 1069 1587 1116; x_wconf 92' lang='lat' dir='ltr'><strong>fide</strong></span> <span class='ocrx_word' id='word_1_65' title='bbox 1614 1071 1878 1132; x_wconf 88' lang='lat' dir='ltr'><strong>scripturae</strong></span> 
     </span>
     <span class='ocr_line' id='line_1_9' title="bbox 121 1145 1878 1211; baseline 0.002 -15"><span class='ocrx_word' id='word_1_66' title='bbox 121 1145 308 1196; x_wconf 80' lang='lat' dir='ltr'><strong>videtur</strong></span> <span class='ocrx_word' id='word_1_67' title='bbox 329 1146 448 1195; x_wconf 90' lang='lat' dir='ltr'><strong>mihi</strong></span> <span class='ocrx_word' id='word_1_68' title='bbox 471 1147 701 1206; x_wconf 87' lang='lat' dir='ltr'><strong>sufficere,</strong></span> <span class='ocrx_word' id='word_1_69' title='bbox 725 1162 834 1196; x_wconf 91' lang='lat' dir='ltr'><strong>esse</strong></span> <span class='ocrx_word' id='word_1_70' title='bbox 858 1149 1163 1210; x_wconf 91' lang='lat' dir='ltr'><strong>presbyteros</strong></span> <span class='ocrx_word' id='word_1_71' title='bbox 1187 1158 1333 1211; x_wconf 90' lang='lat' dir='ltr'><strong>atque</strong></span> <span class='ocrx_word' id='word_1_72' title='bbox 1367 1150 1600 1198; x_wconf 91' lang='lat' dir='ltr'><strong>diaconos</strong></span> <span class='ocrx_word' id='word_1_73' title='bbox 1633 1160 1878 1199; x_wconf 89' lang='lat' dir='ltr'><strong>servantes</strong></span> 
     </span>
    </p>
   </div>
   <div class='ocr_carea' id='block_1_5' title="bbox 0 1213 1878 1295">
    <p class='ocr_par' dir='ltr' id='par_1_5' title="bbox 0 1213 1878 1295">
     <span class='ocr_line' id='line_1_10' title="bbox 0 1213 1878 1295; baseline 0.003 -19"><span class='ocrx_word' id='word_1_74' title='bbox 0 1213 2 1217; x_wconf 38' lang='grc'>’</span> <span class='ocrx_word' id='word_1_75' title='bbox 35 1227 37 1230; x_wconf 73' lang='grc'>’</span> <span class='ocrx_word' id='word_1_76' title='bbox 122 1235 298 1277; x_wconf 62' lang='lat' dir='ltr'><strong>summ</strong></span> <span class='ocrx_word' id='word_1_77' title='bbox 331 1235 478 1291; x_wconf 87' lang='lat' dir='ltr'><strong>atque</strong></span> <span class='ocrx_word' id='word_1_78' title='bbox 513 1227 727 1277; x_wconf 88' lang='lat' dir='ltr'><strong>officium</strong></span> <span class='ocrx_word' id='word_1_79' title='bbox 762 1229 896 1291; x_wconf 93' lang='lat' dir='ltr'><strong>quod</strong></span> <span class='ocrx_word' id='word_1_80' title='bbox 923 1229 1142 1279; x_wconf 89' lang='lat' dir='ltr'><strong>Christus</strong></span> <span class='ocrx_word' id='word_1_81' title='bbox 1173 1231 1242 1278; x_wconf 89' lang='lat' dir='ltr'><strong>eis</strong></span> <span class='ocrx_word' id='word_1_82' title='bbox 1275 1231 1517 1294; x_wconf 90' lang='lat' dir='ltr'><strong>imposuit,</strong></span> <span class='ocrx_word' id='word_1_83' title='bbox 1544 1233 1658 1295; x_wconf 90' lang='lat' dir='ltr'><strong>quia</strong></span> <span class='ocrx_word' id='word_1_84' title='bbox 1694 1241 1878 1281; x_wconf 90' lang='lat' dir='ltr'><strong>certum</strong></span> 
     </span>
    </p>
   </div>
   <div class='ocr_carea' id='block_1_6' title="bbox 121 1308 1877 1457">
    <p class='ocr_par' dir='ltr' id='par_1_6' title="bbox 121 1308 1877 1457">
     <span class='ocr_line' id='line_1_11' title="bbox 121 1308 1874 1378; baseline 0.002 -20"><span class='ocrx_word' id='word_1_85' title='bbox 121 1308 308 1359; x_wconf 85' lang='lat' dir='ltr'><strong>videtur</strong></span> <span class='ocrx_word' id='word_1_86' title='bbox 330 1309 464 1373; x_wconf 90' lang='lat' dir='ltr'><strong>quod</strong></span> <span class='ocrx_word' id='word_1_87' title='bbox 482 1312 709 1378; x_wconf 89' lang='lat' dir='ltr'><strong>superbia</strong></span> <span class='ocrx_word' id='word_1_88' title='bbox 727 1310 967 1360; x_wconf 89' lang='lat' dir='ltr'><strong>Caesarea</strong></span> <span class='ocrx_word' id='word_1_89' title='bbox 991 1311 1081 1360; x_wconf 92' lang='lat' dir='ltr'><strong>hos</strong></span> <span class='ocrx_word' id='word_1_90' title='bbox 1105 1313 1286 1374; x_wconf 88' lang='lat' dir='ltr'><strong>gradus</strong></span> <span class='ocrx_word' id='word_1_91' title='bbox 1311 1321 1358 1360; x_wconf 91' lang='lat' dir='ltr'><strong>et</strong></span> <span class='ocrx_word' id='word_1_92' title='bbox 1382 1313 1577 1362; x_wconf 89' lang='lat' dir='ltr'><strong>ordines</strong></span> <span class='ocrx_word' id='word_1_93' title='bbox 1603 1315 1874 1373; x_wconf 81' lang='lat' dir='ltr'><strong>adinvenit3</strong></span> 
     </span>
     <span class='ocr_line' id='line_1_12' title="bbox 122 1391 1877 1457; baseline 0.002 -17"><span class='ocrx_word' id='word_1_94' title='bbox 122 1391 164 1440; x_wconf 84' lang='lat' dir='ltr'><strong>si</strong></span> <span class='ocrx_word' id='word_1_95' title='bbox 185 1392 318 1440; x_wconf 88' lang='lat' dir='ltr'><strong>enim</strong></span> <span class='ocrx_word' id='word_1_96' title='bbox 341 1391 542 1440; x_wconf 86' lang='lat' dir='ltr'><strong>fuissent</strong></span> <span class='ocrx_word' id='word_1_97' title='bbox 565 1393 823 1440; x_wconf 89' lang='lat' dir='ltr'><strong>necessarii</strong></span> <span class='ocrx_word' id='word_1_98' title='bbox 848 1392 1095 1451; x_wconf 88' lang='lat' dir='ltr'><strong>ecclesiae,</strong></span> <span class='ocrx_word' id='word_1_99' title='bbox 1116 1393 1335 1442; x_wconf 88' lang='lat' dir='ltr'><strong>Christus</strong></span> <span class='ocrx_word' id='word_1_100' title='bbox 1358 1403 1404 1442; x_wconf 92' lang='lat' dir='ltr'><strong>et</strong></span> <span class='ocrx_word' id='word_1_101' title='bbox 1435 1396 1508 1442; x_wconf 92' lang='lat' dir='ltr'><strong>sui</strong></span> <span class='ocrx_word' id='word_1_102' title='bbox 1541 1396 1750 1457; x_wconf 89' lang='lat' dir='ltr'><strong>apostoli</strong></span> <span class='ocrx_word' id='word_1_103' title='bbox 1774 1411 1877 1443; x_wconf 91' lang='lat' dir='ltr'><strong>non</strong></span> 
     </span>
    </p>
   </div>
   <div class='ocr_carea' id='block_1_7' title="bbox 26 1472 1878 1621">
    <p class='ocr_par' dir='ltr' id='par_1_7' title="bbox 26 1472 1878 1621">
     <span class='ocr_line' id='line_1_13' title="bbox 26 1472 1878 1540; baseline 0.003 -20"><span class='ocrx_word' id='word_1_104' title='bbox 26 1518 34 1540; x_wconf 39' lang='grc' dir='ltr'><em>ς</em></span> <span class='ocrx_word' id='word_1_105' title='bbox 121 1472 173 1520; x_wconf 87' lang='lat' dir='ltr'><strong>in</strong></span> <span class='ocrx_word' id='word_1_106' title='bbox 204 1474 518 1536; x_wconf 85' lang='lat' dir='ltr'><strong>expressione</strong></span> <span class='ocrx_word' id='word_1_107' title='bbox 553 1488 726 1522; x_wconf 91' lang='lat' dir='ltr'><strong>eorum</strong></span> <span class='ocrx_word' id='word_1_108' title='bbox 761 1489 818 1522; x_wconf 91' lang='lat' dir='ltr'><strong>ac</strong></span> <span class='ocrx_word' id='word_1_109' title='bbox 855 1474 1154 1522; x_wconf 80' lang='lat' dir='ltr'><strong>detectione²</strong></span> <span class='ocrx_word' id='word_1_110' title='bbox 1178 1476 1251 1523; x_wconf 93' lang='lat' dir='ltr'><strong>sui</strong></span> <span class='ocrx_word' id='word_1_111' title='bbox 1288 1475 1434 1523; x_wconf 89' lang='lat' dir='ltr'><strong>officii</strong></span> <span class='ocrx_word' id='word_1_112' title='bbox 1459 1478 1728 1535; x_wconf 89' lang='lat' dir='ltr'><strong>reticerent,</strong></span> <span class='ocrx_word' id='word_1_113' title='bbox 1755 1478 1878 1525; x_wconf 91' lang='lat' dir='ltr'><strong>sicut</strong></span> 
     </span>
     <span class='ocr_line' id='line_1_14' title="bbox 28 1555 1875 1621; baseline 0.001 -17"><span class='ocrx_word' id='word_1_114' title='bbox 28 1555 33 1558; x_wconf 81' lang='grc'><strong>’</strong></span> <span class='ocrx_word' id='word_1_115' title='bbox 119 1555 460 1619; x_wconf 84' lang='lat' dir='ltr'><strong>blasphemant</strong></span> <span class='ocrx_word' id='word_1_116' title='bbox 496 1555 560 1604; x_wconf 93' lang='lat' dir='ltr'><strong>illi</strong></span> <span class='ocrx_word' id='word_1_117' title='bbox 594 1557 678 1619; x_wconf 91' lang='lat' dir='ltr'><strong>qui</strong></span> <span class='ocrx_word' id='word_1_118' title='bbox 713 1556 905 1619; x_wconf 87' lang='lat' dir='ltr'><strong>papalia</strong></span> <span class='ocrx_word' id='word_1_119' title='bbox 935 1557 1044 1620; x_wconf 90' lang='lat' dir='ltr'><strong>jura</strong></span> <span class='ocrx_word' id='word_1_120' title='bbox 1080 1557 1394 1619; x_wconf 89' lang='lat' dir='ltr'><strong>magnificant</strong></span> <span class='ocrx_word' id='word_1_121' title='bbox 1431 1574 1578 1621; x_wconf 89' lang='lat' dir='ltr'><strong>supra</strong></span> <span class='ocrx_word' id='word_1_122' title='bbox 1614 1558 1875 1607; x_wconf 89' lang='lat' dir='ltr'><strong>Christum.</strong></span> 
     </span>
    </p>
   </div>
   <div class='ocr_carea' id='block_1_8' title="bbox 121 1636 1876 1702">
    <p class='ocr_par' dir='ltr' id='par_1_8' title="bbox 121 1636 1876 1702">
     <span class='ocr_line' id='line_1_15' title="bbox 121 1636 1876 1702; baseline 0 -14"><span class='ocrx_word' id='word_1_123' title='bbox 121 1636 353 1688; x_wconf 87' lang='lat' dir='ltr'><strong>Officium</strong></span> <span class='ocrx_word' id='word_1_124' title='bbox 377 1646 539 1686; x_wconf 89' lang='lat' dir='ltr'><strong>autem</strong></span> <span class='ocrx_word' id='word_1_125' title='bbox 562 1638 766 1686; x_wconf 91' lang='lat' dir='ltr'><strong>istorum</strong></span> <span class='ocrx_word' id='word_1_126' title='bbox 802 1638 1090 1687; x_wconf 90' lang='lat' dir='ltr'><strong>clericorum</strong></span> <span class='ocrx_word' id='word_1_127' title='bbox 1126 1654 1299 1702; x_wconf 88' lang='lat' dir='ltr'><strong>capere</strong></span> <span class='ocrx_word' id='word_1_128' title='bbox 1337 1640 1484 1687; x_wconf 90' lang='lat' dir='ltr'><strong>debet</strong></span> <span class='ocrx_word' id='word_1_129' title='bbox 1520 1641 1786 1690; x_wconf 89' lang='lat' dir='ltr'><strong>catholicus</strong></span> <span class='ocrx_word' id='word_1_130' title='bbox 1816 1657 1876 1689; x_wconf 86' lang='lat' dir='ltr'><strong>ex</strong></span> 
     </span>
    </p>
   </div>
   <div class='ocr_carea' id='block_1_9' title="bbox 20 1718 1878 1867">
    <p class='ocr_par' dir='ltr' id='par_1_9' title="bbox 20 1702 1878 1867">
     <span class='ocr_line' id='line_1_16' title="bbox 118 1718 1876 1782; baseline 0.002 -14.805"><span class='ocrx_word' id='word_1_131' title='bbox 118 1718 216 1768; x_wconf 83' lang='lat' dir='ltr'><strong>fide</strong></span> <span class='ocrx_word' id='word_1_132' title='bbox 253 1720 515 1782; x_wconf 87' lang='lat' dir='ltr'><strong>scripturae</strong></span> <span class='ocrx_word' id='word_1_133' title='bbox 549 1720 601 1767; x_wconf 91' lang='lat' dir='ltr'><strong>in</strong></span> <span class='ocrx_word' id='word_1_134' title='bbox 636 1720 852 1782; x_wconf 92' lang='lat' dir='ltr'><strong>epistolis</strong></span> <span class='ocrx_word' id='word_1_135' title='bbox 889 1719 950 1767; x_wconf 91' lang='lat' dir='ltr'><strong>ad</strong></span> <span class='ocrx_word' id='word_1_136' title='bbox 976 1719 1292 1768; x_wconf 86' lang='lat' dir='ltr'><strong>Timotheum</strong></span> <span class='ocrx_word' id='word_1_137' title='bbox 1329 1730 1376 1769; x_wconf 94' lang='lat' dir='ltr'><strong>et</strong></span> <span class='ocrx_word' id='word_1_138' title='bbox 1401 1722 1585 1780; x_wconf 89' lang='lat' dir='ltr'><strong>Titum,</strong></span> <span class='ocrx_word' id='word_1_139' title='bbox 1611 1738 1703 1771; x_wconf 94' lang='lat' dir='ltr'><strong>nec</strong></span> <span class='ocrx_word' id='word_1_140' title='bbox 1739 1724 1876 1771; x_wconf 90' lang='lat' dir='ltr'><strong>adin-</strong></span> 
     </span>
     <span class='ocr_line' id='line_1_17' title="bbox 20 1801 1878 1867; baseline 0.001 -15"><span class='ocrx_word' id='word_1_141' title='bbox 20 1839 33 1852; x_wconf 29' lang='grc' dir='ltr'><strong>,Ἴ</strong></span> <span class='ocrx_word' id='word_1_142' title='bbox 118 1801 371 1849; x_wconf 83' lang='lat' dir='ltr'><strong>ventiones</strong></span> <span class='ocrx_word' id='word_1_143' title='bbox 403 1815 556 1849; x_wconf 87' lang='lat' dir='ltr'><strong>novas</strong></span> <span class='ocrx_word' id='word_1_144' title='bbox 580 1801 844 1851; x_wconf 89' lang='lat' dir='ltr'><strong>Caesareas</strong></span> <span class='ocrx_word' id='word_1_145' title='bbox 881 1802 971 1849; x_wconf 91' lang='lat' dir='ltr'><strong>sub</strong></span> <span class='ocrx_word' id='word_1_146' title='bbox 1008 1817 1171 1864; x_wconf 90' lang='lat' dir='ltr'><strong>poena</strong></span> <span class='ocrx_word' id='word_1_147' title='bbox 1205 1804 1394 1865; x_wconf 90' lang='lat' dir='ltr'><strong>peccati</strong></span> <span class='ocrx_word' id='word_1_148' title='bbox 1429 1805 1589 1867; x_wconf 88' lang='lat' dir='ltr'><strong>gravis</strong></span> <span class='ocrx_word' id='word_1_149' title='bbox 1624 1805 1768 1852; x_wconf 91' lang='lat' dir='ltr'><strong>debet</strong></span> <span class='ocrx_word' id='word_1_150' title='bbox 1793 1806 1878 1853; x_wconf 92' lang='lat' dir='ltr'><strong>ad-</strong></span> 
     </span>
    </p>
   </div>
   <div class='ocr_carea' id='block_1_10' title="bbox 0 3060 26 3831">
    <p class='ocr_par' dir='ltr' id='par_1_10' title="bbox 0 3060 26 3831">
     <span class='ocr_line' id='line_1_18' title="bbox 0 3060 26 3831; textangle 90"><span class='ocrx_word' id='word_1_151' title='bbox 0 3789 18 3831; x_wconf 48' lang='lat'><strong>„¹⁸5⁴</strong></span> <span class='ocrx_word' id='word_1_152' title='bbox 0 3500 19 3773; x_wconf 62' lang='lat' dir='ltr'><strong>¹·WW?“&#39;⁴&#39;··‘</strong></span> <span class='ocrx_word' id='word_1_153' title='bbox 0 3461 15 3492; x_wconf 58' lang='lat' dir='ltr'><strong>m</strong></span> <span class='ocrx_word' id='word_1_154' title='bbox 0 3443 11 3451; x_wconf 73' lang='grc' dir='ltr'>ι</span> <span class='ocrx_word' id='word_1_155' title='bbox 0 3359 25 3436; x_wconf 48' lang='lat'><strong>*4:503</strong></span> <span class='ocrx_word' id='word_1_156' title='bbox 0 3315 19 3348; x_wconf 48' lang='grc' dir='ltr'><strong>ς]</strong></span> <span class='ocrx_word' id='word_1_157' title='bbox 0 3282 13 3305; x_wconf 67' lang='lat'><strong>¹⁷«</strong></span> <span class='ocrx_word' id='word_1_158' title='bbox 0 3204 22 3274; x_wconf 40' lang='lat' dir='ltr'><strong>*us-u</strong></span> <span class='ocrx_word' id='word_1_159' title='bbox 0 3143 18 3194; x_wconf 49' lang='lat'><strong>42¹3,-</strong></span> <span class='ocrx_word' id='word_1_160' title='bbox 8 3126 15 3135; x_wconf 30' lang='grc' dir='ltr'><strong>Α,</strong></span> <span class='ocrx_word' id='word_1_161' title='bbox 0 3108 3 3114; x_wconf 79' lang='grc'>-</span> <span class='ocrx_word' id='word_1_162' title='bbox 0 3081 18 3098; x_wconf 20' lang='lat' dir='ltr'><strong>‚pv</strong></span> <span class='ocrx_word' id='word_1_163' title='bbox 0 3060 26 3068; x_wconf 53' lang='grc' dir='ltr'>ἰ</span> 
     </span>
    </p>
   </div>
   <div class='ocr_carea' id='block_1_11' title="bbox 117 1881 1878 2194">
    <p class='ocr_par' dir='ltr' id='par_1_11' title="bbox 117 1881 1874 2028">
     <span class='ocr_line' id='line_1_19' title="bbox 117 1881 1874 1949; baseline 0.002 -18"><span class='ocrx_word' id='word_1_164' title='bbox 117 1882 320 1931; x_wconf 84' lang='lat' dir='ltr'><strong>mittere.</strong></span> <span class='ocrx_word' id='word_1_165' title='bbox 395 1881 539 1930; x_wconf 89' lang='lat' dir='ltr'><strong>Unde</strong></span> <span class='ocrx_word' id='word_1_166' title='bbox 562 1897 665 1931; x_wconf 90' lang='lat' dir='ltr'><strong>non</strong></span> <span class='ocrx_word' id='word_1_167' title='bbox 682 1882 856 1931; x_wconf 78' lang='lat' dir='ltr'><strong>‘dubito</strong></span> <span class='ocrx_word' id='word_1_168' title='bbox 882 1884 1000 1945; x_wconf 90' lang='lat' dir='ltr'><strong>quin</strong></span> <span class='ocrx_word' id='word_1_169' title='bbox 1025 1884 1075 1931; x_wconf 92' lang='lat' dir='ltr'><strong>in</strong></span> <span class='ocrx_word' id='word_1_170' title='bbox 1100 1898 1344 1933; x_wconf 91' lang='lat' dir='ltr'><strong>consensu</strong></span> <span class='ocrx_word' id='word_1_171' title='bbox 1368 1885 1678 1934; x_wconf 87' lang='lat' dir='ltr'><strong>admissionis</strong></span> <span class='ocrx_word' id='word_1_172' title='bbox 1712 1886 1874 1949; x_wconf 90' lang='lat' dir='ltr'><strong>hujus-</strong></span> 
     </span>
     <span class='ocr_line' id='line_1_20' title="bbox 119 1963 900 2028; baseline 0 -15"><span class='ocrx_word' id='word_1_173' title='bbox 119 1963 256 2013; x_wconf 85' lang='lat' dir='ltr'><strong>modi</strong></span> <span class='ocrx_word' id='word_1_174' title='bbox 280 1971 393 2013; x_wconf 87' lang='lat' dir='ltr'><strong>sunt</strong></span> <span class='ocrx_word' id='word_1_175' title='bbox 413 1964 631 2028; x_wconf 79' lang='lat' dir='ltr'><strong>plurimi³</strong></span> <span class='ocrx_word' id='word_1_176' title='bbox 657 1965 900 2013; x_wconf 91' lang='lat' dir='ltr'><strong>maculati.</strong></span> 
     </span>
    </p>

    <p class='ocr_par' dir='ltr' id='par_1_12' title="bbox 117 2045 1878 2194">
     <span class='ocr_line' id='line_1_21' title="bbox 184 2045 1878 2113; baseline 0.002 -18"><span class='ocrx_word' id='word_1_177' title='bbox 184 2045 318 2095; x_wconf 89' lang='lat' dir='ltr'><strong>Nam</strong></span> <span class='ocrx_word' id='word_1_178' title='bbox 340 2046 590 2110; x_wconf 92' lang='lat' dir='ltr'><strong>loquendo</strong></span> <span class='ocrx_word' id='word_1_179' title='bbox 623 2047 813 2094; x_wconf 84' lang='lat' dir='ltr'><strong>secundo</strong></span> <span class='ocrx_word' id='word_1_180' title='bbox 848 2047 972 2094; x_wconf 89' lang='lat' dir='ltr'><strong>modo</strong></span> <span class='ocrx_word' id='word_1_181' title='bbox 996 2046 1057 2096; x_wconf 92' lang='lat' dir='ltr'><strong>de</strong></span> <span class='ocrx_word' id='word_1_182' title='bbox 1093 2048 1278 2106; x_wconf 89' lang='lat' dir='ltr'><strong>ordine,</strong></span> <span class='ocrx_word' id='word_1_183' title='bbox 1305 2057 1490 2097; x_wconf 90' lang='lat' dir='ltr'><strong>certum</strong></span> <span class='ocrx_word' id='word_1_184' title='bbox 1526 2057 1599 2098; x_wconf 91' lang='lat' dir='ltr'><strong>est</strong></span> <span class='ocrx_word' id='word_1_185' title='bbox 1636 2049 1769 2113; x_wconf 92' lang='lat' dir='ltr'><strong>quod</strong></span> <span class='ocrx_word' id='word_1_186' title='bbox 1805 2058 1878 2098; x_wconf 90' lang='lat' dir='ltr'><strong>est</strong></span> 
     </span>
     <span class='ocr_line' id='line_1_22' title="bbox 117 2127 1877 2194; baseline 0.002 -17"><span class='ocrx_word' id='word_1_187' title='bbox 117 2127 232 2178; x_wconf 79' lang='lat' dir='ltr'><strong>dare</strong></span> <span class='ocrx_word' id='word_1_188' title='bbox 273 2128 499 2176; x_wconf 89' lang='lat' dir='ltr'><strong>ordinem</strong></span> <span class='ocrx_word' id='word_1_189' title='bbox 541 2128 796 2176; x_wconf 89' lang='lat' dir='ltr'><strong>militarem</strong></span> <span class='ocrx_word' id='word_1_190' title='bbox 838 2137 887 2176; x_wconf 91' lang='lat' dir='ltr'><strong>et</strong></span> <span class='ocrx_word' id='word_1_191' title='bbox 926 2129 1142 2192; x_wconf 88' lang='lat' dir='ltr'><strong>regalem</strong></span> <span class='ocrx_word' id='word_1_192' title='bbox 1183 2139 1231 2178; x_wconf 93' lang='lat' dir='ltr'><strong>et</strong></span> <span class='ocrx_word' id='word_1_193' title='bbox 1272 2131 1590 2194; x_wconf 88' lang='lat' dir='ltr'><strong>imperialem,</strong></span> <span class='ocrx_word' id='word_1_194' title='bbox 1634 2133 1716 2194; x_wconf 93' lang='lat' dir='ltr'><strong>qui</strong></span> <span class='ocrx_word' id='word_1_195' title='bbox 1767 2141 1877 2180; x_wconf 91' lang='lat' dir='ltr'><strong>sunt</strong></span> 
     </span>
    </p>
   </div>
   <div class='ocr_carea' id='block_1_12' title="bbox 69 2209 1872 2276">
    <p class='ocr_par' dir='ltr' id='par_1_13' title="bbox 69 2209 1872 2276">
     <span class='ocr_line' id='line_1_23' title="bbox 69 2209 1872 2276; baseline 0.002 -18"><span class='ocrx_word' id='word_1_196' title='bbox 69 2234 75 2238; x_wconf 95' lang='lat'>·</span> <span class='ocrx_word' id='word_1_197' title='bbox 116 2209 274 2273; x_wconf 85' lang='lat' dir='ltr'><strong>magis</strong></span> <span class='ocrx_word' id='word_1_198' title='bbox 308 2209 580 2259; x_wconf 84' lang='lat' dir='ltr'><strong>fundabiles</strong></span> <span class='ocrx_word' id='word_1_199' title='bbox 612 2225 760 2273; x_wconf 89' lang='lat' dir='ltr'><strong>quam</strong></span> <span class='ocrx_word' id='word_1_200' title='bbox 796 2210 1029 2273; x_wconf 89' lang='lat' dir='ltr'><strong>praedicti</strong></span> <span class='ocrx_word' id='word_1_201' title='bbox 1052 2212 1250 2260; x_wconf 90' lang='lat' dir='ltr'><strong>ordines</strong></span> <span class='ocrx_word' id='word_1_202' title='bbox 1282 2228 1413 2260; x_wconf 91' lang='lat' dir='ltr'><strong>nunc</strong></span> <span class='ocrx_word' id='word_1_203' title='bbox 1450 2213 1639 2276; x_wconf 83' lang='lat' dir='ltr'><strong>adjecti.</strong></span> <span class='ocrx_word' id='word_1_204' title='bbox 1711 2213 1872 2261; x_wconf 88' lang='lat' dir='ltr'><strong>Radix</strong></span> 
     </span>
    </p>
   </div>
   <div class='ocr_carea' id='block_1_13' title="bbox 116 2288 1877 2846">
    <p class='ocr_par' dir='ltr' id='par_1_14' title="bbox 116 2288 1877 2846">
     <span class='ocr_line' id='line_1_24' title="bbox 116 2288 1876 2357; baseline 0.002 -17"><span class='ocrx_word' id='word_1_205' title='bbox 116 2300 280 2340; x_wconf 75' lang='lat' dir='ltr'><strong>antem</strong></span> <span class='ocrx_word' id='word_1_206' title='bbox 311 2288 652 2355; x_wconf 73' lang='lat' dir='ltr'><strong>blasphemae4</strong></span> <span class='ocrx_word' id='word_1_207' title='bbox 673 2294 1047 2355; x_wconf 88' lang='lat' dir='ltr'><strong>perturbationis</strong></span> <span class='ocrx_word' id='word_1_208' title='bbox 1079 2294 1311 2342; x_wconf 89' lang='lat' dir='ltr'><strong>ecclesiae</strong></span> <span class='ocrx_word' id='word_1_209' title='bbox 1345 2295 1395 2342; x_wconf 92' lang='lat' dir='ltr'><strong>in</strong></span> <span class='ocrx_word' id='word_1_210' title='bbox 1420 2295 1512 2343; x_wconf 90' lang='lat' dir='ltr'><strong>hac</strong></span> <span class='ocrx_word' id='word_1_211' title='bbox 1536 2304 1672 2357; x_wconf 89' lang='lat' dir='ltr'><strong>parte</strong></span> <span class='ocrx_word' id='word_1_212' title='bbox 1697 2311 1758 2343; x_wconf 86' lang='lat' dir='ltr'><strong>ex</strong></span> <span class='ocrx_word' id='word_1_213' title='bbox 1784 2296 1876 2344; x_wconf 91' lang='lat' dir='ltr'><strong>isto</strong></span> 
     </span>
     <span class='ocr_line' id='line_1_25' title="bbox 117 2373 1877 2439; baseline 0.001 -16"><span class='ocrx_word' id='word_1_214' title='bbox 117 2374 374 2432; x_wconf 74' lang='lat' dir='ltr'><strong>suboritur,</strong></span> <span class='ocrx_word' id='word_1_215' title='bbox 398 2373 532 2437; x_wconf 91' lang='lat' dir='ltr'><strong>quod</strong></span> <span class='ocrx_word' id='word_1_216' title='bbox 556 2373 716 2422; x_wconf 91' lang='lat' dir='ltr'><strong>clerici</strong></span> <span class='ocrx_word' id='word_1_217' title='bbox 747 2374 1063 2423; x_wconf 88' lang='lat' dir='ltr'><strong>abhorrentes</strong></span> <span class='ocrx_word' id='word_1_218' title='bbox 1089 2373 1266 2424; x_wconf 89' lang='lat' dir='ltr'><strong>Christi</strong></span> <span class='ocrx_word' id='word_1_219' title='bbox 1298 2378 1582 2439; x_wconf 88' lang='lat' dir='ltr'><strong>pauperiem</strong></span> <span class='ocrx_word' id='word_1_220' title='bbox 1616 2378 1684 2425; x_wconf 91' lang='lat' dir='ltr'><strong>sic</strong></span> <span class='ocrx_word' id='word_1_221' title='bbox 1716 2378 1877 2439; x_wconf 91' lang='lat' dir='ltr'><strong>impli-</strong></span> 
     </span>
     <span class='ocr_line' id='line_1_26' title="bbox 117 2455 1877 2520; baseline 0.001 -16"><span class='ocrx_word' id='word_1_222' title='bbox 117 2463 230 2504; x_wconf 83' lang='lat' dir='ltr'><strong>cant</strong></span> <span class='ocrx_word' id='word_1_223' title='bbox 255 2469 309 2504; x_wconf 85' lang='lat' dir='ltr'><strong>se</strong></span> <span class='ocrx_word' id='word_1_224' title='bbox 331 2470 446 2504; x_wconf 89' lang='lat' dir='ltr'><strong>cum</strong></span> <span class='ocrx_word' id='word_1_225' title='bbox 469 2455 669 2504; x_wconf 91' lang='lat' dir='ltr'><strong>mund0.</strong></span> <span class='ocrx_word' id='word_1_226' title='bbox 740 2455 817 2503; x_wconf 84' lang='lat' dir='ltr'><strong>Ex</strong></span> <span class='ocrx_word' id='word_1_227' title='bbox 839 2457 937 2504; x_wconf 92' lang='lat' dir='ltr'><strong>hoc</strong></span> <span class='ocrx_word' id='word_1_228' title='bbox 969 2458 1101 2504; x_wconf 90' lang='lat' dir='ltr'><strong>enim</strong></span> <span class='ocrx_word' id='word_1_229' title='bbox 1125 2458 1274 2520; x_wconf 80' lang='lat' dir='ltr'><strong>perit⁶</strong></span> <span class='ocrx_word' id='word_1_230' title='bbox 1297 2473 1469 2506; x_wconf 90' lang='lat' dir='ltr'><strong>eorum</strong></span> <span class='ocrx_word' id='word_1_231' title='bbox 1494 2459 1631 2517; x_wconf 92' lang='lat' dir='ltr'><strong>ord0,</strong></span> <span class='ocrx_word' id='word_1_232' title='bbox 1658 2474 1770 2506; x_wconf 91' lang='lat' dir='ltr'><strong>cum</strong></span> <span class='ocrx_word' id='word_1_233' title='bbox 1794 2460 1877 2506; x_wconf 93' lang='lat' dir='ltr'><strong>ubi</strong></span> 
     </span>
     <span class='ocr_line' id='line_1_27' title="bbox 117 2539 1876 2603; baseline 0.002 -16"><span class='ocrx_word' id='word_1_234' title='bbox 117 2539 430 2603; x_wconf 82' lang='lat' dir='ltr'><strong>generarent⁶</strong></span> <span class='ocrx_word' id='word_1_235' title='bbox 475 2539 598 2587; x_wconf 90' lang='lat' dir='ltr'><strong>filios</strong></span> <span class='ocrx_word' id='word_1_236' title='bbox 646 2539 926 2587; x_wconf 84' lang='lat' dir='ltr'><strong>imitationis</strong></span> <span class='ocrx_word' id='word_1_237' title='bbox 976 2539 1154 2588; x_wconf 90' lang='lat' dir='ltr'><strong>Christi</strong></span> <span class='ocrx_word' id='word_1_238' title='bbox 1201 2549 1249 2588; x_wconf 92' lang='lat' dir='ltr'><strong>et</strong></span> <span class='ocrx_word' id='word_1_239' title='bbox 1296 2542 1645 2603; x_wconf 87' lang='lat' dir='ltr'><strong>apostolorum,</strong></span> <span class='ocrx_word' id='word_1_240' title='bbox 1694 2543 1876 2590; x_wconf 92' lang='lat' dir='ltr'><strong>adulte-</strong></span> 
     </span>
     <span class='ocr_line' id='line_1_28' title="bbox 116 2619 1875 2686; baseline 0.001 -17"><span class='ocrx_word' id='word_1_241' title='bbox 116 2619 292 2670; x_wconf 77' lang='lat' dir='ltr'><strong>rative⁷</strong></span> <span class='ocrx_word' id='word_1_242' title='bbox 313 2628 548 2683; x_wconf 87' lang='lat' dir='ltr'><strong>generant</strong></span> <span class='ocrx_word' id='word_1_243' title='bbox 572 2620 697 2668; x_wconf 90' lang='lat' dir='ltr'><strong>filios</strong></span> <span class='ocrx_word' id='word_1_244' title='bbox 722 2621 1002 2678; x_wconf 88' lang='lat' dir='ltr'><strong>antichristi,</strong></span> <span class='ocrx_word' id='word_1_245' title='bbox 1027 2629 1075 2669; x_wconf 89' lang='lat' dir='ltr'><strong>et</strong></span> <span class='ocrx_word' id='word_1_246' title='bbox 1107 2636 1194 2683; x_wconf 91' lang='lat' dir='ltr'><strong>per</strong></span> <span class='ocrx_word' id='word_1_247' title='bbox 1225 2621 1321 2670; x_wconf 91' lang='lat' dir='ltr'><strong>hoc</strong></span> <span class='ocrx_word' id='word_1_248' title='bbox 1347 2622 1634 2670; x_wconf 88' lang='lat' dir='ltr'><strong>fortificatur</strong></span> <span class='ocrx_word' id='word_1_249' title='bbox 1670 2639 1875 2686; x_wconf 88' lang='lat' dir='ltr'><strong>regnum</strong></span> 
     </span>
     <span class='ocr_line' id='line_1_29' title="bbox 117 2702 1875 2765; baseline 0.001 -13"><span class='ocrx_word' id='word_1_250' title='bbox 117 2716 260 2752; x_wconf 75' lang='lat' dir='ltr'><strong>suum</strong></span> <span class='ocrx_word' id='word_1_251' title='bbox 299 2709 349 2750; x_wconf 91' lang='lat' dir='ltr'><strong>et</strong></span> <span class='ocrx_word' id='word_1_252' title='bbox 383 2715 592 2764; x_wconf 89' lang='lat' dir='ltr'><strong>regnum</strong></span> <span class='ocrx_word' id='word_1_253' title='bbox 632 2702 847 2764; x_wconf 89' lang='lat' dir='ltr'><strong>magistri</strong></span> <span class='ocrx_word' id='word_1_254' title='bbox 890 2702 960 2749; x_wconf 89' lang='lat' dir='ltr'><strong>sui</strong></span> <span class='ocrx_word' id='word_1_255' title='bbox 1000 2702 1178 2750; x_wconf 91' lang='lat' dir='ltr'><strong>diaboli</strong></span> <span class='ocrx_word' id='word_1_256' title='bbox 1218 2718 1364 2765; x_wconf 88' lang='lat' dir='ltr'><strong>supra</strong></span> <span class='ocrx_word' id='word_1_257' title='bbox 1398 2702 1690 2765; x_wconf 83' lang='lat' dir='ltr'><strong>proximos⁸.</strong></span> <span class='ocrx_word' id='word_1_258' title='bbox 1760 2704 1875 2753; x_wconf 90' lang='lat' dir='ltr'><strong>Feci</strong></span> 
     </span>
     <span class='ocr_line' id='line_1_30' title="bbox 116 2783 1875 2846; baseline 0.001 -14"><span class='ocrx_word' id='word_1_259' title='bbox 116 2791 280 2832; x_wconf 83' lang='lat' dir='ltr'><strong>autem</strong></span> <span class='ocrx_word' id='word_1_260' title='bbox 305 2783 422 2832; x_wconf 89' lang='lat' dir='ltr'><strong>alias</strong></span> <span class='ocrx_word' id='word_1_261' title='bbox 453 2783 718 2832; x_wconf 88' lang='lat' dir='ltr'><strong>evidentias</strong></span> <span class='ocrx_word' id='word_1_262' title='bbox 742 2783 804 2831; x_wconf 91' lang='lat' dir='ltr'><strong>ad</strong></span> <span class='ocrx_word' id='word_1_263' title='bbox 838 2783 1186 2832; x_wconf 88' lang='lat' dir='ltr'><strong>declarandum</strong></span> <span class='ocrx_word' id='word_1_264' title='bbox 1211 2785 1338 2846; x_wconf 89' lang='lat' dir='ltr'><strong>regis</strong></span> <span class='ocrx_word' id='word_1_265' title='bbox 1364 2793 1410 2833; x_wconf 90' lang='lat' dir='ltr'><strong>et</strong></span> <span class='ocrx_word' id='word_1_266' title='bbox 1444 2786 1627 2834; x_wconf 90' lang='lat' dir='ltr'><strong>ordinis</strong></span> <span class='ocrx_word' id='word_1_267' title='bbox 1658 2786 1875 2834; x_wconf 89' lang='lat' dir='ltr'><strong>militaris</strong></span> 
     </span>
    </p>
   </div>
   <div class='ocr_carea' id='block_1_14' title="bbox 2020 456 2120 509">
    <p class='ocr_par' dir='ltr' id='par_1_15' title="bbox 2020 456 2120 509">
     <span class='ocr_line' id='line_1_31' title="bbox 2020 456 2120 509; baseline 0 0"><span class='ocrx_word' id='word_1_268' title='bbox 2020 456 2120 509; x_wconf 87' lang='lat'><strong>297</strong></span> 
     </span>
    </p>
   </div>
   <div class='ocr_carea' id='block_1_15' title="bbox 1935 2223 2224 2490">
    <p class='ocr_par' dir='ltr' id='par_1_16' title="bbox 1935 2223 2224 2490">
     <span class='ocr_line' id='line_1_32' title="bbox 1938 2223 2224 2253; baseline 0.003 -1"><span class='ocrx_word' id='word_1_269' title='bbox 1938 2226 2128 2253; x_wconf 82' lang='lat' dir='ltr'><strong>Perturbatio</strong></span> <span class='ocrx_word' id='word_1_270' title='bbox 2220 2223 2224 2248; x_wconf 73' lang='lat' dir='ltr'><strong>l</strong></span> 
     </span>
     <span class='ocr_line' id='line_1_33' title="bbox 1936 2251 2223 2307; baseline 0.007 -21"><span class='ocrx_word' id='word_1_271' title='bbox 1936 2260 2085 2287; x_wconf 81' lang='lat' dir='ltr'><strong>ecclesiae</strong></span> <span class='ocrx_word' id='word_1_272' title='bbox 2101 2260 2172 2288; x_wconf 89' lang='lat' dir='ltr'><strong>inde</strong></span> <span class='ocrx_word' id='word_1_273' title='bbox 2218 2251 2223 2307; x_wconf 64' lang='grc'>1</span> 
     </span>
     <span class='ocr_line' id='line_1_34' title="bbox 1935 2294 2170 2327; baseline 0 -7"><span class='ocrx_word' id='word_1_274' title='bbox 1935 2299 2002 2320; x_wconf 85' lang='lat' dir='ltr'><strong>orta</strong></span> <span class='ocrx_word' id='word_1_275' title='bbox 2016 2298 2071 2323; x_wconf 79' lang='lat' dir='ltr'><strong>est.</strong></span> <span class='ocrx_word' id='word_1_276' title='bbox 2086 2294 2170 2327; x_wconf 84' lang='lat' dir='ltr'><strong>quod</strong></span> 
     </span>
     <span class='ocr_line' id='line_1_35' title="bbox 1935 2327 2164 2361; baseline 0.004 -7"><span class='ocrx_word' id='word_1_277' title='bbox 1935 2327 2037 2354; x_wconf 83' lang='lat' dir='ltr'><strong>clerici</strong></span> <span class='ocrx_word' id='word_1_278' title='bbox 2072 2336 2164 2361; x_wconf 87' lang='lat' dir='ltr'><strong>aupe-</strong></span> 
     </span>
     <span class='ocr_line' id='line_1_36' title="bbox 1935 2336 2136 2388; baseline 0 0"><span class='ocrx_word' id='word_1_279' title='bbox 1935 2362 2008 2388; x_wconf 89' lang='lat' dir='ltr'><strong>riem</strong></span> <span class='ocrx_word' id='word_1_280' title='bbox 2023 2336 2136 2388; x_wconf 51' lang='lat' dir='ltr'><strong>clii-isti</strong></span> 
     </span>
     <span class='ocr_line' id='line_1_37' title="bbox 1935 2395 2137 2422; baseline 0.005 -1"><span class='ocrx_word' id='word_1_281' title='bbox 1935 2395 2137 2422; x_wconf 82' lang='lat' dir='ltr'><strong>abhorrentes</strong></span> 
     </span>
     <span class='ocr_line' id='line_1_38' title="bbox 1935 2429 2159 2463; baseline 0.004 -8"><span class='ocrx_word' id='word_1_282' title='bbox 1935 2429 2049 2456; x_wconf 89' lang='lat' dir='ltr'><strong>mundo</strong></span> <span class='ocrx_word' id='word_1_283' title='bbox 2064 2429 2159 2463; x_wconf 86' lang='lat' dir='ltr'><strong>impli-</strong></span> 
     </span>
     <span class='ocr_line' id='line_1_39' title="bbox 1935 2463 2091 2490; baseline 0 0"><span class='ocrx_word' id='word_1_284' title='bbox 1935 2463 1995 2490; x_wconf 81' lang='lat' dir='ltr'><strong>cati</strong></span> <span class='ocrx_word' id='word_1_285' title='bbox 2009 2468 2091 2490; x_wconf 87' lang='lat' dir='ltr'><strong>sunt.</strong></span> 
     </span>
    </p>
   </div>
   <div class='ocr_carea' id='block_1_16' title="bbox 117 2863 1939 2929">
    <p class='ocr_par' dir='ltr' id='par_1_17' title="bbox 117 2863 1939 2929">
     <span class='ocr_line' id='line_1_40' title="bbox 117 2863 1939 2929; baseline 0 -14"><span class='ocrx_word' id='word_1_286' title='bbox 117 2864 346 2915; x_wconf 87' lang='lat' dir='ltr'><strong>officium.</strong></span> <span class='ocrx_word' id='word_1_287' title='bbox 417 2864 550 2913; x_wconf 91' lang='lat' dir='ltr'><strong>Nam</strong></span> <span class='ocrx_word' id='word_1_288' title='bbox 595 2872 648 2913; x_wconf 91' lang='lat' dir='ltr'><strong>ut</strong></span> <span class='ocrx_word' id='word_1_289' title='bbox 695 2863 810 2914; x_wconf 91' lang='lat' dir='ltr'><strong>dicit</strong></span> <span class='ocrx_word' id='word_1_290' title='bbox 850 2864 1162 2927; x_wconf 80' lang='lat' dir='ltr'><strong>Augustinus,</strong></span> <span class='ocrx_word' id='word_1_291' title='bbox 1207 2866 1330 2914; x_wconf 90' lang='lat' dir='ltr'><strong>sicut</strong></span> <span class='ocrx_word' id='word_1_292' title='bbox 1377 2882 1507 2929; x_wconf 90' lang='lat' dir='ltr'><strong>papa</strong></span> <span class='ocrx_word' id='word_1_293' title='bbox 1555 2875 1627 2915; x_wconf 88' lang='lat' dir='ltr'><strong>est</strong></span> <span class='ocrx_word' id='word_1_294' title='bbox 1674 2867 1876 2916; x_wconf 87' lang='lat' dir='ltr'><strong>vicarius</strong></span> <span class='ocrx_word' id='word_1_295' title='bbox 1933 2884 1939 2889; x_wconf 53' lang='grc'><em>“</em></span> 
     </span>
    </p>
   </div>
   <div class='ocr_carea' id='block_1_17' title="bbox 118 2945 1876 3012">
    <p class='ocr_par' dir='ltr' id='par_1_18' title="bbox 118 2945 1876 3012">
     <span class='ocr_line' id='line_1_41' title="bbox 118 2945 1876 3012; baseline 0.001 -16"><span class='ocrx_word' id='word_1_296' title='bbox 118 2945 312 3005; x_wconf 90' lang='lat' dir='ltr'><strong>Christi,</strong></span> <span class='ocrx_word' id='word_1_297' title='bbox 338 2947 407 2995; x_wconf 90' lang='lat' dir='ltr'><strong>sic</strong></span> <span class='ocrx_word' id='word_1_298' title='bbox 430 2961 516 2994; x_wconf 82' lang='lat' dir='ltr'><strong>rex</strong></span> <span class='ocrx_word' id='word_1_299' title='bbox 540 2954 614 2994; x_wconf 92' lang='lat' dir='ltr'><strong>est</strong></span> <span class='ocrx_word' id='word_1_300' title='bbox 637 2946 839 2995; x_wconf 91' lang='lat' dir='ltr'><strong>vicarius</strong></span> <span class='ocrx_word' id='word_1_301' title='bbox 863 2946 986 2994; x_wconf 91' lang='lat' dir='ltr'><strong>Dei:</strong></span> <span class='ocrx_word' id='word_1_302' title='bbox 1024 2945 1184 3010; x_wconf 83' lang='lat' dir='ltr'><strong>quod⁹</strong></span> <span class='ocrx_word' id='word_1_303' title='bbox 1209 2947 1279 2995; x_wconf 90' lang='lat' dir='ltr'><strong>sic</strong></span> <span class='ocrx_word' id='word_1_304' title='bbox 1303 2947 1546 3009; x_wconf 80' lang='lat' dir='ltr'><strong>intellig03</strong></span> <span class='ocrx_word' id='word_1_305' title='bbox 1590 2949 1712 2996; x_wconf 89' lang='lat' dir='ltr'><strong>sicut</strong></span> <span class='ocrx_word' id='word_1_306' title='bbox 1748 2963 1876 3012; x_wconf 85' lang='lat' dir='ltr'><strong>papa</strong></span> 
     </span>
    </p>
   </div>
   <div class='ocr_carea' id='block_1_18' title="bbox 71 3026 1875 3092">
    <p class='ocr_par' dir='ltr' id='par_1_19' title="bbox 71 3026 1875 3092">
     <span class='ocr_line' id='line_1_42' title="bbox 71 3026 1875 3092; baseline 0 -16"><span class='ocrx_word' id='word_1_307' title='bbox 71 3076 75 3086; x_wconf 79' lang='grc'><em>,</em></span> <span class='ocrx_word' id='word_1_308' title='bbox 118 3026 264 3076; x_wconf 89' lang='lat' dir='ltr'><strong>debet</strong></span> <span class='ocrx_word' id='word_1_309' title='bbox 298 3028 436 3092; x_wconf 89' lang='lat' dir='ltr'><strong>sequi</strong></span> <span class='ocrx_word' id='word_1_310' title='bbox 470 3028 820 3076; x_wconf 87' lang='lat' dir='ltr'><strong>humanitatem</strong></span> <span class='ocrx_word' id='word_1_311' title='bbox 858 3027 1035 3076; x_wconf 91' lang='lat' dir='ltr'><strong>Christi</strong></span> <span class='ocrx_word' id='word_1_312' title='bbox 1069 3028 1120 3076; x_wconf 91' lang='lat' dir='ltr'><strong>in</strong></span> <span class='ocrx_word' id='word_1_313' title='bbox 1155 3029 1387 3086; x_wconf 90' lang='lat' dir='ltr'><strong>moribus,</strong></span> <span class='ocrx_word' id='word_1_314' title='bbox 1424 3029 1570 3076; x_wconf 89' lang='lat' dir='ltr'><strong>vitam</strong></span> <span class='ocrx_word' id='word_1_315' title='bbox 1609 3044 1875 3092; x_wconf 88' lang='lat' dir='ltr'><strong>pauperem</strong></span> 
     </span>
    </p>
   </div>
   <div class='ocr_carea' id='block_1_19' title="bbox 115 3109 1875 3256">
    <p class='ocr_par' dir='ltr' id='par_1_20' title="bbox 115 3109 1875 3256">
     <span class='ocr_line' id='line_1_43' title="bbox 117 3109 1875 3174; baseline 0 -17"><span class='ocrx_word' id='word_1_316' title='bbox 117 3122 254 3159; x_wconf 84' lang='lat' dir='ltr'><strong>more</strong></span> <span class='ocrx_word' id='word_1_317' title='bbox 278 3109 457 3160; x_wconf 90' lang='lat' dir='ltr'><strong>Christi</strong></span> <span class='ocrx_word' id='word_1_318' title='bbox 493 3118 542 3159; x_wconf 93' lang='lat' dir='ltr'><strong>et</strong></span> <span class='ocrx_word' id='word_1_319' title='bbox 577 3110 913 3173; x_wconf 91' lang='lat' dir='ltr'><strong>apostolorum</strong></span> <span class='ocrx_word' id='word_1_320' title='bbox 937 3109 1159 3168; x_wconf 91' lang='lat' dir='ltr'><strong>vivendo,</strong></span> <span class='ocrx_word' id='word_1_321' title='bbox 1185 3111 1448 3174; x_wconf 90' lang='lat' dir='ltr'><strong>opprobria</strong></span> <span class='ocrx_word' id='word_1_322' title='bbox 1484 3118 1531 3158; x_wconf 91' lang='lat' dir='ltr'><strong>et</strong></span> <span class='ocrx_word' id='word_1_323' title='bbox 1567 3118 1875 3172; x_wconf 90' lang='lat' dir='ltr'><strong>contemptus</strong></span> 
     </span>
     <span class='ocr_line' id='line_1_44' title="bbox 115 3191 1873 3256; baseline -0.001 -15"><span class='ocrx_word' id='word_1_324' title='bbox 115 3205 261 3256; x_wconf 78' lang='lat' dir='ltr'><strong>supra</strong></span> <span class='ocrx_word' id='word_1_325' title='bbox 301 3201 488 3241; x_wconf 88' lang='lat' dir='ltr'><strong>ceteros</strong></span> <span class='ocrx_word' id='word_1_326' title='bbox 533 3193 781 3256; x_wconf 87' lang='lat' dir='ltr'><strong>patiend0‚</strong></span> <span class='ocrx_word' id='word_1_327' title='bbox 824 3193 893 3241; x_wconf 90' lang='lat' dir='ltr'><strong>sic</strong></span> <span class='ocrx_word' id='word_1_328' title='bbox 940 3207 1025 3241; x_wconf 88' lang='lat' dir='ltr'><strong>rex</strong></span> <span class='ocrx_word' id='word_1_329' title='bbox 1074 3193 1218 3240; x_wconf 89' lang='lat' dir='ltr'><strong>debet</strong></span> <span class='ocrx_word' id='word_1_330' title='bbox 1266 3207 1371 3240; x_wconf 87' lang='lat' dir='ltr'><strong>esse</strong></span> <span class='ocrx_word' id='word_1_331' title='bbox 1408 3192 1611 3241; x_wconf 88' lang='lat' dir='ltr'><strong>vicarius</strong></span> <span class='ocrx_word' id='word_1_332' title='bbox 1653 3191 1873 3249; x_wconf 83' lang='lat' dir='ltr'><strong>DeitatiS‚</strong></span> 
     </span>
    </p>
   </div>
   <div class='ocr_carea' id='block_1_20' title="bbox 115 3362 1876 3580">
    <p class='ocr_par' dir='ltr' id='par_1_21' title="bbox 115 3362 1876 3580">
     <span class='ocr_line' id='line_1_45' title="bbox 171 3362 1871 3417; baseline 0.001 -13"><span class='ocrx_word' id='word_1_333' title='bbox 171 3364 186 3389; x_wconf 83' lang='lat'><em>¹</em></span> <span class='ocrx_word' id='word_1_334' title='bbox 215 3362 440 3417; x_wconf 85' lang='lat' dir='ltr'><strong>officiariis]</strong></span> <span class='ocrx_word' id='word_1_335' title='bbox 460 3363 718 3409; x_wconf 83' lang='lat' dir='ltr'><strong>officiatibus‚</strong></span> <span class='ocrx_word' id='word_1_336' title='bbox 739 3364 786 3403; x_wconf 91' lang='lat' dir='ltr'><strong>B.</strong></span> <span class='ocrx_word' id='word_1_337' title='bbox 804 3363 1005 3404; x_wconf 89' lang='lat' dir='ltr'><strong>secundae</strong></span> <span class='ocrx_word' id='word_1_338' title='bbox 1024 3376 1185 3403; x_wconf 90' lang='lat' dir='ltr'><strong>manus.</strong></span> <span class='ocrx_word' id='word_1_339' title='bbox 1309 3362 1324 3386; x_wconf 78' lang='lat'>²</span> <span class='ocrx_word' id='word_1_340' title='bbox 1352 3362 1603 3415; x_wconf 90' lang='lat' dir='ltr'><strong>detectione]</strong></span> <span class='ocrx_word' id='word_1_341' title='bbox 1625 3363 1871 3410; x_wconf 87' lang='lat' dir='ltr'><strong>detentione.</strong></span> 
     </span>
     <span class='ocr_line' id='line_1_46' title="bbox 117 3414 1873 3471; baseline 0 -12"><span class='ocrx_word' id='word_1_342' title='bbox 117 3414 165 3458; x_wconf 87' lang='lat' dir='ltr'><strong>B.</strong></span> <span class='ocrx_word' id='word_1_343' title='bbox 184 3418 248 3459; x_wconf 86' lang='lat' dir='ltr'><strong>ed.</strong></span> <span class='ocrx_word' id='word_1_344' title='bbox 268 3431 330 3471; x_wconf 86' lang='lat' dir='ltr'><strong>pr.</strong></span> <span class='ocrx_word' id='word_1_345' title='bbox 498 3418 514 3442; x_wconf 81' lang='lat'>⁸</span> <span class='ocrx_word' id='word_1_346' title='bbox 542 3418 726 3471; x_wconf 87' lang='lat' dir='ltr'><strong>plurimi]</strong></span> <span class='ocrx_word' id='word_1_347' title='bbox 749 3417 985 3470; x_wconf 86' lang='lat' dir='ltr'><strong>plurimum,</strong></span> <span class='ocrx_word' id='word_1_348' title='bbox 1010 3418 1056 3457; x_wconf 91' lang='lat' dir='ltr'><strong>B.</strong></span> <span class='ocrx_word' id='word_1_349' title='bbox 1161 3466 1170 3471; x_wconf 27' lang='grc' dir='ltr'><em>ὀ</em></span> <span class='ocrx_word' id='word_1_350' title='bbox 1232 3416 1247 3440; x_wconf 79' lang='lat'><strong>⁴</strong></span> <span class='ocrx_word' id='word_1_351' title='bbox 1274 3417 1558 3470; x_wconf 87' lang='lat' dir='ltr'><strong>blasphemae]</strong></span> <span class='ocrx_word' id='word_1_352' title='bbox 1582 3417 1873 3470; x_wconf 89' lang='lat' dir='ltr'><strong>blasphemiae,</strong></span> 
     </span>
     <span class='ocr_line' id='line_1_47' title="bbox 116 3470 1876 3525; baseline 0.001 -13"><span class='ocrx_word' id='word_1_353' title='bbox 116 3470 172 3512; x_wconf 92' lang='lat' dir='ltr'><strong>D.</strong></span> <span class='ocrx_word' id='word_1_354' title='bbox 196 3473 259 3513; x_wconf 86' lang='lat' dir='ltr'><strong>ed.</strong></span> <span class='ocrx_word' id='word_1_355' title='bbox 284 3485 347 3525; x_wconf 89' lang='lat' dir='ltr'><strong>pr.</strong></span> <span class='ocrx_word' id='word_1_356' title='bbox 546 3473 562 3496; x_wconf 75' lang='lat'>³</span> <span class='ocrx_word' id='word_1_357' title='bbox 590 3471 717 3524; x_wconf 85' lang='lat' dir='ltr'><strong>perit]</strong></span> <span class='ocrx_word' id='word_1_358' title='bbox 738 3478 866 3525; x_wconf 72' lang='lat' dir='ltr'><strong>patet,</strong></span> <span class='ocrx_word' id='word_1_359' title='bbox 885 3471 949 3512; x_wconf 88' lang='lat' dir='ltr'><strong>ed.</strong></span> <span class='ocrx_word' id='word_1_360' title='bbox 1001 3485 1029 3512; x_wconf 92' lang='lat' dir='ltr'><strong>r.</strong></span> <span class='ocrx_word' id='word_1_361' title='bbox 1255 3471 1271 3495; x_wconf 77' lang='lat'>⁸</span> <span class='ocrx_word' id='word_1_362' title='bbox 1298 3471 1562 3524; x_wconf 79' lang='lat' dir='ltr'><strong>generarent]</strong></span> <span class='ocrx_word' id='word_1_363' title='bbox 1584 3472 1596 3511; x_wconf 89' lang='lat' dir='ltr'><strong>i</strong></span> <span class='ocrx_word' id='word_1_364' title='bbox 1619 3485 1654 3511; x_wconf 93' lang='lat' dir='ltr'><strong>e.</strong></span> <span class='ocrx_word' id='word_1_365' title='bbox 1678 3486 1876 3524; x_wconf 88' lang='lat' dir='ltr'><strong>generare</strong></span> 
     </span>
     <span class='ocr_line' id='line_1_48' title="bbox 115 3525 1874 3580; baseline 0.001 -13"><span class='ocrx_word' id='word_1_366' title='bbox 115 3526 306 3568; x_wconf 79' lang='lat' dir='ltr'><strong>debeant.</strong></span> <span class='ocrx_word' id='word_1_367' title='bbox 528 3526 544 3549; x_wconf 80' lang='lat'><strong>‘¹</strong></span> <span class='ocrx_word' id='word_1_368' title='bbox 573 3525 862 3578; x_wconf 84' lang='lat' dir='ltr'><strong>adulterative]</strong></span> <span class='ocrx_word' id='word_1_369' title='bbox 883 3526 964 3566; x_wconf 87' lang='lat' dir='ltr'><strong>adu</strong></span> <span class='ocrx_word' id='word_1_370' title='bbox 982 3526 1123 3572; x_wconf 85' lang='lat' dir='ltr'><strong>terine,</strong></span> <span class='ocrx_word' id='word_1_371' title='bbox 1146 3526 1199 3565; x_wconf 92' lang='lat' dir='ltr'><strong>D.</strong></span> <span class='ocrx_word' id='word_1_372' title='bbox 1220 3525 1283 3565; x_wconf 88' lang='lat' dir='ltr'><strong>ed.</strong></span> <span class='ocrx_word' id='word_1_373' title='bbox 1304 3539 1367 3578; x_wconf 88' lang='lat' dir='ltr'><strong>pr.</strong></span> <span class='ocrx_word' id='word_1_374' title='bbox 1598 3526 1613 3549; x_wconf 81' lang='lat'>⁸</span> <span class='ocrx_word' id='word_1_375' title='bbox 1642 3527 1874 3580; x_wconf 90' lang='lat' dir='ltr'><strong>proximos]</strong></span> 
     </span>
    </p>
   </div>
   <div class='ocr_carea' id='block_1_21' title="bbox 118 3580 1291 3633">
    <p class='ocr_par' dir='ltr' id='par_1_22' title="bbox 118 3580 1291 3633">
     <span class='ocr_line' id='line_1_49' title="bbox 118 3580 1291 3633; baseline -0.002 -12"><span class='ocrx_word' id='word_1_376' title='bbox 118 3580 342 3627; x_wconf 87' lang='lat' dir='ltr'><strong>Christum,</strong></span> <span class='ocrx_word' id='word_1_377' title='bbox 366 3581 520 3622; x_wconf 87' lang='lat' dir='ltr'><strong>A.B.C.</strong></span> <span class='ocrx_word' id='word_1_378' title='bbox 542 3581 604 3621; x_wconf 90' lang='lat' dir='ltr'><strong>ed.</strong></span> <span class='ocrx_word' id='word_1_379' title='bbox 628 3593 689 3633; x_wconf 89' lang='lat' dir='ltr'><strong>pr.</strong></span> <span class='ocrx_word' id='word_1_380' title='bbox 855 3580 872 3605; x_wconf 80' lang='lat'><strong>⁹</strong></span> <span class='ocrx_word' id='word_1_381' title='bbox 900 3580 1031 3633; x_wconf 89' lang='lat' dir='ltr'><strong>quod]</strong></span> <span class='ocrx_word' id='word_1_382' title='bbox 1052 3586 1104 3627; x_wconf 88' lang='lat' dir='ltr'><strong>et,</strong></span> <span class='ocrx_word' id='word_1_383' title='bbox 1132 3580 1291 3620; x_wconf 63' lang='grc' dir='ltr'><strong>ΑΒΕ.</strong></span> 
     </span>
    </p>
   </div>
  </div>
 </body>
</html>
