2436 4094
270 1131 317 1158 De
332 1131 379 1157 ani
383 1139 441 1157 11111

267 1621 349 1648 Num
363 1619 465 1647 anima

266 1654 449 1682 intellectiva

265 1688 451 1722 corruptioni

265 1722 399 1749 obnoxia
411 1721 460 1750 sit.

267 2193 397 2233 Animae
409 2195 510 2234 inesse

263 2232 393 2267 activam
406 2237 465 2255 vim

265 2269 409 2295 corporis.

234 2355 237 2391 l

1048 443 1470 506 JOANNIS
1515 446 1864 496 WICLIF
2195 467 2333 496 mnu.

589 578 696 615 sunt
721 569 859 630 panis
885 576 931 615 et
956 570 1133 627 vinum,
1161 571 1281 618 sicut
1306 572 1492 634 species
1518 575 1656 636 panis
1689 581 1737 622 et
1760 575 1856 622 vini
1892 582 2002 623 sunt
2033 576 2255 638 pancitas
2285 583 2333 623 et

526 706 534 708 „
586 650 784 696 vineitas
809 650 856 695 in
883 652 1144 699 communi.

1332 855 1488 904 CAP.
1529 857 1585 904 V.

1021 978 1096 1026 De
1118 982 1276 1028 anima
1301 982 1571 1028 intellectiva
1595 988 1638 1029 el
1657 983 1888 1029 sensitiva.

648 1102 846 1150 Alz'llzz'a.
918 1103 1118 1151 Videtur
1155 1119 1460 1167 consequens
1496 1104 1558 1152 ad
1595 1105 1745 1153 dicta¹
1781 1106 2086 1154 tractandum
2123 1121 2231 1155 esse
2267 1106 2329 1155 de

581 1184 742 1231 anima
778 1185 1064 1233 intellectiva
1105 1194 1152 1233 et
1195 1186 1291 1234 suis
1330 1187 1572 1249 potentiis,
1611 1195 1710 1234 tam
1748 1188 1990 1249 organicis
2032 1202 2182 1250 quam
2223 1203 2327 1237 non

581 1266 834 1327 organicis.
925 1266 1022 1314 Sed
1069 1267 1254 1315 videtur
1301 1268 1432 1326 mihi,
1474 1268 1617 1315 frater
1664 1267 1938 1327 Phrenesis,
1981 1277 2028 1317 te
2073 1269 2328 1319 manifeste

581 1348 793 1405 innuere,
821 1349 954 1410 quod
979 1349 1139 1396 anima
1173 1350 1459 1397 intellectiva
1484 1351 1542 1397 sit
1574 1357 1708 1397 actus
1734 1351 1952 1413 corporis
1978 1350 2149 1413 phisici
2182 1365 2324 1413 orga-

581 1429 689 1485 nici,
715 1429 935 1477 habentis
969 1430 1112 1478 vitam
1146 1431 1195 1477 in
1229 1432 1456 1493 potentin,
1480 1438 1533 1478 ut
1565 1430 1832 1478 Aristoteles
1858 1432 2085 1480 describit
2109 1432 2324 1479 animam

580 1511 630 1557 in
656 1512 918 1559 communi.

647 1591 872 1639 Pseuslz's.
946 1590 1071 1640 Hic2
1102 1608 1203 1640 non
1237 1602 1395 1655 potest
1426 1593 1570 1642 frater
1602 1602 1711 1642 tuus
1736 1594 2096 1655 contradicere3
2133 1603 2180 1643 et
2214 1611 2325 1644 cum

582 1675 741 1721 omnis
778 1675 940 1722 anima
974 1676 1240 1737 vegetativa
1275 1676 1348 1722 vel
1386 1676 1609 1724 sensitiva
1635 1676 1693 1723 sit
1717 1675 1967 1724 educibilis
2009 1676 2068 1724 de
2104 1678 2325 1739 potentia

580 1755 822 1812 materiae,
847 1764 893 1802 et
919 1756 986 1803 sic
1013 1757 1330 1818 corruptibilis
1355 1757 1418 1804 ad
1442 1758 1802 1819 corruptionem
1828 1757 1900 1805 sui
1926 1758 2143 1820 subjecti,
2168 1759 2325 1806 mani-

582 1836 697 1883 feste
733 1836 929 1894 videtur,
965 1838 1098 1899 quod
1134 1838 1294 1884 anima
1328 1837 1613 1886 intellectiva
1647 1839 1859 1886 hominis
1894 1840 1955 1887 sit
1991 1839 2328 1902 corruptibilis,

581 1918 702 1964 sicut
737 1918 851 1964 dicit
886 1918 1096 1966 haeresis
1127 1919 1326 1967 Averoz‘s
1352 1928 1398 1966 et
1431 1920 1633 1967 aliorum
1666 1919 1919 1967 manifeste
1953 1921 2004 1967 in
2034 1920 2129 1968 fide
2162 1936 2323 1969 erran-

581 1999 713 2046 tium.
792 1999 887 2046 Ubi
913 2001 1055 2062 igitur
1091 2009 1164 2048 est
1193 2001 1311 2048 haec
1347 2001 1467 2049 fides
1503 2001 1774 2063 evangeliiss,
1817 2001 2037 2049 ‘Timete
2075 2017 2201 2061 eum,
2239 2004 2322 2066 qui

579 2087 738 2142 potest
762 2088 859 2127 tam
886 2096 1062 2143 corpus
1087 2097 1234 2144 quam
1260 2083 1472 2129 animam
1495 2083 1680 2130 mittere
1707 2084 1756 2130 in
1780 2083 2056 2144 gehennam
2073 2085 2090 2130 ?
2106 2082 2118 2100 '

647 2161 917 2209 Phronesz's.
987 2162 1174 2221 Fateor,
1202 2165 1335 2225 quod
1359 2173 1410 2211 ut
1448 2166 1609 2212 soror4
1638 2166 1819 2223 asserit,
1847 2166 2231 2228 consequenter⁵
2255 2166 2318 2214 ad

580 2244 706 2291 dicta
723 2245 782 2292 de
802 2245 963 2291 anima
979 2245 1190 2292 hominis
1204 2246 1301 2293 θεῖ6
1316 2246 1628 2308 loquendum,
1640 2247 1725 2294 sed
1740 2247 1918 2294 tenebo
1933 2262 2013 2294 me
2028 2248 2078 2294 in
2094 2247 2321 2296 limitibus

579 2325 703 2384 fidei,
739 2326 989 2387 sequendo
1022 2326 1355 2389 philosophos,
1382 2328 1441 2375 de
1475 2337 1657 2390 quanto
1694 2329 2003 2376 consentiunt
2026 2329 2109 2376 ei⁷.
2177 2329 2320 2377 Aris-

576 2408 719 2453 toteles
738 2415 899 2454 autem
924 2415 969 2454 et
994 2406 1070 2454 alii
1097 2408 1380 2456 diffinientes
1405 2410 1618 2457 animam
1642 2410 1693 2456 in
1717 2410 1966 2457 communi
1992 2410 2052 2458 de
2071 2411 2177 2473 ipsa
2200 2426 2319 2459 con-

579 2489 803 2545 siderant,
847 2498 899 2535 ut
940 2496 1012 2535 est
1049 2498 1183 2536 actus
1220 2490 1293 2537 vel
1330 2491 1538 2538 actuatio
1577 2491 1794 2553 corporis
1831 2491 2072 2551 naturalis,
2109 2493 2320 2555 potentis

578 2570 834 2632 subjective
868 2585 1091 2617 exercere
1126 2571 1433 2633 operationes
1467 2572 1645 2629 vitales,
1673 2580 1719 2620 et
1751 2573 1846 2620 hoc
1871 2580 1943 2620 est
1968 2588 2145 2636 corpus
2169 2574 2319 2637 phisi—

577 2666 687 2698 curn
711 2651 898 2698 habens
921 2651 1064 2698 vitam
1089 2652 1136 2698 in
1162 2653 1388 2714 potentia.
1461 2652 1537 2700 Ex
1564 2669 1664 2716 quo
1687 2662 1830 2716 patet,
1852 2670 1963 2702 cum
1989 2655 2194 2718 spiritus,
2220 2670 2321 2719 quo

575 2733 722 2780 homo
756 2733 879 2791 vivit,
913 2733 970 2781 sit
1002 2734 1373 2797 incorruptibilis
1407 2743 1549 2798 atque
1582 2744 1856 2798 perpetuUS,
1882 2737 2016 2799 quod
2049 2737 2224 2786 accidit
2255 2738 2319 2786 illi

575 2815 757 2877 spiritui
784 2815 850 2862 sic
877 2823 1068 2862 actuare
1093 2831 1269 2879 corpus
1289 2818 1606 2879 corruptibile.
1681 2817 1800 2865 Ideo
1825 2818 2024 2877 videtur,
2044 2819 2179 2881 quod
2203 2819 2319 2868 dicti

573 2896 849 2959 philosophi
875 2897 1180 2945 considerant
1205 2899 1265 2946 de
1296 2906 1406 2946 actu
1438 2899 1596 2961 primo
1630 2899 1855 2947 naturalis
1889 2900 2119 2962 corporis,
2145 2915 2317 2949 secun-

574 2979 690 3025 dum
731 2979 981 3036 rationem,
1023 2994 1119 3041 qua
1160 2980 1320 3042 ipsum
1362 2987 1434 3027 est
1474 2980 1678 3027 mixtum
1720 2994 1899 3043 corpus
1940 2981 2009 3028 sic
2051 2981 2225 3040 vivum,
2265 2991 2317 3030 ut

573 3060 791 3108 videmus
816 3061 875 3108 de
901 3062 1248 3122 vegetabilibus
1271 3069 1319 3109 et
1344 3061 1646 3109 sensibilibus
1673 3061 1982 3124 corporibus⁸
2001 3062 2079 3110 hic
2104 3062 2154 3109 in
2177 3070 2317 3111 terra.

572 3142 634 3189 Et
681 3143 748 3190 sic
794 3142 1064 3190 Arzlvloleles
1111 3159 1212 3191 non
1260 3143 1580 3191 consideravit
1627 3143 1713 3192 sed
1760 3144 1920 3201 tacuit,
1969 3143 2104 3206 quod
2151 3144 2316 3192 anima

572 3224 782 3272 hominis
823 3225 879 3272 sit
921 3226 1063 3282 basis,
1107 3225 1358 3287 supposito
1391 3225 1464 3271 vel
1496 3238 1732 3287 personae
1770 3224 2026 3281 humanae,
2070 3226 2139 3272 sic
2160 3210 2314 3288 ¹quod

626 3366 638 3387 ¹
669 3366 797 3417 dicta]
820 3367 921 3406 haec
940 3367 1060 3411 dicta,
1084 3366 1137 3405 D.
1303 3366 1318 3388 ²
1346 3366 1432 3418 hic]
1454 3366 1562 3410 hinc,
1585 3366 1637 3406 D.
1830 3367 1844 3389 ³
1872 3366 2089 3419 evangelii]
2112 3368 2312 3420 evangelii

572 3419 722 3458 Matth.
744 3434 780 3458 x.
803 3421 957 3460 A.B.C.
981 3421 1042 3461 ed.
1065 3434 1125 3473 pr.
1363 3419 1378 3443 ⁴
1406 3421 1515 3473 quod
1535 3427 1580 3460 ut
1601 3420 1734 3472 soror]
1757 3426 1802 3460 ut
1822 3433 1937 3460 soror
1955 3433 2059 3465 mea,
2080 3421 2144 3460 ed.
2165 3434 2240 3473 pr„
2262 3422 2310 3462 C.

571 3473 725 3523 primae
746 3487 900 3519 manus,
923 3475 975 3513 D.
1169 3475 1184 3497 ⁵
1213 3475 1524 3527 consequenter]
1548 3475 1827 3520 communiter,
1849 3475 1910 3514 ed.
1931 3487 1991 3527 pr.
2183 3475 2200 3498 ⁶
2227 3476 2309 3528 est]

570 3539 667 3569 esse,
689 3527 736 3566 C.
754 3528 816 3566 ed.
838 3541 896 3579 pr.
1115 3529 1130 3551 ⁷
1157 3529 1212 3580 ei]
1236 3529 1394 3574 rationi,
1419 3529 1472 3568 D.
1638 3530 1653 3552 ⁸
1681 3528 2035 3580 vegetabilibus-et
2054 3528 2310 3569 sensibilibus

570 3581 825 3631 corporibus]
849 3583 1102 3633 vegetatibus
1125 3589 1162 3622 et
1185 3583 1367 3622 sensibus
1387 3583 1580 3640 corporis,
1603 3583 1665 3622 ed.
1687 3596 1745 3635 pr.
2228 3592 2241 3594 ⁴
