2424 4120
333 420 440 472 442

1004 403 1438 468 JOANNJS
1507 404 1865 455 WJCLJF
2191 420 2325 456 cm.

572 540 680 602 quis
703 537 798 587 est1
823 554 852 586 a
875 538 1070 587 caritate
1095 538 1362 600 apostolica
1394 538 1598 601 amplius
1621 538 1838 587 alienus?
1895 537 1959 586 Et
1981 537 2165 586 videtur
2187 536 2321 600 quod

573 620 738 667 fratres
763 635 824 667 ex
849 628 973 668 statu
997 635 1086 668 suo
1110 619 1457 668 necessitantur
1480 620 1550 668 sic
1574 620 1919 682 concupiscere
1942 617 2193 667 honores2.

641 700 844 764 Septima
867 702 1080 749 conditio
1113 709 1199 760 est,
1225 702 1360 764 quod
1390 717 1480 749 non
1510 702 1693 763 quaerit
1718 717 1834 763 quae
1864 717 1950 749 sua
1977 706 2098 758 sunt,
2121 699 2218 748 hoc
2249 707 2324 748 est

572 797 675 830 non
699 783 828 845 capit
851 784 983 831 bona
1005 783 1201 846 propria
1223 782 1287 830 ad
1317 783 1551 831 damnum
1586 783 1865 831 universalis
1901 782 2147 831 ecclesiae.
2219 781 2320 830 Sed

572 864 611 911 si
635 863 803 911 fratres
827 866 1098 927 postposita
1120 866 1319 913 utilitate
1351 865 1631 914 universalis
1663 865 1894 913 ecclesiae
1925 871 2162 927 quaerunt
2191 864 2325 911 bona

570 959 811 1007 personae
849 945 922 993 sui
957 946 1141 998 ordinis
1181 947 1529 1005 monstruose³‚
1566 947 1675 1009 quis
1709 946 1818 1008 plus
1854 945 2038 1008 quaerit
2075 959 2202 1008 quae
2236 958 2325 992 sua

570 1036 693 1087 sunt,
713 1037 883 1080 contra
905 1029 1096 1091 regulas
1121 1031 1362 1080 caritatis?
1408 1031 1472 1079 Et
1494 1031 1622 1079 istud
1639 1030 1825 1078 videtur
1844 1028 2091 1078 diabolum
2115 1035 2323 1076 statuere

570 1112 673 1159 istis
698 1111 965 1169 ordinibuS,
992 1127 1104 1159 cum
1128 1113 1260 1160 aliter
1283 1129 1335 1161 se
1359 1115 1493 1175 ipsos
1521 1112 1783 1161 destruunt.

644 1191 822 1240 Octava
863 1193 1080 1241 conditio
1123 1195 1330 1243 caritatis
1370 1195 1484 1252 est4‚
1526 1193 1661 1256 quod
1699 1208 1790 1240 non
1827 1193 2063 1241 metatur.
2148 1190 2247 1241 Sed
2281 1191 2324 1240 si

571 1272 739 1322 fratres
780 1282 949 1322 contra
987 1275 1209 1323 veritates
1249 1275 1552 1337 evangelicas
1600 1275 1751 1322 dictas
1793 1274 1855 1322 de
1896 1274 1996 1323 suis
2037 1271 2222 1321 delictis
2262 1272 2326 1321 ad

566 1356 821 1404 ,utilitatem
845 1356 1079 1404 ecclesiae
1111 1357 1269 1419 magis
1301 1357 1366 1405 ad
1397 1356 1696 1404 iracundiam
1727 1362 2068 1418 provocantur,
2095 1361 2144 1402 et
2171 1353 2328 1416 speci-

573 1438 708 1485 aliter
732 1437 771 1485 si
795 1445 967 1499 putant
992 1453 1042 1486 se
1066 1445 1310 1500 praestare
1334 1437 1473 1486 Deo⁵
1498 1437 1787 1499 obsequium
1811 1437 1861 1484 in
1884 1438 1977 1484 isto
2003 1435 2199 1494 scelere,
2217 1435 2329 1498 quis

573 1519 730 1582 magis
754 1520 917 1567 obviat
944 1520 1160 1567 caritati?
1990 1565 1994 1567 ,

640 1599 785 1648 Nona
820 1600 1036 1648 conditio
1075 1601 1282 1648 caritatis
1307 1607 1392 1656 est,
1419 1599 1553 1663 quod
1587 1616 1676 1646 non
1711 1599 1881 1661 cogitat
1911 1598 2099 1647 malum.
2169 1596 2268 1646 Sed
2292 1596 2333 1645 si

573 1681 739 1730 fratres
763 1698 824 1730 ex
857 1697 948 1730 suo
981 1682 1150 1730 ordine
1183 1683 1534 1730 necessitantur
1557 1681 1751 1728 fraudes
1783 1688 1832 1728 et
1866 1680 2071 1727 malitias
2099 1678 2332 1745 ecclesiae

573 1763 851 1821 machinari,
877 1763 984 1825 quis
1009 1763 1216 1825 quaeso⁶
1241 1763 1364 1811 ordo
1388 1762 1690 1810 Luciferinus
1714 1761 2016 1824 perversior?

642 1845 835 1892 Decima
859 1846 1076 1892 conditio
1101 1845 1310 1893 caritatis
1335 1853 1423 1903 est,
1448 1845 1583 1907 quod
1608 1860 1696 1891 non
1720 1844 1896 1905 gaudet
1915 1851 2052 1904 super
2080 1842 2334 1904 iniquitate·

578 1926 675 1974 Sed
709 1927 750 1974 si
785 1926 952 1974 fratres
987 1927 1236 1983 laetentur,
1271 1941 1383 1974 cum
1418 1926 1544 1973 male
1580 1925 1780 1973 fecerint
1815 1932 1863 1972 et
1898 1924 2064 1972 fideles
2100 1922 2333 1972 ecclesiae

577 2015 747 2055 contra
770 2008 1056 2069 religionem
1082 2007 1258 2055 Christi
1282 2008 1625 2069 oppresserint,
1652 2007 1758 2069 quis
1783 2014 1856 2054 est
1884 2006 2042 2068 magis
2066 2003 2336 2054 contrarius

578 2089 794 2136 caritati?

653 2170 899 2217 Undecima
919 2169 1133 2218 conditio
1154 2169 1361 2217 caritatis
1385 2177 1470 2227 est,
1492 2169 1626 2232 quod
1649 2169 1901 2231 congaudet
1913 2168 2110 2216 veritati.
2171 2167 2269 2216 Sed
2293 2168 2333 2216 si

578 2252 746 2300 fratres
771 2252 949 2310 dolent,
975 2252 1110 2314 quod
1134 2267 1221 2299 sua
1243 2252 1448 2299 versutia
1481 2259 1553 2298 est
1583 2259 1824 2313 percepta,
1850 2258 1897 2298 et
1929 2251 2252 2313 percipientes
2275 2264 2334 2298 ac

578 2334 861 2395 detegentes
896 2333 1110 2381 nituntur
1147 2332 1461 2395 opprimere⁷‚
1498 2332 1749 2395 quomodo
1788 2347 1891 2380 non
1926 2332 1975 2379 in
2009 2333 2104 2380 isto
2139 2332 2338 2380 obviant

579 2416 796 2463 caritati?

646 2496 928 2543 Duodecz‘ma
970 2495 1184 2544 conditio
1221 2496 1428 2543 caritatis
1465 2503 1551 2553 est,
1591 2495 1726 2557 quod
1769 2495 1939 2543 caritas
1975 2495 2127 2542 omnia
2160 2493 2339 2557 suffert.

581 2578 678 2626 Sed
721 2578 760 2626 si
807 2578 976 2626 fratres
1023 2578 1297 2640 impetuose
1340 2585 1389 2624 et
1429 2577 1734 2639 impatienter
1774 2586 2127 2626 remurmurant
2167 2583 2339 2624 contra

579 2660 743 2722 gravia
766 2659 844 2707 illa
869 2659 932 2707 ad
957 2674 1099 2707 suum
1125 2659 1458 2717 commodum,
1479 2659 1731 2720 quomodo
1757 2673 1860 2706 non
1883 2657 2119 2706 diabolice
2143 2658 2342 2707 obviant

583 2741 800 2788 caritati?

653 2820 914 2868 Tredecz’ma
951 2819 1165 2868 conditio
1202 2819 1410 2868 caritatis
1446 2827 1533 2878 est,
1559 2819 1692 2882 quod
1727 2820 1881 2867 omnia
1913 2820 2068 2867 credit.
2140 2817 2262 2869 Sed⁸
2297 2803 2340 2867 si

580 2901 748 2950 fratres
784 2918 846 2949 ex
883 2901 1075 2950 defectu
1109 2900 1406 2949 fundationis
1443 2900 1516 2948 sui
1551 2900 1734 2948 ordinis
1759 2900 1994 2958 diffidunt,
2019 2899 2154 2962 quod
2189 2907 2340 2948 status

582 2999 697 3031 suus
732 2984 898 3047 quoad
920 2983 1084 3030 Deum
1119 2981 1382 3045 proficiat⁹,
1418 2982 1510 3029 nisi
1547 2982 1757 3030 cautelas
1794 2981 2056 3030 diabolicas
2091 2988 2195 3028 toto
2229 2981 2341 3028 nisu

582 3066 861 3128 adJecerint,
896 3066 1005 3127 quis
1040 3071 1190 3113 status
1225 3064 1277 3111 in
1310 3063 1465 3111 fundo
1500 3062 1815 3112 arundineo¹⁰
1849 3071 1921 3111 est
1959 3063 2116 3125 magis
2154 3063 2338 3113 caritati

582 3148 878 3196 contrarius?
936 3146 1082 3194 Tunc
1106 3145 1237 3194 enim
1260 3146 1409 3192 omni·
1419 3153 1564 3192 vento
1600 3144 2021 3193 circumducuntur
2051 3151 2105 3192 ut
2135 3144 2338 3193 baculus

637 3267 652 3291 ¹
680 3267 761 3319 est]
781 3267 891 3307 enim
910 3271 985 3313 est,
1005 3266 1054 3306 C.
1326 3264 1343 3287 ²
1372 3265 1431 3304 sic
1451 3265 1738 3317 concupiscere
1757 3263 1955 3316 honores]
1976 3263 2264 3316 concupiscere
2282 3264 2341 3305 sic

582 3321 795 3368 honorem,
817 3323 892 3369 C.;
922 3320 1211 3373 concupiscere
1231 3319 1289 3359 sic
1307 3319 1498 3365 honores,
1519 3320 1616 3358 A.b.
1871 3318 1887 3341 ³
1912 3317 2190 3370 monstruose]
2210 3318 2337 3358 modo

584 3376 778 3422 studiose,
799 3376 847 3416 C.
1040 3374 1056 3397 4
1085 3374 1265 3414 caritatis
1285 3374 1367 3426 est]
1388 3379 1451 3414 est
1471 3373 1665 3419 caritatis,
1685 3373 1819 3413 a.b.C.
2027 3372 2044 3396 ⁶
2069 3385 2114 3412 se
2131 3378 2339 3424 praestare

585 3430 699 3481 Deo]
722 3443 765 3470 se
785 3430 878 3469 Deo
898 3434 1116 3482 praestare,
1138 3430 1186 3469 C.
1475 3428 1491 3451 ⁶
1518 3427 1689 3479 quaeso]
1712 3440 1794 3467 orn.
1815 3427 1868 3467 A.
1888 3426 2090 3469 secundae
2107 3439 2265 3472 manus,
2285 3427 2336 3467 C.
2422 3444 2424 3447 ⁴

583 3482 599 3505 ⁷
628 3484 876 3535 opprimere]
898 3484 1135 3537 deprimere,
1155 3483 1208 3522 A.
1417 3482 1432 3504 ⁸
1459 3481 1560 3534 Sed]
1583 3482 1720 3534 Quod,
1740 3482 1874 3523 a.b.C.
2083 3481 2100 3505 ⁹
2128 3479 2335 3533 proficiat]
2419 3500 2424 3525 ς

586 3537 782 3589 proficiet,
801 3538 932 3578 a.b.C.
1098 3538 1129 3562 1⁰
1157 3536 1207 3577 cf.
1229 3535 1380 3577 Matth.
1402 3536 1453 3576 xi.
1479 3546 1514 3586 7.
