2436 4094
172 405 322 438 mn.
776 386 887 438 ΤΕ
903 388 995 438 [Α
1017 388 1066 437 L
1089 390 1133 440 ο
1156 388 1205 439 G
1227 386 1346 439 US.

139 557 156 562 -
172 521 337 581 tentia,
372 520 485 572 licet
520 520 764 572 Avicenna
800 531 849 572 et
883 524 1069 587 priores
1103 523 1423 588 philosophi¹‚
1460 538 1586 588 quos
1620 523 1933 574 nominamus

81 599 84 600 ⁷
171 601 460 663 haeredem,
483 603 643 667 ipsam
674 612 945 654 tenuerunt.
1016 605 1148 665 Quia
1179 606 1301 655 sicut
1335 607 1387 654 in
1421 606 1622 654 materia
1655 604 1743 655 de²
1772 621 1933 655 sacra-

60 681 81 751 ‘J
172 691 343 733 mento
366 684 526 734 altaris
553 685 717 749 plures
750 685 874 735 ultra
907 686 1004 736 hoc
1028 687 1164 751 quod
1199 695 1523 750 cognoscunt,
1548 687 1836 747 balbutiunt,
1863 687 1933 736 sic

122 819 124 824 f
172 765 228 817 in
243 765 326 815 iun
346 766 550 815 materia
561 781 576 827 3
614 766 780 816 dicunt
795 768 941 827 enim,
967 768 1103 832 quod
1120 776 1407 818 consecrata
1423 769 1585 818 hostia
1608 777 1682 818 est
1705 770 1933 819 accidens

172 846 281 910 §ine
303 848 539 913 subjecte,
563 855 613 897 et
634 856 800 911 tamen
831 848 927 898 hoc
950 865 1053 898 non
1076 858 1282 914 possunt
1305 850 1597 914 intelligere}
1635 859 1683 901 et
1706 852 1776 901 sic
1807 851 1934 900 affir-

172 937 312 981 mant
333 944 460 994 quae
483 944 588 979 non
611 938 819 993 possunt
851 931 1112 995 concipere
1139 947 1231 981 nec
1254 931 1392 980 Deus
1415 933 1550 996 ipsos
1575 933 1766 993 docere,
1792 941 1840 982 et
1865 933 1934 982 sic
2018 917 2023 932 κ

56 1064 66 1074 ,,
171 1009 372 1062 indubie
406 1010 527 1061 false
558 1012 839 1076 concipiunt
873 1020 922 1060 et
955 1013 1167 1072 indocte,
1204 1029 1318 1062 cum
1349 1013 1487 1063 Deus
1523 1014 1699 1064 doceat
1733 1029 1934 1064 omnem

166 1093 423 1143 venitatem
455 1100 506 1143 et
538 1091 698 1143 solum
730 1093 863 1142 illam
897 1109 1046 1159 quam
1082 1094 1185 1159 ipse
1219 1110 1414 1159 semper
1447 1096 1666 1160 intelligit
1700 1105 1749 1147 et
1773 1104 1936 1162 potest

170 1173 335 1226 ficere
357 1174 495 1240 ipsos
516 1174 780 1239 intelligere
803 1175 878 1224 vel
900 1177 1029 1225 intus
1053 1176 1213 1240 legere
1236 1177 1287 1225 in
1309 1177 1431 1226 libro
1455 1179 1591 1227 vitae.

230 1325 248 1352 ¹
273 1325 431 1391 priores
442 1325 713 1422 philosophil}
716 1325 852 1381 plures
863 1325 935 1368 alii
945 1326 1222 1391 philosophip
1224 1320 1363 1375 riores,
1375 1328 1428 1370 ed
1439 1343 1520 1383 pr.;
1541 1329 1679 1383 plures
1689 1329 1759 1371 alii
1771 1329 1936 1384 plurimi

173 1378 415 1456 philosophi
425 1393 594 1437 priores,
607 1380 648 1422 A
877 1382 895 1406 ²
921 1382 1093 1423 materia
1110 1382 1183 1436 de]
1203 1395 1287 1424 om
1307 1383 1361 1424 A.
1364 1383 1412 1424 Β.
