<?xml version="1.0" encoding="UTF-8"?>
<!DOCTYPE html PUBLIC "-//W3C//DTD XHTML 1.0 Transitional//EN"
    "http://www.w3.org/TR/xhtml1/DTD/xhtml1-transitional.dtd">
<html xmlns="http://www.w3.org/1999/xhtml" xml:lang="en" lang="en">
 <head>
  <title>
</title>
<meta http-equiv="Content-Type" content="text/html;charset=utf-8" />
  <meta name='ocr-system' content='tesseract 3.04.00' />
  <meta name='ocr-capabilities' content='ocr_page ocr_carea ocr_par ocr_line ocrx_word'/>
</head>
<body>
  <div class='ocr_page' id='page_1' title='image "./trialoguscumsupp00wycluoft_0186.png"; bbox 0 0 2436 4094; ppageno 0'>
   <div class='ocr_carea' id='block_1_1' title="bbox 324 441 2307 516">
    <p class='ocr_par' dir='ltr' id='par_1_1' title="bbox 324 441 2307 516">
     <span class='ocr_line' id='line_1_1' title="bbox 324 441 2307 516; baseline -0.004 -17"><span class='ocrx_word' id='word_1_1' title='bbox 324 461 426 516; x_wconf 91' lang='lat'>174</span> <span class='ocrx_word' id='word_1_2' title='bbox 979 441 1404 507; x_wconf 85' lang='lat' dir='ltr'><em>JOANNIS</em></span> <span class='ocrx_word' id='word_1_3' title='bbox 1472 442 1822 493; x_wconf 87' lang='lat' dir='ltr'><em>WICLIF</em></span> <span class='ocrx_word' id='word_1_4' title='bbox 2145 459 2307 491; x_wconf 54' lang='lat' dir='ltr'>mnan.</span> 
     </span>
    </p>
   </div>
   <div class='ocr_carea' id='block_1_2' title="bbox 527 577 2319 2118">
    <p class='ocr_par' dir='ltr' id='par_1_2' title="bbox 527 577 2319 2112">
     <span class='ocr_line' id='line_1_2' title="bbox 554 577 2307 640; baseline -0.003 -12"><span class='ocrx_word' id='word_1_5' title='bbox 554 577 768 628; x_wconf 89' lang='lat' dir='ltr'>misereri</span> <span class='ocrx_word' id='word_1_6' title='bbox 794 584 841 626; x_wconf 94' lang='lat' dir='ltr'>et</span> <span class='ocrx_word' id='word_1_7' title='bbox 864 584 1143 625; x_wconf 89' lang='lat' dir='ltr'>convertere</span> <span class='ocrx_word' id='word_1_8' title='bbox 1166 592 1253 626; x_wconf 92' lang='lat' dir='ltr'>eos</span> <span class='ocrx_word' id='word_1_9' title='bbox 1277 577 1339 624; x_wconf 91' lang='lat' dir='ltr'>ab</span> <span class='ocrx_word' id='word_1_10' title='bbox 1363 577 1551 625; x_wconf 89' lang='lat' dir='ltr'>insania</span> <span class='ocrx_word' id='word_1_11' title='bbox 1574 592 1671 640; x_wconf 91' lang='lat' dir='ltr'>qua</span> <span class='ocrx_word' id='word_1_12' title='bbox 1695 591 1826 624; x_wconf 90' lang='lat' dir='ltr'>nunc</span> <span class='ocrx_word' id='word_1_13' title='bbox 1850 583 2044 639; x_wconf 87' lang='lat' dir='ltr'>turgent</span> <span class='ocrx_word' id='word_1_14' title='bbox 2057 591 2070 636; x_wconf 92' lang='grc'><strong>;</strong></span> <span class='ocrx_word' id='word_1_15' title='bbox 2106 583 2155 624; x_wconf 91' lang='lat' dir='ltr'>et</span> <span class='ocrx_word' id='word_1_16' title='bbox 2179 591 2307 624; x_wconf 88' lang='lat' dir='ltr'>sem-</span> 
     </span>
     <span class='ocr_line' id='line_1_3' title="bbox 555 657 2307 725; baseline -0.002 -17"><span class='ocrx_word' id='word_1_17' title='bbox 555 677 642 725; x_wconf 85' lang='lat' dir='ltr'>per</span> <span class='ocrx_word' id='word_1_18' title='bbox 674 660 956 717; x_wconf 86' lang='lat' dir='ltr'>recolamus,</span> <span class='ocrx_word' id='word_1_19' title='bbox 985 659 1236 722; x_wconf 92' lang='lat' dir='ltr'>quomodo</span> <span class='ocrx_word' id='word_1_20' title='bbox 1271 659 1538 722; x_wconf 89' lang='lat' dir='ltr'>prophetae</span> <span class='ocrx_word' id='word_1_21' title='bbox 1571 659 1623 706; x_wconf 92' lang='lat' dir='ltr'>in</span> <span class='ocrx_word' id='word_1_22' title='bbox 1654 658 1764 721; x_wconf 88' lang='lat' dir='ltr'>lege</span> <span class='ocrx_word' id='word_1_23' title='bbox 1796 659 1943 707; x_wconf 89' lang='lat' dir='ltr'>veteri</span> <span class='ocrx_word' id='word_1_24' title='bbox 1975 666 2022 706; x_wconf 91' lang='lat' dir='ltr'>et</span> <span class='ocrx_word' id='word_1_25' title='bbox 2053 657 2307 722; x_wconf 89' lang='lat' dir='ltr'>quomodo</span> 
     </span>
     <span class='ocr_line' id='line_1_4' title="bbox 557 739 2310 804; baseline -0.001 -14"><span class='ocrx_word' id='word_1_26' title='bbox 557 741 778 790; x_wconf 88' lang='lat' dir='ltr'>Christus</span> <span class='ocrx_word' id='word_1_27' title='bbox 814 742 865 788; x_wconf 93' lang='lat' dir='ltr'>in</span> <span class='ocrx_word' id='word_1_28' title='bbox 899 741 1006 803; x_wconf 89' lang='lat' dir='ltr'>lege</span> <span class='ocrx_word' id='word_1_29' title='bbox 1041 741 1238 803; x_wconf 87' lang='lat' dir='ltr'>gratiae,</span> <span class='ocrx_word' id='word_1_30' title='bbox 1264 749 1310 788; x_wconf 91' lang='lat' dir='ltr'>et</span> <span class='ocrx_word' id='word_1_31' title='bbox 1346 741 1555 789; x_wconf 87' lang='lat' dir='ltr'>cariores</span> <span class='ocrx_word' id='word_1_32' title='bbox 1591 741 1696 804; x_wconf 89' lang='lat' dir='ltr'>ejus</span> <span class='ocrx_word' id='word_1_33' title='bbox 1721 740 1939 803; x_wconf 88' lang='lat' dir='ltr'>discipuli</span> <span class='ocrx_word' id='word_1_34' title='bbox 1975 739 2023 787; x_wconf 92' lang='lat' dir='ltr'>in</span> <span class='ocrx_word' id='word_1_35' title='bbox 2049 755 2195 789; x_wconf 91' lang='lat' dir='ltr'>causa</span> <span class='ocrx_word' id='word_1_36' title='bbox 2218 740 2310 788; x_wconf 88' lang='lat' dir='ltr'>ista</span> 
     </span>
     <span class='ocr_line' id='line_1_5' title="bbox 557 821 2308 886; baseline -0.002 -14"><span class='ocrx_word' id='word_1_37' title='bbox 557 823 827 886; x_wconf 82' lang='lat' dir='ltr'>specialiter</span> <span class='ocrx_word' id='word_1_38' title='bbox 845 830 956 870; x_wconf 90' lang='lat' dir='ltr'>sunt</span> <span class='ocrx_word' id='word_1_39' title='bbox 975 822 1122 870; x_wconf 90' lang='lat' dir='ltr'>occisi</span> <span class='ocrx_word' id='word_1_40' title='bbox 1130 838 1143 882; x_wconf 90' lang='lat'>;</span> <span class='ocrx_word' id='word_1_41' title='bbox 1183 831 1228 870; x_wconf 90' lang='lat' dir='ltr'>et</span> <span class='ocrx_word' id='word_1_42' title='bbox 1255 823 1476 885; x_wconf 90' lang='lat' dir='ltr'>nunquid</span> <span class='ocrx_word' id='word_1_43' title='bbox 1500 837 1593 870; x_wconf 90' lang='lat' dir='ltr'>nos</span> <span class='ocrx_word' id='word_1_44' title='bbox 1617 822 1840 870; x_wconf 90' lang='lat' dir='ltr'>meliores</span> <span class='ocrx_word' id='word_1_45' title='bbox 1867 837 2034 870; x_wconf 91' lang='lat' dir='ltr'>sumus</span> <span class='ocrx_word' id='word_1_46' title='bbox 2051 821 2308 885; x_wconf 89' lang='lat' dir='ltr'>praedictis</span> 
     </span>
     <span class='ocr_line' id='line_1_6' title="bbox 556 904 2309 968; baseline -0.001 -15"><span class='ocrx_word' id='word_1_47' title='bbox 556 905 805 968; x_wconf 88' lang='lat' dir='ltr'>patribus?</span> <span class='ocrx_word' id='word_1_48' title='bbox 859 912 940 952; x_wconf 89' lang='lat' dir='ltr'>aut</span> <span class='ocrx_word' id='word_1_49' title='bbox 975 904 1211 967; x_wconf 92' lang='lat' dir='ltr'>numquid</span> <span class='ocrx_word' id='word_1_50' title='bbox 1247 912 1404 952; x_wconf 90' lang='lat' dir='ltr'>totum</span> <span class='ocrx_word' id='word_1_51' title='bbox 1436 904 1529 951; x_wconf 93' lang='lat' dir='ltr'>Dei</span> <span class='ocrx_word' id='word_1_52' title='bbox 1570 904 1840 966; x_wconf 90' lang='lat' dir='ltr'>praemium</span> <span class='ocrx_word' id='word_1_53' title='bbox 1878 913 1951 952; x_wconf 91' lang='lat' dir='ltr'>est</span> <span class='ocrx_word' id='word_1_54' title='bbox 1986 904 2309 952; x_wconf 85' lang='lat' dir='ltr'>exhaustum?</span> 
     </span>
     <span class='ocr_line' id='line_1_7' title="bbox 557 984 2309 1049; baseline -0.001 -14"><span class='ocrx_word' id='word_1_55' title='bbox 557 987 702 1035; x_wconf 87' lang='lat' dir='ltr'>Fides</span> <span class='ocrx_word' id='word_1_56' title='bbox 725 994 891 1034; x_wconf 89' lang='lat' dir='ltr'>nostra</span> <span class='ocrx_word' id='word_1_57' title='bbox 915 986 1059 1034; x_wconf 90' lang='lat' dir='ltr'>docet</span> <span class='ocrx_word' id='word_1_58' title='bbox 1082 986 1377 1049; x_wconf 88' lang='lat' dir='ltr'>oppositum.</span> <span class='ocrx_word' id='word_1_59' title='bbox 1445 986 1508 1033; x_wconf 89' lang='lat' dir='ltr'>Et</span> <span class='ocrx_word' id='word_1_60' title='bbox 1532 986 1736 1034; x_wconf 89' lang='lat' dir='ltr'>breviter</span> <span class='ocrx_word' id='word_1_61' title='bbox 1761 1000 1863 1033; x_wconf 91' lang='lat' dir='ltr'>non</span> <span class='ocrx_word' id='word_1_62' title='bbox 1888 984 2159 1043; x_wconf 90' lang='lat' dir='ltr'>consider0‚</span> <span class='ocrx_word' id='word_1_63' title='bbox 2186 1000 2309 1048; x_wconf 92' lang='lat' dir='ltr'>quo-</span> 
     </span>
     <span class='ocr_line' id='line_1_8' title="bbox 558 1066 2310 1131; baseline -0.001 -16"><span class='ocrx_word' id='word_1_64' title='bbox 558 1068 708 1116; x_wconf 92' lang='lat' dir='ltr'>modo</span> <span class='ocrx_word' id='word_1_65' title='bbox 734 1070 841 1131; x_wconf 90' lang='lat' dir='ltr'>quis</span> <span class='ocrx_word' id='word_1_66' title='bbox 867 1067 1193 1116; x_wconf 84' lang='lat' dir='ltr'>delectabilius</span> <span class='ocrx_word' id='word_1_67' title='bbox 1222 1077 1303 1116; x_wconf 91' lang='lat' dir='ltr'>aut</span> <span class='ocrx_word' id='word_1_68' title='bbox 1332 1068 1592 1131; x_wconf 87' lang='lat' dir='ltr'>jocundius</span> <span class='ocrx_word' id='word_1_69' title='bbox 1625 1074 1791 1129; x_wconf 88' lang='lat' dir='ltr'>posset</span> <span class='ocrx_word' id='word_1_70' title='bbox 1815 1067 1954 1115; x_wconf 91' lang='lat' dir='ltr'>mori.</span> <span class='ocrx_word' id='word_1_71' title='bbox 2026 1066 2154 1116; x_wconf 89' lang='lat' dir='ltr'>Cum</span> <span class='ocrx_word' id='word_1_72' title='bbox 2189 1081 2310 1130; x_wconf 89' lang='lat' dir='ltr'>ergo</span> 
     </span>
     <span class='ocr_line' id='line_1_9' title="bbox 559 1149 2310 1212; baseline -0.002 -14"><span class='ocrx_word' id='word_1_73' title='bbox 559 1164 729 1199; x_wconf 89' lang='lat' dir='ltr'>sumus</span> <span class='ocrx_word' id='word_1_74' title='bbox 755 1150 868 1198; x_wconf 89' lang='lat' dir='ltr'>certi</span> <span class='ocrx_word' id='word_1_75' title='bbox 895 1150 954 1198; x_wconf 93' lang='lat' dir='ltr'>de</span> <span class='ocrx_word' id='word_1_76' title='bbox 979 1158 1135 1197; x_wconf 89' lang='lat' dir='ltr'>morte</span> <span class='ocrx_word' id='word_1_77' title='bbox 1160 1158 1207 1198; x_wconf 91' lang='lat' dir='ltr'>et</span> <span class='ocrx_word' id='word_1_78' title='bbox 1232 1150 1315 1198; x_wconf 91' lang='lat' dir='ltr'>de¹</span> <span class='ocrx_word' id='word_1_79' title='bbox 1345 1165 1507 1212; x_wconf 91' lang='lat' dir='ltr'>poena</span> <span class='ocrx_word' id='word_1_80' title='bbox 1525 1149 1794 1207; x_wconf 90' lang='lat' dir='ltr'>vecordiae,</span> <span class='ocrx_word' id='word_1_81' title='bbox 1814 1150 2127 1197; x_wconf 87' lang='lat' dir='ltr'>observemus</span> <span class='ocrx_word' id='word_1_82' title='bbox 2146 1149 2310 1206; x_wconf 88' lang='lat' dir='ltr'>fidem,</span> 
     </span>
     <span class='ocr_line' id='line_1_10' title="bbox 558 1229 2311 1296; baseline -0.001 -16"><span class='ocrx_word' id='word_1_83' title='bbox 558 1248 710 1296; x_wconf 89' lang='lat' dir='ltr'>spem,</span> <span class='ocrx_word' id='word_1_84' title='bbox 738 1241 786 1280; x_wconf 91' lang='lat' dir='ltr'>et</span> <span class='ocrx_word' id='word_1_85' title='bbox 811 1232 1072 1290; x_wconf 90' lang='lat' dir='ltr'>caritatem,</span> <span class='ocrx_word' id='word_1_86' title='bbox 1099 1240 1147 1280; x_wconf 93' lang='lat' dir='ltr'>et</span> <span class='ocrx_word' id='word_1_87' title='bbox 1171 1247 1430 1295; x_wconf 89' lang='lat' dir='ltr'>operemur</span> <span class='ocrx_word' id='word_1_88' title='bbox 1454 1232 1643 1279; x_wconf 92' lang='lat' dir='ltr'>bonum</span> <span class='ocrx_word' id='word_1_89' title='bbox 1669 1230 1785 1278; x_wconf 92' lang='lat' dir='ltr'>dum</span> <span class='ocrx_word' id='word_1_90' title='bbox 1809 1239 2002 1293; x_wconf 88' lang='lat' dir='ltr'>tempus</span> <span class='ocrx_word' id='word_1_91' title='bbox 2033 1229 2311 1289; x_wconf 79' lang='lat' dir='ltr'>habemus²‚</span> 
     </span>
     <span class='ocr_line' id='line_1_11' title="bbox 558 1311 2314 1376; baseline -0.002 -14"><span class='ocrx_word' id='word_1_92' title='bbox 558 1330 675 1363; x_wconf 92' lang='lat' dir='ltr'>cum</span> <span class='ocrx_word' id='word_1_93' title='bbox 717 1314 838 1362; x_wconf 88' lang='lat' dir='ltr'>fides</span> <span class='ocrx_word' id='word_1_94' title='bbox 886 1314 1146 1376; x_wconf 86' lang='lat' dir='ltr'>scripturae</span> <span class='ocrx_word' id='word_1_95' title='bbox 1194 1313 1367 1361; x_wconf 91' lang='lat' dir='ltr'>doceat</span> <span class='ocrx_word' id='word_1_96' title='bbox 1407 1312 1602 1360; x_wconf 88' lang='lat' dir='ltr'>Ezechi.</span> <span class='ocrx_word' id='word_1_97' title='bbox 1638 1313 1815 1370; x_wconf 62' lang='lat' dir='ltr'>xxxiii„</span> <span class='ocrx_word' id='word_1_98' title='bbox 1858 1312 1992 1375; x_wconf 93' lang='lat' dir='ltr'>quod</span> <span class='ocrx_word' id='word_1_99' title='bbox 2038 1311 2314 1375; x_wconf 88' lang='lat' dir='ltr'>speculator</span> 
     </span>
     <span class='ocr_line' id='line_1_12' title="bbox 527 1394 2315 1459; baseline -0.002 -15"><span class='ocrx_word' id='word_1_100' title='bbox 527 1433 531 1451; x_wconf 73' lang='grc'><strong>.</strong></span> <span class='ocrx_word' id='word_1_101' title='bbox 560 1405 632 1445; x_wconf 91' lang='lat' dir='ltr'>est</span> <span class='ocrx_word' id='word_1_102' title='bbox 657 1396 934 1459; x_wconf 91' lang='lat' dir='ltr'>quicunque</span> <span class='ocrx_word' id='word_1_103' title='bbox 966 1395 1043 1443; x_wconf 90' lang='lat' dir='ltr'>cui</span> <span class='ocrx_word' id='word_1_104' title='bbox 1066 1395 1202 1443; x_wconf 91' lang='lat' dir='ltr'>Deus</span> <span class='ocrx_word' id='word_1_105' title='bbox 1235 1395 1317 1443; x_wconf 88' lang='lat' dir='ltr'>dat</span> <span class='ocrx_word' id='word_1_106' title='bbox 1342 1395 1562 1443; x_wconf 90' lang='lat' dir='ltr'>notitiam</span> <span class='ocrx_word' id='word_1_107' title='bbox 1587 1394 1707 1456; x_wconf 88' lang='lat' dir='ltr'>legis</span> <span class='ocrx_word' id='word_1_108' title='bbox 1733 1409 1861 1452; x_wconf 86' lang='lat' dir='ltr'>suae,</span> <span class='ocrx_word' id='word_1_109' title='bbox 1887 1402 1935 1442; x_wconf 90' lang='lat' dir='ltr'>et</span> <span class='ocrx_word' id='word_1_110' title='bbox 1960 1410 1989 1443; x_wconf 89' lang='lat' dir='ltr'>a</span> <span class='ocrx_word' id='word_1_111' title='bbox 2020 1407 2315 1456; x_wconf 89' lang='lat' dir='ltr'>quocunque</span> 
     </span>
     <span class='ocr_line' id='line_1_13' title="bbox 558 1475 2314 1540; baseline -0.002 -14"><span class='ocrx_word' id='word_1_112' title='bbox 558 1478 637 1527; x_wconf 91' lang='lat' dir='ltr'>tali</span> <span class='ocrx_word' id='word_1_113' title='bbox 661 1478 759 1525; x_wconf 88' lang='lat' dir='ltr'>vult</span> <span class='ocrx_word' id='word_1_114' title='bbox 783 1485 923 1525; x_wconf 88' lang='lat' dir='ltr'>acute</span> <span class='ocrx_word' id='word_1_115' title='bbox 948 1477 1214 1540; x_wconf 83' lang='lat' dir='ltr'>requirere3</span> <span class='ocrx_word' id='word_1_116' title='bbox 1241 1477 1477 1524; x_wconf 91' lang='lat' dir='ltr'>rationem</span> <span class='ocrx_word' id='word_1_117' title='bbox 1503 1483 1551 1523; x_wconf 91' lang='lat' dir='ltr'>et</span> <span class='ocrx_word' id='word_1_118' title='bbox 1575 1484 1874 1538; x_wconf 91' lang='lat' dir='ltr'>computum,</span> <span class='ocrx_word' id='word_1_119' title='bbox 1894 1475 2146 1539; x_wconf 90' lang='lat' dir='ltr'>quomodo</span> <span class='ocrx_word' id='word_1_120' title='bbox 2169 1490 2314 1523; x_wconf 90' lang='lat' dir='ltr'>usum</span> 
     </span>
     <span class='ocr_line' id='line_1_14' title="bbox 559 1556 2315 1620; baseline -0.001 -13"><span class='ocrx_word' id='word_1_121' title='bbox 559 1560 722 1608; x_wconf 89' lang='lat' dir='ltr'>talenti</span> <span class='ocrx_word' id='word_1_122' title='bbox 758 1559 865 1607; x_wconf 91' lang='lat' dir='ltr'>talis</span> <span class='ocrx_word' id='word_1_123' title='bbox 900 1558 964 1606; x_wconf 91' lang='lat' dir='ltr'>ad</span> <span class='ocrx_word' id='word_1_124' title='bbox 998 1559 1248 1606; x_wconf 87' lang='lat' dir='ltr'>utilitatem</span> <span class='ocrx_word' id='word_1_125' title='bbox 1283 1558 1514 1606; x_wconf 91' lang='lat' dir='ltr'>ecclesiae</span> <span class='ocrx_word' id='word_1_126' title='bbox 1550 1558 1872 1620; x_wconf 80' lang='lat' dir='ltr'>expenderit⁴.</span> <span class='ocrx_word' id='word_1_127' title='bbox 1941 1557 2005 1605; x_wconf 90' lang='lat' dir='ltr'>Et</span> <span class='ocrx_word' id='word_1_128' title='bbox 2040 1556 2223 1606; x_wconf 88' lang='lat' dir='ltr'>desidia</span> <span class='ocrx_word' id='word_1_129' title='bbox 2256 1572 2315 1605; x_wconf 87' lang='lat' dir='ltr'>ac</span> 
     </span>
     <span class='ocr_line' id='line_1_15' title="bbox 561 1639 2317 1703; baseline -0.001 -15"><span class='ocrx_word' id='word_1_130' title='bbox 561 1641 856 1703; x_wconf 86' lang='lat' dir='ltr'>negligentia</span> <span class='ocrx_word' id='word_1_131' title='bbox 896 1640 946 1688; x_wconf 91' lang='lat' dir='ltr'>in</span> <span class='ocrx_word' id='word_1_132' title='bbox 988 1641 1080 1688; x_wconf 88' lang='lat' dir='ltr'>isto</span> <span class='ocrx_word' id='word_1_133' title='bbox 1118 1640 1317 1688; x_wconf 89' lang='lat' dir='ltr'>articulo</span> <span class='ocrx_word' id='word_1_134' title='bbox 1354 1639 1467 1687; x_wconf 92' lang='lat' dir='ltr'>facit</span> <span class='ocrx_word' id='word_1_135' title='bbox 1502 1639 1679 1687; x_wconf 87' lang='lat' dir='ltr'>multos</span> <span class='ocrx_word' id='word_1_136' title='bbox 1721 1639 1961 1702; x_wconf 87' lang='lat' dir='ltr'>praelatos</span> <span class='ocrx_word' id='word_1_137' title='bbox 2002 1639 2233 1688; x_wconf 86' lang='lat' dir='ltr'>ecclesiae</span> <span class='ocrx_word' id='word_1_138' title='bbox 2268 1647 2317 1687; x_wconf 92' lang='lat' dir='ltr'>et</span> 
     </span>
     <span class='ocr_line' id='line_1_16' title="bbox 561 1720 2317 1783; baseline -0.001 -12"><span class='ocrx_word' id='word_1_139' title='bbox 561 1723 875 1771; x_wconf 89' lang='lat' dir='ltr'>scholasticos</span> <span class='ocrx_word' id='word_1_140' title='bbox 907 1722 1238 1770; x_wconf 90' lang='lat' dir='ltr'>condemnari.</span> <span class='ocrx_word' id='word_1_141' title='bbox 1316 1722 1439 1769; x_wconf 90' lang='lat' dir='ltr'>Ideo</span> <span class='ocrx_word' id='word_1_142' title='bbox 1474 1736 1705 1783; x_wconf 88' lang='lat' dir='ltr'>rogemus</span> <span class='ocrx_word' id='word_1_143' title='bbox 1729 1721 1892 1768; x_wconf 91' lang='lat' dir='ltr'>Deum</span> <span class='ocrx_word' id='word_1_144' title='bbox 1915 1721 2156 1779; x_wconf 88' lang='lat' dir='ltr'>obnixius,</span> <span class='ocrx_word' id='word_1_145' title='bbox 2181 1720 2317 1783; x_wconf 92' lang='lat' dir='ltr'>quod</span> 
     </span>
     <span class='ocr_line' id='line_1_17' title="bbox 561 1802 2317 1866; baseline -0.001 -14"><span class='ocrx_word' id='word_1_146' title='bbox 561 1807 651 1853; x_wconf 91' lang='lat' dir='ltr'>ista</span> <span class='ocrx_word' id='word_1_147' title='bbox 697 1805 933 1852; x_wconf 88' lang='lat' dir='ltr'>sententia</span> <span class='ocrx_word' id='word_1_148' title='bbox 979 1804 1206 1852; x_wconf 91' lang='lat' dir='ltr'>stabiliter</span> <span class='ocrx_word' id='word_1_149' title='bbox 1253 1803 1603 1852; x_wconf 82' lang='lat' dir='ltr'>conservetur5.</span> <span class='ocrx_word' id='word_1_150' title='bbox 1690 1802 1881 1851; x_wconf 91' lang='lat' dir='ltr'>Scimus</span> <span class='ocrx_word' id='word_1_151' title='bbox 1928 1803 2140 1866; x_wconf 90' lang='lat' dir='ltr'>quidem,</span> <span class='ocrx_word' id='word_1_152' title='bbox 2181 1802 2317 1865; x_wconf 91' lang='lat' dir='ltr'>quod</span> 
     </span>
     <span class='ocr_line' id='line_1_18' title="bbox 562 1884 2318 1948; baseline -0.001 -15"><span class='ocrx_word' id='word_1_153' title='bbox 562 1886 707 1934; x_wconf 87' lang='lat' dir='ltr'>nimis</span> <span class='ocrx_word' id='word_1_154' title='bbox 748 1885 884 1934; x_wconf 89' lang='lat' dir='ltr'>multi</span> <span class='ocrx_word' id='word_1_155' title='bbox 925 1886 1122 1948; x_wconf 88' lang='lat' dir='ltr'>praelati</span> <span class='ocrx_word' id='word_1_156' title='bbox 1159 1884 1373 1934; x_wconf 88' lang='lat' dir='ltr'>Caesarii</span> <span class='ocrx_word' id='word_1_157' title='bbox 1408 1893 1616 1947; x_wconf 90' lang='lat' dir='ltr'>peccant</span> <span class='ocrx_word' id='word_1_158' title='bbox 1656 1886 1706 1932; x_wconf 92' lang='lat' dir='ltr'>in</span> <span class='ocrx_word' id='word_1_159' title='bbox 1743 1885 2015 1948; x_wconf 88' lang='lat' dir='ltr'>ignorantia</span> <span class='ocrx_word' id='word_1_160' title='bbox 2053 1885 2173 1947; x_wconf 87' lang='lat' dir='ltr'>legis</span> <span class='ocrx_word' id='word_1_161' title='bbox 2208 1884 2318 1943; x_wconf 92' lang='lat' dir='ltr'>Dei,</span> 
     </span>
     <span class='ocr_line' id='line_1_19' title="bbox 563 1955 2317 2030; baseline -0.001 -14"><span class='ocrx_word' id='word_1_162' title='bbox 563 1970 706 2016; x_wconf 89' lang='lat' dir='ltr'>nimis</span> <span class='ocrx_word' id='word_1_163' title='bbox 746 1969 884 2016; x_wconf 91' lang='lat' dir='ltr'>multi</span> <span class='ocrx_word' id='word_1_164' title='bbox 928 1955 1202 2017; x_wconf 87' lang='lat' dir='ltr'>scholastici</span> <span class='ocrx_word' id='word_1_165' title='bbox 1244 1977 1450 2030; x_wconf 90' lang='lat' dir='ltr'>peccant</span> <span class='ocrx_word' id='word_1_166' title='bbox 1491 1970 1541 2016; x_wconf 93' lang='lat' dir='ltr'>in</span> <span class='ocrx_word' id='word_1_167' title='bbox 1583 1969 1822 2025; x_wconf 87' lang='lat' dir='ltr'>vecordia,</span> <span class='ocrx_word' id='word_1_168' title='bbox 1864 1983 1968 2015; x_wconf 90' lang='lat' dir='ltr'>non</span> <span class='ocrx_word' id='word_1_169' title='bbox 2013 1983 2075 2015; x_wconf 87' lang='lat' dir='ltr'>ex</span> <span class='ocrx_word' id='word_1_170' title='bbox 2122 1967 2317 2016; x_wconf 87' lang='lat' dir='ltr'>caritate</span> 
     </span>
     <span class='ocr_line' id='line_1_20' title="bbox 532 2049 2319 2118; baseline -0.002 -18.944"><span class='ocrx_word' id='word_1_171' title='bbox 532 2051 726 2103; x_wconf 90' lang='lat' dir='ltr'>debita</span> <span class='ocrx_word' id='word_1_172' title='bbox 772 2059 1132 2112; x_wconf 90' lang='lat' dir='ltr'>perseveranter</span> <span class='ocrx_word' id='word_1_173' title='bbox 1177 2050 1253 2098; x_wconf 87' lang='lat' dir='ltr'>isti</span> <span class='ocrx_word' id='word_1_174' title='bbox 1300 2050 1508 2097; x_wconf 87' lang='lat' dir='ltr'>malitiae</span> <span class='ocrx_word' id='word_1_175' title='bbox 1557 2050 1853 2118; x_wconf 89' lang='lat' dir='ltr'>resistendo;</span> <span class='ocrx_word' id='word_1_176' title='bbox 1910 2058 1958 2098; x_wconf 92' lang='lat' dir='ltr'>et</span> <span class='ocrx_word' id='word_1_177' title='bbox 1997 2049 2141 2098; x_wconf 92' lang='lat' dir='ltr'>nimis</span> <span class='ocrx_word' id='word_1_178' title='bbox 2181 2049 2319 2097; x_wconf 90' lang='lat' dir='ltr'>multi</span> 
     </span>
    </p>
   </div>
   <div class='ocr_carea' id='block_1_3' title="bbox 539 2130 2320 3426">
    <p class='ocr_par' dir='ltr' id='par_1_3' title="bbox 530 2106 2320 2932">
     <span class='ocr_line' id='line_1_21' title="bbox 563 2130 2320 2195; baseline -0.001 -15.037"><span class='ocrx_word' id='word_1_179' title='bbox 563 2139 770 2195; x_wconf 83' lang='lat' dir='ltr'>peccant</span> <span class='ocrx_word' id='word_1_180' title='bbox 793 2132 996 2180; x_wconf 79' lang='lat' dir='ltr'>invidia⁶</span> <span class='ocrx_word' id='word_1_181' title='bbox 1020 2133 1086 2179; x_wconf 93' lang='lat' dir='ltr'>ob</span> <span class='ocrx_word' id='word_1_182' title='bbox 1121 2131 1364 2180; x_wconf 89' lang='lat' dir='ltr'>defectum</span> <span class='ocrx_word' id='word_1_183' title='bbox 1388 2132 1586 2194; x_wconf 91' lang='lat' dir='ltr'>benigni</span> <span class='ocrx_word' id='word_1_184' title='bbox 1622 2139 1670 2179; x_wconf 94' lang='lat' dir='ltr'>et</span> <span class='ocrx_word' id='word_1_185' title='bbox 1695 2132 1851 2180; x_wconf 89' lang='lat' dir='ltr'>suavis</span> <span class='ocrx_word' id='word_1_186' title='bbox 1886 2131 2020 2180; x_wconf 89' lang='lat' dir='ltr'>modi</span> <span class='ocrx_word' id='word_1_187' title='bbox 2053 2139 2102 2180; x_wconf 92' lang='lat' dir='ltr'>et</span> <span class='ocrx_word' id='word_1_188' title='bbox 2136 2130 2320 2180; x_wconf 87' lang='lat' dir='ltr'>ordinis</span> 
     </span>
     <span class='ocr_line' id='line_1_22' title="bbox 565 2214 786 2262; baseline 0.005 -2"><span class='ocrx_word' id='word_1_189' title='bbox 565 2214 786 2262; x_wconf 85' lang='lat' dir='ltr'>caritatis.</span> 
     </span>
    </p>

    <p class='ocr_par' dir='ltr' id='par_1_4' title="bbox 539 3293 542 3426">
     <span class='ocr_line' id='line_1_23' title="bbox 539 3293 542 3327; baseline 0 0"><span class='ocrx_word' id='word_1_190' title='bbox 539 3293 542 3327; x_wconf 80' lang='grc' dir='ltr'>ι</span> 
     </span>
     <span class='ocr_line' id='line_1_24' title="bbox 540 3397 542 3426; baseline 0 0"><span class='ocrx_word' id='word_1_191' title='bbox 540 3397 542 3426; x_wconf 98' lang='grc' dir='ltr'>Ι</span> 
     </span>
    </p>
   </div>
   <div class='ocr_carea' id='block_1_4' title="bbox 1281 2439 1611 2599">
    <p class='ocr_par' dir='ltr' id='par_1_5' title="bbox 1281 2439 1611 2599">
     <span class='ocr_line' id='line_1_25' title="bbox 1281 2439 1611 2490; baseline 0 0"><span class='ocrx_word' id='word_1_192' title='bbox 1281 2439 1438 2490; x_wconf 88' lang='lat' dir='ltr'>CAP.</span> <span class='ocrx_word' id='word_1_193' title='bbox 1475 2441 1611 2490; x_wconf 92' lang='lat' dir='ltr'>XIV.</span> 
     </span>
     <span class='ocr_line' id='line_1_26' title="bbox 1388 2550 1498 2599; baseline 0.009 -1"><span class='ocrx_word' id='word_1_194' title='bbox 1388 2550 1498 2599; x_wconf 84' lang='lat' dir='ltr'>Ira.</span> 
     </span>
    </p>
   </div>
   <div class='ocr_carea' id='block_1_5' title="bbox 568 2657 2324 3050">
    <p class='ocr_par' dir='ltr' id='par_1_6' title="bbox 568 2657 2324 3050">
     <span class='ocr_line' id='line_1_27' title="bbox 634 2657 2322 2724; baseline 0.001 -18"><span class='ocrx_word' id='word_1_195' title='bbox 634 2657 837 2706; x_wconf 80' lang='lat' dir='ltr'>Alz&#39;llu‘a.</span> <span class='ocrx_word' id='word_1_196' title='bbox 910 2658 1069 2707; x_wconf 89' lang='lat' dir='ltr'>Video</span> <span class='ocrx_word' id='word_1_197' title='bbox 1103 2667 1151 2708; x_wconf 91' lang='lat' dir='ltr'>et</span> <span class='ocrx_word' id='word_1_198' title='bbox 1183 2660 1456 2719; x_wconf 90' lang='lat' dir='ltr'>consider0,</span> <span class='ocrx_word' id='word_1_199' title='bbox 1482 2660 1616 2724; x_wconf 92' lang='lat' dir='ltr'>quod</span> <span class='ocrx_word' id='word_1_200' title='bbox 1639 2661 1730 2710; x_wconf 89' lang='lat' dir='ltr'>ista</span> <span class='ocrx_word' id='word_1_201' title='bbox 1754 2660 1993 2709; x_wconf 90' lang='lat' dir='ltr'>sententia</span> <span class='ocrx_word' id='word_1_202' title='bbox 2017 2660 2076 2709; x_wconf 91' lang='lat' dir='ltr'>sit</span> <span class='ocrx_word' id='word_1_203' title='bbox 2101 2659 2322 2709; x_wconf 88' lang='lat' dir='ltr'>devotius</span> 
     </span>
     <span class='ocr_line' id='line_1_28' title="bbox 568 2740 2324 2804; baseline 0.001 -16"><span class='ocrx_word' id='word_1_204' title='bbox 568 2748 614 2788; x_wconf 87' lang='lat' dir='ltr'>et</span> <span class='ocrx_word' id='word_1_205' title='bbox 637 2740 863 2789; x_wconf 90' lang='lat' dir='ltr'>humilius</span> <span class='ocrx_word' id='word_1_206' title='bbox 887 2749 1170 2804; x_wconf 89' lang='lat' dir='ltr'>prosecuta;</span> <span class='ocrx_word' id='word_1_207' title='bbox 1220 2742 1307 2790; x_wconf 88' lang='lat' dir='ltr'>sed</span> <span class='ocrx_word' id='word_1_208' title='bbox 1340 2743 1545 2790; x_wconf 90' lang='lat' dir='ltr'>observa</span> <span class='ocrx_word' id='word_1_209' title='bbox 1577 2743 1800 2791; x_wconf 91' lang='lat' dir='ltr'>ordinem</span> <span class='ocrx_word' id='word_1_210' title='bbox 1833 2742 2136 2791; x_wconf 90' lang='lat' dir='ltr'>consimilem</span> <span class='ocrx_word' id='word_1_211' title='bbox 2167 2741 2228 2791; x_wconf 93' lang='lat' dir='ltr'>de</span> <span class='ocrx_word' id='word_1_212' title='bbox 2253 2742 2324 2790; x_wconf 89' lang='lat' dir='ltr'>ira</span> 
     </span>
     <span class='ocr_line' id='line_1_29' title="bbox 569 2823 2322 2887; baseline 0.001 -17"><span class='ocrx_word' id='word_1_213' title='bbox 569 2831 616 2870; x_wconf 91' lang='lat' dir='ltr'>et</span> <span class='ocrx_word' id='word_1_214' title='bbox 641 2823 744 2885; x_wconf 87' lang='lat' dir='ltr'>ejus</span> <span class='ocrx_word' id='word_1_215' title='bbox 769 2824 1010 2885; x_wconf 90' lang='lat' dir='ltr'>opposito,</span> <span class='ocrx_word' id='word_1_216' title='bbox 1037 2839 1183 2886; x_wconf 89' lang='lat' dir='ltr'>quem</span> <span class='ocrx_word' id='word_1_217' title='bbox 1207 2824 1257 2870; x_wconf 94' lang='lat' dir='ltr'>in</span> <span class='ocrx_word' id='word_1_218' title='bbox 1281 2823 1402 2872; x_wconf 90' lang='lat' dir='ltr'>vitiis</span> <span class='ocrx_word' id='word_1_219' title='bbox 1427 2832 1475 2872; x_wconf 90' lang='lat' dir='ltr'>et</span> <span class='ocrx_word' id='word_1_220' title='bbox 1499 2824 1746 2872; x_wconf 88' lang='lat' dir='ltr'>virtutibus</span> <span class='ocrx_word' id='word_1_221' title='bbox 1777 2824 2020 2887; x_wconf 80' lang='lat' dir='ltr'>superius⁷</span> <span class='ocrx_word' id='word_1_222' title='bbox 2043 2823 2322 2872; x_wconf 88' lang='lat' dir='ltr'>observasti.</span> 
     </span>
     <span class='ocr_line' id='line_1_30' title="bbox 571 2904 2318 2968; baseline 0.001 -17"><span class='ocrx_word' id='word_1_223' title='bbox 571 2904 669 2952; x_wconf 91' lang='lat' dir='ltr'>Sed</span> <span class='ocrx_word' id='word_1_224' title='bbox 705 2905 853 2952; x_wconf 89' lang='lat' dir='ltr'>miror</span> <span class='ocrx_word' id='word_1_225' title='bbox 886 2905 937 2951; x_wconf 93' lang='lat' dir='ltr'>in</span> <span class='ocrx_word' id='word_1_226' title='bbox 966 2906 1146 2967; x_wconf 90' lang='lat' dir='ltr'>primis,</span> <span class='ocrx_word' id='word_1_227' title='bbox 1185 2905 1437 2967; x_wconf 90' lang='lat' dir='ltr'>quomodo</span> <span class='ocrx_word' id='word_1_228' title='bbox 1466 2906 1534 2953; x_wconf 92' lang='lat' dir='ltr'>ira</span> <span class='ocrx_word' id='word_1_229' title='bbox 1563 2905 1804 2968; x_wconf 89' lang='lat' dir='ltr'>quaedam</span> <span class='ocrx_word' id='word_1_230' title='bbox 1840 2905 2010 2954; x_wconf 89' lang='lat' dir='ltr'>dieitur</span> <span class='ocrx_word' id='word_1_231' title='bbox 2033 2921 2142 2954; x_wconf 89' lang='lat' dir='ltr'>esse</span> <span class='ocrx_word' id='word_1_232' title='bbox 2175 2905 2318 2965; x_wconf 88' lang='lat' dir='ltr'>licita,</span> 
     </span>
     <span class='ocr_line' id='line_1_31' title="bbox 570 2986 2323 3050; baseline 0.001 -16"><span class='ocrx_word' id='word_1_233' title='bbox 570 3001 682 3034; x_wconf 91' lang='lat' dir='ltr'>cum</span> <span class='ocrx_word' id='word_1_234' title='bbox 706 3000 937 3048; x_wconf 90' lang='lat' dir='ltr'>rogamus</span> <span class='ocrx_word' id='word_1_235' title='bbox 957 3001 967 3033; x_wconf 79' lang='lat' dir='ltr'>z</span> <span class='ocrx_word' id='word_1_236' title='bbox 1006 2991 1018 3011; x_wconf 86' lang='lat'>‘</span> <span class='ocrx_word' id='word_1_237' title='bbox 1033 2986 1264 3045; x_wconf 91' lang='lat' dir='ltr'>Domine,</span> <span class='ocrx_word' id='word_1_238' title='bbox 1289 3002 1351 3034; x_wconf 90' lang='lat' dir='ltr'>ne</span> <span class='ocrx_word' id='word_1_239' title='bbox 1375 2987 1426 3034; x_wconf 91' lang='lat' dir='ltr'>in</span> <span class='ocrx_word' id='word_1_240' title='bbox 1459 2986 1620 3035; x_wconf 90' lang='lat' dir='ltr'>furore</span> <span class='ocrx_word' id='word_1_241' title='bbox 1652 2995 1736 3035; x_wconf 91' lang='lat' dir='ltr'>tuo</span> <span class='ocrx_word' id='word_1_242' title='bbox 1761 3002 1937 3049; x_wconf 85' lang='lat' dir='ltr'>arguas</span> <span class='ocrx_word' id='word_1_243' title='bbox 1960 2986 2064 3035; x_wconf 83' lang='lat' dir='ltr'>me⁸</span> <span class='ocrx_word' id='word_1_244' title='bbox 2089 3003 2247 3050; x_wconf 91' lang='lat' dir='ltr'>neque</span> <span class='ocrx_word' id='word_1_245' title='bbox 2271 2988 2323 3035; x_wconf 90' lang='lat' dir='ltr'>in</span> 
     </span>
    </p>
   </div>
   <div class='ocr_carea' id='block_1_6' title="bbox 570 3067 2322 3211">
    <p class='ocr_par' dir='ltr' id='par_1_7' title="bbox 570 3067 2322 3211">
     <span class='ocr_line' id='line_1_32' title="bbox 570 3067 2322 3132; baseline 0.002 -18"><span class='ocrx_word' id='word_1_246' title='bbox 570 3069 639 3115; x_wconf 89' lang='lat' dir='ltr'>ira</span> <span class='ocrx_word' id='word_1_247' title='bbox 685 3076 768 3116; x_wconf 93' lang='lat' dir='ltr'>tua</span> <span class='ocrx_word' id='word_1_248' title='bbox 814 3068 1043 3130; x_wconf 88' lang='lat' dir='ltr'>corripias</span> <span class='ocrx_word' id='word_1_249' title='bbox 1083 3067 1219 3115; x_wconf 79' lang='lat' dir='ltr'>me⁹.’</span> <span class='ocrx_word' id='word_1_250' title='bbox 1307 3067 1371 3115; x_wconf 89' lang='lat' dir='ltr'>Et</span> <span class='ocrx_word' id='word_1_251' title='bbox 1412 3069 1478 3115; x_wconf 85' lang='lat' dir='ltr'>ita</span> <span class='ocrx_word' id='word_1_252' title='bbox 1519 3067 1749 3116; x_wconf 88' lang='lat' dir='ltr'>videtur¹⁰</span> <span class='ocrx_word' id='word_1_253' title='bbox 1790 3067 2082 3132; x_wconf 91' lang='lat' dir='ltr'>quandoque</span> <span class='ocrx_word' id='word_1_254' title='bbox 2117 3069 2226 3132; x_wconf 87' lang='lat' dir='ltr'>capi</span> <span class='ocrx_word' id='word_1_255' title='bbox 2270 3069 2322 3117; x_wconf 90' lang='lat' dir='ltr'>in</span> 
     </span>
     <span class='ocr_line' id='line_1_33' title="bbox 571 3148 1569 3211; baseline 0.001 -15"><span class='ocrx_word' id='word_1_256' title='bbox 571 3150 772 3208; x_wconf 91' lang='lat' dir='ltr'>bonum,</span> <span class='ocrx_word' id='word_1_257' title='bbox 798 3149 884 3198; x_wconf 93' lang='lat' dir='ltr'>sed</span> <span class='ocrx_word' id='word_1_258' title='bbox 909 3149 969 3197; x_wconf 94' lang='lat' dir='ltr'>de</span> <span class='ocrx_word' id='word_1_259' title='bbox 994 3149 1172 3197; x_wconf 90' lang='lat' dir='ltr'>invidia</span> <span class='ocrx_word' id='word_1_260' title='bbox 1194 3148 1289 3197; x_wconf 92' lang='lat' dir='ltr'>hoc</span> <span class='ocrx_word' id='word_1_261' title='bbox 1314 3164 1416 3196; x_wconf 92' lang='lat' dir='ltr'>non</span> <span class='ocrx_word' id='word_1_262' title='bbox 1442 3149 1569 3211; x_wconf 83' lang='lat' dir='ltr'>lego,</span> 
     </span>
    </p>
   </div>
   <div class='ocr_carea' id='block_1_7' title="bbox 540 3256 2323 3582">
    <p class='ocr_par' dir='ltr' id='par_1_8' title="bbox 569 3256 2323 3582">
     <span class='ocr_line' id='line_1_34' title="bbox 626 3256 2323 3311; baseline 0.001 -15"><span class='ocrx_word' id='word_1_263' title='bbox 626 3257 640 3280; x_wconf 87' lang='lat'>¹</span> <span class='ocrx_word' id='word_1_264' title='bbox 669 3256 738 3308; x_wconf 91' lang='lat' dir='ltr'>de]</span> <span class='ocrx_word' id='word_1_265' title='bbox 762 3269 844 3296; x_wconf 91' lang='lat' dir='ltr'>om.</span> <span class='ocrx_word' id='word_1_266' title='bbox 862 3257 914 3296; x_wconf 90' lang='lat' dir='ltr'>A.</span> <span class='ocrx_word' id='word_1_267' title='bbox 918 3257 964 3296; x_wconf 94' lang='lat' dir='ltr'>B</span> <span class='ocrx_word' id='word_1_268' title='bbox 969 3257 1019 3297; x_wconf 92' lang='lat' dir='ltr'>C.</span> <span class='ocrx_word' id='word_1_269' title='bbox 1154 3256 1250 3296; x_wconf 78' lang='lat' dir='ltr'>2.cf</span> <span class='ocrx_word' id='word_1_270' title='bbox 1267 3256 1361 3297; x_wconf 86' lang='lat' dir='ltr'>Gal.</span> <span class='ocrx_word' id='word_1_271' title='bbox 1381 3256 1434 3296; x_wconf 91' lang='lat' dir='ltr'>vi.</span> <span class='ocrx_word' id='word_1_272' title='bbox 1459 3268 1522 3297; x_wconf 88' lang='lat'>10.</span> <span class='ocrx_word' id='word_1_273' title='bbox 1651 3257 1666 3281; x_wconf 86' lang='lat'>³</span> <span class='ocrx_word' id='word_1_274' title='bbox 1694 3257 1915 3310; x_wconf 88' lang='lat' dir='ltr'>requirere]</span> <span class='ocrx_word' id='word_1_275' title='bbox 1937 3257 2156 3310; x_wconf 89' lang='lat' dir='ltr'>acquirere,</span> <span class='ocrx_word' id='word_1_276' title='bbox 2175 3257 2240 3298; x_wconf 90' lang='lat' dir='ltr'>ed.</span> <span class='ocrx_word' id='word_1_277' title='bbox 2259 3271 2323 3311; x_wconf 91' lang='lat' dir='ltr'>pr.</span> 
     </span>
     <span class='ocr_line' id='line_1_35' title="bbox 571 3309 2323 3374; baseline 0.002 -24"><span class='ocrx_word' id='word_1_278' title='bbox 571 3309 585 3332; x_wconf 78' lang='lat'>‘¹</span> <span class='ocrx_word' id='word_1_279' title='bbox 613 3311 868 3363; x_wconf 87' lang='lat' dir='ltr'>expenderit]</span> <span class='ocrx_word' id='word_1_280' title='bbox 891 3311 1160 3363; x_wconf 86' lang='lat' dir='ltr'>expendebat,</span> <span class='ocrx_word' id='word_1_281' title='bbox 1181 3312 1229 3352; x_wconf 94' lang='lat' dir='ltr'>C.</span> <span class='ocrx_word' id='word_1_282' title='bbox 1232 3312 1286 3351; x_wconf 93' lang='lat' dir='ltr'>D.</span> <span class='ocrx_word' id='word_1_283' title='bbox 1309 3311 1373 3351; x_wconf 89' lang='lat' dir='ltr'>ed.</span> <span class='ocrx_word' id='word_1_284' title='bbox 1393 3324 1456 3363; x_wconf 91' lang='lat' dir='ltr'>pr.</span> <span class='ocrx_word' id='word_1_285' title='bbox 1646 3311 1661 3335; x_wconf 77' lang='lat'>⁵</span> <span class='ocrx_word' id='word_1_286' title='bbox 1688 3311 1967 3374; x_wconf 45' lang='lat' dir='ltr'>conserve-tur]</span> <span class='ocrx_word' id='word_1_287' title='bbox 1989 3312 2238 3358; x_wconf 88' lang='lat' dir='ltr'>observetur,</span> <span class='ocrx_word' id='word_1_288' title='bbox 2259 3314 2323 3359; x_wconf 90' lang='lat' dir='ltr'>C.,</span> 
     </span>
     <span class='ocr_line' id='line_1_36' title="bbox 540 3354 2323 3419; baseline 0.002 -17.074"><span class='ocrx_word' id='word_1_289' title='bbox 540 3354 618 3402; x_wconf 92' lang='lat' dir='ltr'>B.</span> <span class='ocrx_word' id='word_1_290' title='bbox 640 3365 796 3417; x_wconf 87' lang='lat' dir='ltr'>primae</span> <span class='ocrx_word' id='word_1_291' title='bbox 814 3379 971 3410; x_wconf 87' lang='lat' dir='ltr'>manus,</span> <span class='ocrx_word' id='word_1_292' title='bbox 988 3366 1051 3405; x_wconf 88' lang='lat' dir='ltr'>ed.</span> <span class='ocrx_word' id='word_1_293' title='bbox 1071 3379 1133 3418; x_wconf 90' lang='lat' dir='ltr'>pr.</span> <span class='ocrx_word' id='word_1_294' title='bbox 1297 3366 1313 3389; x_wconf 77' lang='lat'><strong>⁶</strong></span> <span class='ocrx_word' id='word_1_295' title='bbox 1341 3365 1537 3418; x_wconf 85' lang='lat' dir='ltr'>invidia]</span> <span class='ocrx_word' id='word_1_296' title='bbox 1526 3379 1568 3406; x_wconf 88' lang='lat' dir='ltr'>m</span> <span class='ocrx_word' id='word_1_297' title='bbox 1586 3365 1749 3410; x_wconf 87' lang='lat' dir='ltr'>invidia,</span> <span class='ocrx_word' id='word_1_298' title='bbox 1766 3366 1812 3405; x_wconf 90' lang='lat' dir='ltr'>B.</span> <span class='ocrx_word' id='word_1_299' title='bbox 1828 3367 1984 3418; x_wconf 89' lang='lat' dir='ltr'>primae</span> <span class='ocrx_word' id='word_1_300' title='bbox 2001 3378 2158 3411; x_wconf 86' lang='lat' dir='ltr'>manus,</span> <span class='ocrx_word' id='word_1_301' title='bbox 2178 3366 2242 3406; x_wconf 88' lang='lat' dir='ltr'>ed.</span> <span class='ocrx_word' id='word_1_302' title='bbox 2260 3380 2323 3419; x_wconf 92' lang='lat' dir='ltr'>pr.</span> 
     </span>
     <span class='ocr_line' id='line_1_37' title="bbox 569 3418 2322 3483; baseline 0.001 -25"><span class='ocrx_word' id='word_1_303' title='bbox 569 3418 585 3441; x_wconf 88' lang='lat'>⁷</span> <span class='ocrx_word' id='word_1_304' title='bbox 614 3419 816 3471; x_wconf 85' lang='lat' dir='ltr'>superius]</span> <span class='ocrx_word' id='word_1_305' title='bbox 840 3420 1128 3472; x_wconf 88' lang='lat' dir='ltr'>superioribus,</span> <span class='ocrx_word' id='word_1_306' title='bbox 1149 3421 1194 3459; x_wconf 93' lang='lat' dir='ltr'>C.</span> <span class='ocrx_word' id='word_1_307' title='bbox 1197 3419 1252 3458; x_wconf 94' lang='lat' dir='ltr'>D.</span> <span class='ocrx_word' id='word_1_308' title='bbox 1273 3420 1337 3460; x_wconf 88' lang='lat' dir='ltr'>ed.</span> <span class='ocrx_word' id='word_1_309' title='bbox 1344 3433 1419 3483; x_wconf 35' lang='lat' dir='ltr'>‘pn</span> <span class='ocrx_word' id='word_1_310' title='bbox 1685 3421 1700 3443; x_wconf 83' lang='lat'>⁸</span> <span class='ocrx_word' id='word_1_311' title='bbox 1730 3420 2112 3471; x_wconf 86' lang='lat' dir='ltr'>Domine—arguas</span> <span class='ocrx_word' id='word_1_312' title='bbox 2131 3420 2216 3472; x_wconf 90' lang='lat' dir='ltr'>me]</span> <span class='ocrx_word' id='word_1_313' title='bbox 2239 3434 2322 3460; x_wconf 90' lang='lat' dir='ltr'>om.</span> 
     </span>
     <span class='ocr_line' id='line_1_38' title="bbox 573 3472 2322 3526; baseline 0.002 -16"><span class='ocrx_word' id='word_1_314' title='bbox 573 3472 625 3510; x_wconf 89' lang='lat' dir='ltr'>A.</span> <span class='ocrx_word' id='word_1_315' title='bbox 629 3473 676 3511; x_wconf 90' lang='lat' dir='ltr'>B.</span> <span class='ocrx_word' id='word_1_316' title='bbox 680 3473 727 3512; x_wconf 93' lang='lat' dir='ltr'>C.</span> <span class='ocrx_word' id='word_1_317' title='bbox 750 3474 812 3512; x_wconf 90' lang='lat' dir='ltr'>ed</span> <span class='ocrx_word' id='word_1_318' title='bbox 834 3487 894 3525; x_wconf 89' lang='lat' dir='ltr'>pr.</span> <span class='ocrx_word' id='word_1_319' title='bbox 1112 3473 1207 3514; x_wconf 81' lang='lat' dir='ltr'>⁹cf.</span> <span class='ocrx_word' id='word_1_320' title='bbox 1229 3475 1294 3514; x_wconf 92' lang='grc' dir='ltr'>Ρ5.</span> <span class='ocrx_word' id='word_1_321' title='bbox 1314 3475 1367 3514; x_wconf 92' lang='lat' dir='ltr'>vi.</span> <span class='ocrx_word' id='word_1_322' title='bbox 1393 3486 1428 3513; x_wconf 91' lang='lat'>2.</span> <span class='ocrx_word' id='word_1_323' title='bbox 1611 3475 1642 3499; x_wconf 88' lang='lat'>¹⁰</span> <span class='ocrx_word' id='word_1_324' title='bbox 1669 3474 1845 3526; x_wconf 90' lang='lat' dir='ltr'>videtur]</span> <span class='ocrx_word' id='word_1_325' title='bbox 1868 3474 1954 3514; x_wconf 88' lang='lat' dir='ltr'>scil.</span> <span class='ocrx_word' id='word_1_326' title='bbox 1973 3474 2054 3518; x_wconf 87' lang='lat' dir='ltr'>ira;</span> <span class='ocrx_word' id='word_1_327' title='bbox 2084 3473 2178 3513; x_wconf 90' lang='lat' dir='ltr'>libri</span> <span class='ocrx_word' id='word_1_328' title='bbox 2198 3487 2322 3514; x_wconf 89' lang='lat' dir='ltr'>manu</span> 
     </span>
     <span class='ocr_line' id='line_1_39' title="bbox 573 3526 2323 3582; baseline 0.002 -18"><span class='ocrx_word' id='word_1_329' title='bbox 573 3526 712 3577; x_wconf 88' lang='lat' dir='ltr'>scripti</span> <span class='ocrx_word' id='word_1_330' title='bbox 734 3526 888 3567; x_wconf 86' lang='lat' dir='ltr'>habent</span> <span class='ocrx_word' id='word_1_331' title='bbox 914 3529 1063 3566; x_wconf 86' lang='lat' dir='ltr'>videtur</span> <span class='ocrx_word' id='word_1_332' title='bbox 1080 3530 1277 3580; x_wconf 83' lang='lat' dir='ltr'>superbia;</span> <span class='ocrx_word' id='word_1_333' title='bbox 1313 3529 1355 3568; x_wconf 92' lang='lat' dir='ltr'>id</span> <span class='ocrx_word' id='word_1_334' title='bbox 1368 3529 1479 3581; x_wconf 90' lang='lat' dir='ltr'>quod</span> <span class='ocrx_word' id='word_1_335' title='bbox 1506 3542 1738 3582; x_wconf 90' lang='lat' dir='ltr'>perversum</span> <span class='ocrx_word' id='word_1_336' title='bbox 1758 3534 1842 3569; x_wconf 86' lang='lat' dir='ltr'>est:</span> <span class='ocrx_word' id='word_1_337' title='bbox 1879 3528 1943 3568; x_wconf 91' lang='lat' dir='ltr'>ed.</span> <span class='ocrx_word' id='word_1_338' title='bbox 1957 3541 2018 3580; x_wconf 90' lang='lat' dir='ltr'>pr.</span> <span class='ocrx_word' id='word_1_339' title='bbox 2039 3533 2148 3568; x_wconf 88' lang='lat' dir='ltr'>recte</span> <span class='ocrx_word' id='word_1_340' title='bbox 2168 3529 2323 3568; x_wconf 87' lang='lat' dir='ltr'>omittit</span> 
     </span>
    </p>
   </div>
   <div class='ocr_carea' id='block_1_8' title="bbox 540 3428 544 3599">
    <p class='ocr_par' dir='ltr' id='par_1_9' title="bbox 540 3428 544 3599">
     <span class='ocr_line' id='line_1_40' title="bbox 540 3428 544 3599; baseline 0 495"><span class='ocrx_word' id='word_1_341' title='bbox 540 3428 544 3599; x_wconf 95' lang='lat' dir='ltr'> </span> 
     </span>
    </p>
   </div>
   <div class='ocr_carea' id='block_1_9' title="bbox 542 3580 1081 3670">
    <p class='ocr_par' dir='ltr' id='par_1_10' title="bbox 542 3580 1081 3670">
     <span class='ocr_line' id='line_1_41' title="bbox 542 3580 1081 3640; baseline 0.006 -23"><span class='ocrx_word' id='word_1_342' title='bbox 542 3605 545 3640; x_wconf 33' lang='grc' dir='ltr'>ξ</span> <span class='ocrx_word' id='word_1_343' title='bbox 573 3580 848 3620; x_wconf 90' lang='lat' dir='ltr'>vocabulum‘</span> <span class='ocrx_word' id='word_1_344' title='bbox 866 3582 1081 3633; x_wconf 56' lang='lat' dir='ltr'>superbia)</span> 
     </span>
     <span class='ocr_line' id='line_1_42' title="bbox 543 3641 546 3670; baseline 0 0"><span class='ocrx_word' id='word_1_345' title='bbox 543 3641 546 3670; x_wconf 74' lang='grc' dir='ltr'>ι</span> 
     </span>
    </p>
   </div>
  </div>
 </body>
</html>
