2496 4108
161 417 294 451 ctum.
762 401 1326 454 TRIALOGUS.

159 531 314 593 panis,
350 532 546 595 vigilent
580 534 807 584 haeretici
839 545 887 585 et
918 519 1083 586 oculis‘
1103 540 1473 588 conniventibus
1503 541 1736 589 suscitent
1774 541 1912 589 intel-

155 610 349 662 lectum.
421 614 552 663 Nam
590 616 762 665 Matth.
799 618 858 667 vi.
905 620 1050 667 docet
1085 619 1276 669 Veritas
1315 635 1407 668 nos
1444 635 1596 679 orare,
1638 629 1692 669 ut
1733 637 1911 684 panem

158 701 378 748 nostrum
420 697 757 758 quotidianum
791 699 865 747 vel
905 701 1417 763 supersubstantialem
1453 702 1533 750 det
1568 704 1711 751 nobis
1746 703 1911 751 hodie.

153 773 218 822 Et
242 777 512 826 secundum
529 777 849 841 Auguslz‘num
874 796 1018 843 super
1035 781 1212 829 eodem
1232 790 1366 830 textu
1385 784 1434 829 in
1460 798 1686 832 sermone
1705 784 1911 832 Domini

124 870 130 876 ·
155 854 218 903 de
241 865 424 916 monte,
450 873 538 920 per
560 874 740 921 panem
772 862 1110 923 quotidianum
1141 863 1265 910 inter
1297 863 1416 912 alios
1441 880 1613 912 sensus
1645 865 1910 915 laudabiles

149 936 372 1000 intelligit
404 937 623 988 Christus
658 941 754 989 hoc
786 943 1057 990 venerabile
1091 953 1463 993 sacramentum.
1539 945 1637 994 Sed
1669 948 1909 1010 numquid

152 1018 280 1067 non¹
316 1020 557 1069 credimus
591 1022 728 1084 quod
769 1023 1023 1086 sequitur2,
1060 1025 1099 1072 si
1140 1024 1236 1073 hoc
1277 1036 1635 1076 sacramentum
1676 1029 1734 1076 sit
1770 1031 1910 1091 panis

150 1101 472 1164 quotidianus,
507 1118 598 1165 pro
640 1119 739 1166 quo
781 1119 979 1153 oramus
1017 1106 1230 1168 patrem³
1266 1116 1488 1155 nostrum
1526 1110 1756 1171 quotidie,
1793 1119 1909 1158 tunc

145 1192 218 1237 nt
232 1189 419 1251 pam'w'
477 1189 702 1239 Similiter
731 1192 939 1254 apostoli
965 1203 1301 1254 cognoverunt
1328 1194 1574 1243 Christum
1598 1197 1648 1244 in
1672 1196 1908 1244 fractione

149 1269 306 1332 panis,
330 1278 384 1318 ut
408 1270 580 1319 dicitur
602 1271 766 1321 Lucae
791 1275 946 1333 xxiv.;
984 1283 1031 1322 et
1063 1275 1197 1322 illurn
1225 1291 1406 1338 panem
1439 1278 1584 1326 docet
1607 1277 1908 1340 Augustinus

145 1365 264 1400 cum
305 1351 413 1415 lege
455 1354 618 1416 papali
654 1354 715 1402 de
753 1354 1136 1404 Consecratione
1172 1357 1379 1406 distinct.
1415 1359 1476 1416 ii.‚
1515 1359 1724 1422 capitulo
1762 1364 1772 1384 ‘
1791 1359 1909 1407 Non

149 1434 311 1482 omnis
351 1434 548 1496 panis?
584 1451 693 1484 esse
727 1436 824 1484 hoc
859 1438 1131 1485 venerabile
1175 1449 1547 1488 sacramentum.
1629 1440 1727 1488 Sed
1762 1456 1907 1488 num—

144 1515 263 1579 quid
285 1515 415 1564 non¹⁵
440 1516 680 1566 credimus
704 1518 840 1580 quod
864 1519 1116 1581 sequitur⁶,
1143 1520 1352 1582 apostoli
1376 1530 1711 1584 cognoverunt
1738 1521 1906 1570 Chris-

122 1605 250 1646 'tum
283 1598 335 1645 in
369 1597 603 1648 fractione
637 1600 782 1664 hujus
818 1602 973 1663 panis,
1009 1616 1129 1664 ergo
1172 1610 1287 1650 tunc
1326 1611 1402 1651 est
1442 1604 1618 1666 panis?
1679 1603 1906 1652 Similiter

143 1681 407 1743 apostoluS,
443 1683 527 1745 qui
567 1683 619 1731 in
658 1684 766 1739 hac,
791 1692 927 1747 parte
963 1686 1150 1747 accepit
1185 1700 1384 1733 sensum
1421 1701 1563 1734 suum
1599 1703 1628 1735 a
1663 1686 1902 1745 Domin0,

141 1770 284 1811 vocat
329 1763 425 1812 hoc
471 1774 828 1814 sacramentum
876 1770 888 1792 ‘
903 1781 1083 1828 panem
1130 1781 1278 1828 quem
1325 1766 1623 1829 frangimus,'
1667 1777 1721 1816 ut
1769 1777 1903 1831 patet

151 1859 168 1892 ι
214 1843 326 1893 Cor.
363 1862 411 1894 x.
447 1854 495 1895 et
536 1862 681 1909 saepe
717 1847 928 1910 capitulo
965 1844 1049 1894 xi!
1128 1846 1253 1906 Quis
1296 1863 1414 1910 ergo
1457 1849 1815 1912 blasphemaret
1856 1851 1906 1898 in

143 1924 320 1986 Deum,
341 1927 481 1990 quod
511 1935 701 1976 tantum
726 1931 737 1952 ‘
753 1943 837 1976 vas
868 1927 1164 1976 electionis⁸’
1190 1938 1547 1979 sacramentum
1580 1933 1906 1994 praecipuum*

141 2006 261 2056 false
282 2017 437 2067 vocet,
463 2009 731 2072 specialiter
760 2025 875 2058 cum
898 2011 1083 2057 noverit
1107 2009 1290 2058 futuras
1315 2026 1422 2059 esse
1455 2011 1680 2061 haereses
1713 2012 1774 2061 de
1807 2013 1903 2062 hoc

141 2090 303 2152 pane?
373 2089 534 2139 Nimis
575 2105 694 2154 ergo
735 2091 990 2154 negligens
1031 2091 1154 2139 foret
1192 2091 1370 2141 Paulus
1412 2093 1644 2142 ecelesiae
1688 2110 1901 2157 sponsae

143 2169 335 2229 Christi,
372 2173 412 2220 si
450 2181 686 2231 nosceret,
724 2173 860 2235 quod
894 2173 990 2221 hoc
1026 2181 1389 2222 sacramentum
1422 2190 1525 2223 non
1557 2177 1617 2224 sit
1648 2178 1788 2239 panis
1814 2177 1900 2225 sed

141 2252 368 2303 accidens
393 2253 497 2302 sine
530 2254 765 2318 subjecto,
793 2255 832 2303 si
855 2263 957 2302 tam
982 2256 1152 2322 crebro
1179 2264 1373 2304 vocaret
1397 2256 1559 2319 ipsum
1586 2261 1598 2283 ‘
1614 2258 1825 2321 panem,'
1852 2267 1899 2306 et

140 2347 394 2397 nunquam
434 2349 549 2383 vero
591 2336 807 2394 nomine,
851 2351 964 2384 cum
1005 2330 1232 2385 nosoeret
1273 2338 1557 2401 prophetice
1600 2348 1673 2388 tot
1713 2339 1896 2389 futuras

139 2429 248 2465 esse
282 2414 506 2465 haereses
540 2416 592 2465 in
626 2416 718 2465 hac
753 2426 903 2480 parte.
973 2418 1153 2466 Dicant
1190 2434 1308 2482 ergo
1344 2420 1420 2468 isti
1456 2419 1683 2469 haeretici
1719 2422 1897 2471 idiotae

139 2511 254 2546 cum
299 2497 553 2546 sufficienti
598 2496 898 2556 fundatione,
942 2499 1060 2561 quid
1107 2508 1180 2548 est
1220 2499 1315 2548 hoc
1363 2512 1720 2550 sacramentum
1761 2504 1896 2565 quod

138 2574 452 2628 consecrant⁹
493 2593 607 2627 cum
649 2580 746 2627 suis
787 2580 1070 2634 mendaciiS,
1114 2581 1153 2628 si
1197 2595 1299 2628 non
1337 2581 1479 2629 fuerit
1515 2598 1653 2631 sacer
1693 2583 1891 2647 panis¹⁰.

140 2658 381 2718 Similiter,
405 2668 458 2709 ut
482 2667 663 2708 tactum
687 2669 762 2708 est
796 2662 1028 2723 superius,
1056 2661 1272 2710 Christus
1305 2663 1388 2724 qui
1414 2672 1485 2710 est
1517 2665 1675 2726 prima
1707 2666 1893 2723 veritas,

118 2740 255 2790 vdicit
294 2740 563 2792 secundum
604 2749 832 2803 quattuor
873 2743 1274 2804 evangelistarum
1319 2744 1606 2802 testimonia,
1645 2746 1778 2808 quod
1814 2747 1892 2794 ille

137 2823 279 2887 panis
313 2831 387 2872 est
421 2837 601 2885 corpus
636 2838 806 2881 suum;
862 2824 950 2871 sed
991 2825 1099 2885 quis
1135 2823 1404 2873 haereticus
1447 2840 1550 2872 non
1589 2828 1892 2877 erubesceret
1937 2884 1942 2889 .

136 2912 253 2954 tunc
276 2919 457 2967 negare
483 2904 617 2967 quod
649 2913 722 2952 est
754 2905 926 2967 panis?
984 2904 1105 2953 Ideo
1131 2906 1203 2953 vel
1235 2914 1426 2968 oportet
1458 2909 1706 2956 veritatem
1742 2910 1889 2972 scrip-

136 2993 272 3037 turae
296 2985 606 3049 suspendere,
632 2985 706 3032 vel
731 3000 843 3033 cum
874 3000 1020 3033 sensu
1052 3001 1109 3033 ac
1138 2986 1320 3049 judicio
1352 2986 1569 3036 humano
1603 2990 1887 3049 concedere,

136 3067 273 3133 quod
307 3075 380 3116 est
414 3067 569 3130 panis.
642 3066 811 3116 Mures
845 3066 1022 3115 enimu
1046 3075 1093 3115 et
1128 3068 1246 3116 aliae
1283 3068 1464 3117 bestiae
1500 3069 1627 3118 istud
1663 3080 1886 3131 noscunt,

192 3216 204 3241 ¹
233 3214 339 3268 non]
359 3228 442 3257 om.
464 3215 519 3256 D.
630 3215 647 3238 ²
675 3215 873 3269 sequitur]
895 3222 1098 3269 sequatur,
1121 3217 1176 3257 D.
1197 3218 1261 3258 ed.
1282 3231 1343 3270 pr.
1481 3219 1701 3281 ³patrern]
1723 3233 1872 3282 panem

135 3269 200 3311 ed.
219 3282 282 3324 pn
492 3267 509 3292 ⁴
537 3281 630 3310 cum
649 3269 740 3323 lege
759 3270 964 3323 papali—⁶
978 3284 1062 3311 non
1081 3272 1214 3311 omnis
1233 3273 1350 3325 panis
1358 3272 1388 3324 ⁹]
1411 3273 1460 3313 cf.
1483 3273 1674 3326 Corpus
1659 3274 1760 3324 Juris
1781 3287 1884 3321 can„

135 3282 470 3370 DecretiP.111.‚
485 3323 552 3364 De
567 3336 762 3370 consecr„
778 3324 1017 3365 distinctio
1004 3325 1047 3364 ii.
1069 3325 1172 3378 Cap.
1186 3326 1255 3366 lxi.
1293 3327 1397 3367 Cod.
1416 3327 1462 3366 B.
1467 3328 1514 3368 C.
1531 3328 1706 3368 habent‘
1717 3328 1810 3368 dist.
1823 3328 1869 3374 ἰ.;

134 3377 201 3419 ed.
220 3390 282 3432 pr.
309 3377 404 3418 dist.
424 3378 480 3418 iii
673 3378 689 3402 ⁵
716 3378 820 3430 non]
842 3391 924 3418 om.
946 3379 992 3418 B.
1013 3379 1169 3431 primae
1190 3393 1343 3427 manus,
1365 3381 1428 3421 ed
1449 3395 1509 3434 pr.
1638 3382 1653 3404 ⁶
1682 3382 1880 3436 sequitur]

134 3444 221 3473 non
310 3433 431 3478 uitur,
451 3432 515 3472 ed.
535 3446 596 3486 pr.
820 3432 836 3454 ⁷
865 3433 1046 3484 capitulo
1065 3433 1139 3485 xi.]
1161 3434 1342 3486 capitulo
1362 3441 1554 3487 sequente
1573 3435 1640 3482 xi„
1662 3436 1716 3475 D.
1736 3437 1799 3477 ed.
1820 3450 1881 3490 pr.

135 3485 151 3510 ⁸
179 3498 253 3528 vas
309 3487 496 3532 ectionis,
517 3486 568 3527 cf.
590 3487 710 3526 Rom.
732 3487 787 3526 ix.
808 3498 871 3538 23.
1188 3488 1203 3511 ⁹
1232 3490 1492 3542 consecrant]
1513 3495 1716 3536 execrant,
1736 3490 1798 3530 ed.
1819 3504 1880 3544 pr.

135 3540 166 3565 ¹⁰
183 3541 438 3594 sacerpapis]
451 3540 523 3581 ille
534 3540 663 3594 panis,
680 3540 732 3580 A.
737 3540 782 3580 B.
787 3540 853 3587 C.;
877 3540 945 3581 ille
959 3554 1071 3581 sacer
1086 3541 1216 3593 panis,
1231 3542 1293 3582 ed.
1310 3556 1370 3595 pr.
1483 3545 1511 3569 ¹¹
1530 3544 1657 3597 enim]
1672 3550 1823 3591 autem,
1832 3545 1880 3587 C.

202 3622 503 3659 TRIALOGUS.
1015 3625 1039 3657 S

2055 420 2157 474 257
