2436 4094
403 346 434 396 6
975 342 1734 396 PROLE'G'OMENA.

471 480 603 528 Libri
652 482 807 543 quarti
848 480 1049 529 materia
1090 477 1468 540 frequentiorem
1516 475 1715 539 quidem
1757 476 2067 525 occasionem
2113 471 2313 540 praebet

403 584 620 617 errorum
661 568 1086 632 vituperandorum
1129 576 1272 629 atque
1313 565 1554 613 malorum
1601 564 1833 613 ecclesiae
1879 564 2315 627 corrigendorum;

401 666 569 706 tamen
615 665 782 706 auctor
829 658 880 704 in
927 664 1031 704 toto
1073 670 1221 717 opere
1267 654 1414 702 talem
1461 668 1513 701 se
1555 652 1764 712 exhibet,
1806 652 1890 716 qui
1930 653 2162 702 ecclesiae
2203 666 2316 716 pur-

400 746 592 808 gandae
629 754 772 809 atque
807 745 857 792 in
891 744 1142 791 meliorem
1178 749 1355 790 statum
1392 741 1735 790 restaurandae
1772 749 1964 790 strenue
2003 740 2208 790 studeat.

1326 958 1396 1016 0.

473 1093 697 1142 Formam
730 1108 788 1142 ac
812 1093 1236 1156 rationemoperis
1269 1092 1562 1156 dialogicam
1594 1107 1716 1151 esse,
1739 1091 1902 1141 titulus
1933 1090 2027 1155 ipsi
2057 1088 2317 1152 inscriptus
2388 1126 2399 1131 -

403 1184 572 1230 innuit.
643 1181 872 1245 Namque
897 1183 948 1229 in
972 1182 1184 1231 editione
1209 1183 1427 1245 principe
1452 1197 1577 1245 opus
1600 1189 1933 1244 nuncupatur:
1971 1185 1983 1207 ‘
1998 1179 2316 1241 Dialogorum

403 1271 527 1318 libri
557 1270 783 1333 quatuor?
857 1270 956 1319 Sed
988 1271 1119 1334 apud
1149 1272 1408 1335 scriptores
1444 1271 1592 1319 seculi
1624 1270 1734 1318 XV.
1760 1277 1807 1317 et
1841 1270 1892 1316 in
1926 1268 2155 1317 omnibus
2176 1265 2318 1315 libris

408 1373 557 1407 manu
597 1360 804 1408 exaratis
845 1375 971 1423 opus
1014 1364 1025 1384 ‘
1047 1359 1285 1423 Trz'alogz''
1331 1361 1531 1408 nomine
1573 1367 1779 1407 notatur.
1851 1358 2043 1419 Quibus
2082 1357 2317 1421 prologus

407 1463 437 1495 a
459 1427 670 1497 ‘Wiclifo
718 1449 826 1511 ipso
874 1450 1175 1512 compositus
1217 1450 1348 1498 hisce
1390 1450 1549 1497 verbis
1591 1449 1904 1511 suffragatur:
1960 1451 1973 1472 ⁴
1989 1447 2144 1496 videri
2172 1452 2322 1509 posset

407 1539 566 1587 multis
589 1539 721 1587 ulz‘lzls*
742 1540 930 1601 quidam
956 1539 1287 1588 TRIALOGUS.’

476 1626 624 1676 Unde
666 1633 881 1690 apparet,
925 1636 1175 1676 auctorem
1216 1629 1376 1691 ipsum
1423 1627 1552 1676 hunc
1594 1627 1783 1676 titulum
1825 1626 1963 1689 operi
2002 1625 2324 1688 inscripsisse,¹

410 1717 591 1779 quippe
631 1717 767 1779 quod
803 1717 946 1764 trium
981 1732 1300 1780 personarum
1339 1717 1585 1780 colloquio
1625 1717 1938 1764 contineatur.
2008 1712 2320 1763 Vocabulum

409 1805 571 1867 ipsum
607 1819 767 1867 neque
803 1803 1004 1853 Graecis
1039 1821 1198 1868 neque
1237 1805 1476 1854 Romanis
1517 1806 1758 1863 usitatum,
1796 1804 1883 1852 sed
1918 1819 1948 1852 a
1982 1801 2193 1860 Wiclifo,
2229 1796 2335 1849 nisi*

412 1893 632 1952 fallimur,
675 1893 938 1953 inventum,
982 1895 1129 1942 errori
1175 1895 1501 1957 etymologico
1555 1895 1795 1956 originem
1840 1893 1998 1952 debet,
2026 1906 2154 1941 ‘cum
2199 1891 2321 1939 tria-

410 1982 553 2044 logus
594 1997 697 2029 non
737 1982 932 2044 dialogo
975 1983 1062 2031 sed
1098 1983 1303 2045 dyalogo
1346 1984 1533 2046 opponi
1570 1983 1799 2031 videatur.
1871 1980 2024 2045 Cujus
2061 1980 2130 2028 rei
2175 1987 2323 2028 testes
2374 2010 2391 2026 =.

413 2078 524 2119 sunt
559 2071 780 2118 nonnulli
815 2071 920 2118 libri
954 2086 1104 2119 manu
1140 2072 1315 2134 scripti,
1341 2073 1424 2135 qui
1460 2087 1572 2119 cum
1600 2071 1805 2134 trialogo
1837 2075 1848 2095 ‘
1865 2067 2159 2134 dyalogum,’
2185 2067 2324 2132 quasi

414 2167 679 2221 cognatum
714 2167 762 2207 et
798 2159 1004 2208 similem
1038 2167 1307 2218 tractatum,
1345 2175 1644 2223 componere
1681 2159 1863 2218 solent;
1912 2159 1964 2206 in
1997 2171 2100 2206 uno
2136 2170 2322 2214 eorum,

413 2257 466 2296 ut
490 2246 613 2294 infra
637 2248 834 2306 dicetur,
859 2249 1090 2311 scriptum
1115 2257 1214 2296 est:
1253 2253 1264 2273 ‘
1282 2248 1632 2312 tria—dyaque
1655 2248 1825 2311 loguS.'

482 2335 700 2400 Joannes
724 2336 944 2385 Wiclifus
968 2337 1126 2384 forma
1155 2337 1393 2400 dialogica
1425 2352 1527 2385 non
1561 2338 1639 2386 hic
1672 2338 1883 2400 primum
1915 2350 2032 2385 usus
2056 2342 2155 2395 est3
2193 2341 2325 2383 extat

416 2426 547 2473 enim
571 2426 694 2473 inter
718 2441 868 2488 opera
891 2427 995 2490 ejus
1027 2427 1207 2474 inedita
1239 2427 1438 2490 quidam
1465 2431 1475 2451 ‘
1491 2426 1728 2490 Dialogus
1749 2428 1846 2474 sive
1866 2426 2094 2488 speculum
2116 2426 2325 2474 ecclesiae

416 2514 691 2572 mz'lzlantzlrf
717 2514 778 2561 de
803 2514 916 2562 cleri
940 2514 1126 2573 ordine,
1149 2515 1258 2573 vita,
1279 2515 1439 2563 officio
1463 2531 1551 2578 per
1576 2526 1639 2576 35
1665 2515 1823 2577 capita
1846 2529 2012 2577 agens.
2081 2509 2184 2562 Cur
2199 2521 2324 2562 trac-

415 2609 568 2649 tatum
591 2603 735 2649 istum
767 2603 817 2649 in
842 2602 1070 2665 colloquii
1094 2602 1301 2651 formam
1326 2604 1667 2665 composuerit,
1694 2610 1861 2651 auctor
1889 2595 2052 2666 pauca*
2081 2601 2324 2665 praefatus

415 2689 481 2737 ita
518 2691 743 2752 exponit:
800 2691 890 2738 ‘Et
927 2692 1042 2753 quia
1078 2691 1214 2739 multi
1250 2691 1547 2739 delectantur
1581 2693 1632 2739 in
1666 2691 1859 2754 loquela
1895 2690 2088 2754 dialogi,
2123 2704 2326 2738 moveor

417 2779 541 2827 adeo
579 2779 698 2827 duas
733 2794 968 2841 personas
1004 2780 1260 2839 adducere,
1287 2781 1467 2829 scilicet
1510 2781 1751 2830 Veritatem
1785 2788 1834 2828 et
1856 2778 2174 2838 lisendacz'um,
2199 2792 2325 2843 quae

417 2883 503 2929 per
548 2868 751 2915 modum
802 2868 1140 2930 disputationis
1194 2869 1505 2932 loquerentur
1549 2871 1600 2917 in
1653 2871 1743 2918 ista
1796 2870 1997 2918 materia
2041 2869 2325 2929 alternatim,

417 2956 480 3003 Et
515 2958 629 3020 quia
662 2957 834 3006 veritas
870 2965 942 3006 est
978 2957 1210 3017 ChristuS‚
1235 2966 1288 3006 ut
1310 2967 1443 3021 patet
1464 2959 1575 3022 Joh.
1603 2975 1648 3018 4,
1674 2959 1865 3023 (rectius
1894 2956 1992 3022 14),
2026 2966 2074 3006 et
2104 2957 2326 3006 diabolus

419 3047 579 3108 ipsum
611 3047 935 3106 mendacium,
971 3055 1023 3096 ut
1057 3055 1191 3110 patet
1223 3047 1334 3111 Joh.
1363 3050 1406 3107 8,
1445 3064 1563 3111 ergo
1595 3048 1826 3097 rationale
1861 3048 2047 3096 'videtur
2077 3049 2325 3097 veritatem

420 3149 735 3196 praeponere,
779 3145 825 3185 et
866 3151 1144 3185 sermonem
1189 3137 1334 3185 istum
1379 3138 1624 3185 mediante
1671 3136 1847 3185 Christi
1892 3137 2046 3199 gratia
2086 3138 2324 3188 stabilire!

423 3221 551 3286 (MS.
576 3223 859 3272 Vindobon.
887 3224 974 3272 Nr.
1003 3240 1149 3286 3933,
1175 3224 1206 3271 f.
1238 3234 1370 3286 1502,
1407 3225 1493 3272 Nr.
1525 3226 1669 3286 1338,
1694 3224 1725 3271 f.
1754 3222 1855 3289 55.)

490 3310 588 3358 Iste
636 3312 854 3374 dialogus
901 3314 1003 3362 sine
1053 3314 1203 3362 dubio
1251 3314 1434 3377 aliquot
1485 3315 1623 3362 annis
1674 3315 1806 3376 prius
1851 3313 2006 3362 editus
2058 3322 2132 3363 est
2177 3329 2325 3377 quam

425 3398 696 3459 TrialoguS.
767 3400 992 3463 Namque
1034 3403 1122 3450 etsi
1163 3403 1298 3451 locus
1345 3403 1543 3466 quidam
1591 3418 1696 3466 cap.
1744 3418 1800 3450 12
1850 3403 2073 3461 ostendit,
2115 3403 2326 3452 schisma

425 3486 721 3535 occidentale
773 3489 875 3550 jam
930 3499 1032 3538 tum
1089 3493 1317 3550 extitisse,
1374 3507 1485 3540 cum
1539 3492 1759 3555 dialogus
1812 3492 2106 3550 scriberetur,
2160 3499 2325 3542 tamen

426 3574 608 3623 nullum
655 3576 860 3625 vidimus
907 3580 1158 3642 vestigium
1204 3583 1435 3645 temporis
1483 3596 1616 3630 anno
1661 3583 1809 3642 1386·
1833 3581 2125 3644 posterioris.
2211 3580 2325 3640 Qua
