2436 4094
151 429 306 465 m...
344 378 346 380 ’
754 413 866 463 TR
883 414 975 463 [Α
997 415 1044 463 L
1069 417 1113 466 ο
1135 415 1181 466 G
1206 416 1323 466 υς.

209 543 308 594 Sed
325 547 580 609 quomodo
599 547 672 595 hi¹
692 548 806 596 mali
825 549 1018 611 spiritus
1042 558 1282 613 temptant
1306 552 1545 611 homines,
1565 561 1639 602 est
1663 553 1903 602 dissensio

138 627 272 690 apud
293 627 486 687 multos,
514 643 627 677 cum
650 643 752 677 non
787 630 939 679 subsit
962 632 1084 679 ratio
1107 632 1182 680 vel
1214 633 1393 682 modus
1425 635 1711 697 temptandi.
1783 636 1904 685 Cer-

138 715 244 757 tum·
287 717 362 758 est
407 717 587 769 tamen,
629 711 764 775 quod
810 722 1018 774 possunt
1064 721 1302 777 temptare
1347 716 1588 776 homines,
1631 719 1905 767 vincendo²

137 791 344 854 spiritus,
380 791 574 855 spiritus
616 794 920 856 corporeos³‚
957 804 1102 858 prout
1139 795 1279 844 fuerit
1315 799 1451 860 operi
1493 801 1740 849 meritorio
1784 817 1904 850 con-

138 886 318 920 sonum
350 873 427 921 vel
462 873 733 932 dissonum,
771 875 1115 939 dispergendo,
1189 877 1268 926 Sic
1309 880 1440 927 enim
1484 881 1705 930 diabolus
1743 890 1905 945 potest

137 961 375 1018 temptare
398 955 623 1015 homines
656 971 744 1019 per
768 958 956 1020 species
991 959 1314 1007 sensibilium*
1338 977 1468 1010 nunc
1494 964 1808 1013 excitantium
1841 965 1905 1013 ad

134 1035 306 1099 gulam
328 1045 474 1100 atque
505 1037 745 1086 luxuriam
779 1038 1048 1087 secundum
1081 1043 1350 1103 appetitum
1385 1045 1557 1102 carniS,
1583 1053 1630 1093 et
1653 1062 1786 1095 nunc
1817 1063 1906 1110 per

137 1118 326 1181 species
357 1133 519 1167 rerum
552 1119 850 1168 sensibilium
875 1122 1190 1170 excitantium
1224 1124 1286 1171 ad
1311 1125 1572 1183 avaritiam,
1599 1128 1904 1190 opponendo

137 1198 408 1249 seeundum
426 1201 878 1264 concupiscentiam
897 1203 1166 1262 oculorum,
1187 1212 1235 1252 et
1254 1220 1384 1253 nunc
1403 1207 1515 1269 per⁵
1535 1210 1725 1270 species
1742 1226 1903 1259 rerum

137 1281 435 1330 sensibilium
458 1283 771 1331 excitantium
795 1285 860 1333 ad
891 1286 1168 1348 superbiam
1186 1287 1500 1350 ·applicand0‚
1527 1290 1650 1338 sicut
1682 1291 1903 1340 diabolus

135 1365 383 1428 temptavit
398 1365 645 1415 Christum
665 1366 838 1416 Matth.
858 1369 916 1416 iv,
976 1368 1039 1416 Et
1057 1370 1174 1417 boni
1194 1371 1386 1432 spiritus
1406 1383 1613 1434 possunt
1632 1376 1902 1424 secundum

135 1447 315 1510 gradus
337 1449 642 1498 consimiles⁰
666 1449 906 1514 adjuvare.
980 1450 1223 1514 Regulam
1257 1461 1420 1501 autem
1452 1455 1502 1501 in
1535 1457 1765 1504 omnibus
1801 1458 1902 1505 istis

135 1538 326 1592 oportet
350 1529 411 1578 de
434 1531 737 1594 beneplacito
757 1531 850 1580 Dei
875 1533 1106 1601 accipere,
1128 1549 1240 1582 cum
1265 1535 1446 1583 diaboli
1463 1551 1525 1583 ex
1545 1537 1639 1585 fide
1664 1553 1766 1586 non
1790 1539 1901 1602 plus

136 1619 340 1673 possunt
380 1619 616 1675 temptare
659 1614 899 1672 homines,
937 1630 1084 1678 quam
1127 1615 1188 1663 de
1224 1615 1318 1664 Dei
1359 1618 1667 1680 beneplacito
1703 1622 1901 1682 permit-

135 1701 313 1752 tuntur,
357 1709 470 1743 cum
510 1695 605 1743 Dei
636 1696 818 1759 justitia
858 1711 960 1744 non
996 1699 1224 1759 permittit
1266 1713 1359 1746 nos
1401 1701 1626 1762 temptari
1669 1717 1815 1765 supra
1851 1703 1901 1751 id

134 1775 270 1838 quod
293 1777 606 1839 possumus⁷;
642 1778 716 1826 vel
740 1778 780 1826 si
803 1779 1021 1827 resistere
1054 1794 1156 1828 non
1190 1779 1467 1839 sufficimuS‚
1494 1791 1751 1844 peccatum
1785 1800 1903 1832 nos-

135 1865 262 1905 trum
286 1859 497 1921 primum
523 1866 596 1907 est
618 1859 669 1907 in
697 1875 856 1908 causa.

837 2129 878 2178 C
888 2131 932 2177 A
942 2130 995 2178 P.
1034 2130 1169 2178 XIV.
1181 2130 1198 2156 ⁸

754 2260 829 2307 De
842 2263 1275 2323 praedestinatione.

202 2387 430 2439 Pseuslis.
500 2391 562 2438 In
598 2393 825 2440 omnibus
862 2392 963 2440 istis
997 2393 1182 2441 videtur
1218 2393 1352 2456 quod
1390 2393 1550 2442 innuis
1586 2393 1750 2441 Deum
1790 2410 1902 2441 cum

10 2519 14 2526 ,
56 2524 58 2526 .
135 2473 364 2520 creaturis
388 2473 486 2521 suis
510 2473 584 2520 in⁹
620 2474 894 2522 omnibus1⁰
927 2474 1144 2522 talibus¹¹
1166 2475 1383 2538 joculari,
1421 2490 1534 2522 cum
1560 2484 1776 2524 creatura
1800 2491 1902 2523 non

135 2554 245 2616 plus
280 2563 442 2617 potest
477 2556 588 2603 talia
623 2556 781 2604 facere
818 2557 891 2603 vel
927 2572 1137 2614 movere,
1165 2572 1312 2618 quam
1348 2557 1513 2618 imago
1550 2557 1743 2604 artificis
1763 2557 1902 2619 j0cu-

134 2627 291 2695 lautis,
321 2652 435 2685 cum
466 2637 637 2686 Esaias
671 2638 813 2695 dicat,
838 2638 973 2701 quod
1005 2653 1172 2685 sumus
1207 2653 1336 2685 serra
1360 2637 1562 2684 Domini
1588 2637 1900 2686 dividentis¹².

135 2716 199 2765 Et
223 2718 293 2766 sic
318 2718 516 2778 videtur,
537 2719 673 2781 quod
690 2719 827 2768 Deus
851 2720 1110 2768 necessitat
1136 2727 1237 2767 tam
1261 2719 1648 2781 praedestinatos
1673 2720 1901 2769 homines

135 2813 284 2864 quam
309 2801 588 2863 praescitos,
639 2843 643 2848 .

203 2880 478 2932 Phrenesis.
552 2883 650 2932 Hic
669 2892 858 2947 oportet
878 2883 1141 2945 intelligere
1161 2883 1408 2940 termium,
1427 2890 1480 2929 ut
1499 2881 1900 2954 fidesscripturae

136 2962 270 3012 hos¹⁸
315 2964 484 3014 limitat
530 2974 577 3014 et
624 2981 726 3014 non
774 2965 909 3024 ultra,
959 2980 1021 3013 ne
1068 2965 1186 3012 dent
1232 2964 1542 3012 occasionem
1591 2965 1898 3028 concipiendi

191 3085 206 3110 ¹
234 3085 297 3139 hi]
318 3087 399 3133 hic,
419 3087 482 3128 ed.
502 3101 563 3141 pr.
756 3088 772 3110 ²
800 3086 1019 3139 vincendo]
1041 3087 1235 3133 uniendo,
1254 3087 1319 3126 ed.
1342 3100 1403 3139 pr.
1425 3086 1473 3126 C.
1675 3086 1690 3109 ³
1719 3087 1897 3139 spiritus,

136 3139 302 3194 spiritus
321 3143 562 3195 corporeos]
584 3142 750 3195 spiritus
770 3154 992 3195 corporeos
1012 3142 1076 3182 vel
1095 3142 1219 3194 ipsos,
1241 3142 1296 3180 D.
1425 3139 1441 3163 ⁴
1468 3140 1741 3195 sensibilium]
1762 3154 1896 3182 rerum

135 3195 403 3242 sensibilium,
423 3197 578 3237 A.B.C.
599 3197 663 3237 ed.
684 3210 745 3250 pr.
922 3197 937 3219 ⁵
964 3195 1057 3249 per]
1080 3210 1161 3236 om.
1183 3196 1338 3236 A.B.C.
1358 3195 1421 3235 ed.
1442 3194 1611 3248 pr.—cf.
1638 3206 1655 3234 1
1680 3196 1746 3248 Jo.
1767 3196 1807 3236 ii.
1832 3195 1894 3237 16.

135 3249 153 3274 ⁸
180 3249 435 3303 consimiles]
454 3251 619 3297 similes,
641 3252 743 3291 A.B.
879 3251 894 3274 ⁷
924 3251 974 3291 cf.
1000 3263 1016 3290 1
1041 3250 1229 3291 Corinth.
1249 3264 1286 3290 x.
1314 3262 1375 3300 13.
1516 3251 1531 3272 ⁸
1561 3249 1736 3290 Codices
1754 3263 1896 3291 manu-

137 3303 277 3357 scripti
303 3303 385 3345 hoc
412 3312 535 3358 caput
563 3305 729 3347 inferius
758 3306 971 3359 incipiunt,
992 3305 1043 3345 cf.
1063 3318 1105 3357 p.
1131 3316 1221 3354 123,
1241 3311 1327 3344 not.
1349 3317 1398 3357 9;
1433 3303 1562 3344 nihilo
1588 3304 1722 3345 minus
1750 3305 1895 3346 editio·

136 3369 231 3399 nem
259 3358 486 3412 principem
515 3360 594 3405 hac
621 3361 665 3401 in
696 3374 739 3401 re
770 3362 986 3413 sequimur,
1019 3366 1060 3400 et
1091 3359 1341 3399 confusionis
1374 3357 1566 3398 vitandae
1593 3363 1635 3398 et
1664 3360 1895 3412 argumenti

135 3411 266 3465 ipsius
294 3425 426 3460 causa,
458 3427 583 3467 quum
616 3415 697 3456 alia
729 3417 901 3456 materia
935 3414 1090 3456 scilicet
1127 3414 1179 3454 de
1217 3412 1588 3466 praedestinatione
1626 3412 1694 3454 hic
1731 3415 1894 3454 tractari

137 3466 318 3520 incipiat.
446 3468 463 3492 ⁹
490 3469 553 3522 in]
574 3482 657 3510 om.
679 3469 834 3511 A.B.C.
856 3470 919 3510 ed.
940 3483 1000 3522 pr.
1131 3468 1163 3491 ¹⁰
1191 3481 1284 3507 cum
1306 3467 1498 3507 creaturis
1517 3467 1600 3507 suis
1620 3467 1660 3507 in
1681 3468 1892 3522 omnibus]

136 3520 180 3562 in
205 3517 400 3563 creaturis
425 3523 508 3563 suis
536 3525 740 3570 omnibus,
772 3525 895 3570 A.B.;
935 3525 977 3563 in
1007 3522 1201 3563 creaturis
1232 3522 1315 3562 suis
1346 3522 1387 3561 in
1418 3521 1622 3567 omnibus,
1656 3523 1705 3563 C.
1735 3522 1801 3564 ed.
1829 3536 1891 3576 pr.

136 3575 166 3598 ¹¹
196 3575 365 3629 talibus]
387 3576 534 3623 taliter,
555 3578 709 3619 A.B.C.
731 3579 793 3619 ed.
815 3592 875 3631 pr.
988 3578 1017 3601 ¹²
1045 3577 1095 3617 cf.
1117 3577 1274 3629 Jesaiae
1294 3590 1330 3615 x.
1357 3586 1417 3627 15.
1530 3575 1559 3599 ¹³
1587 3576 1684 3629 hos]
1706 3590 1788 3618 om.
1810 3578 1862 3618 A.

2045 435 2139 474 121

1929 550 1934 603 Ι
1966 569 2128 603 Quomodo
2142 569 2213 597 mali

1965 602 2092 642 spiritus
2105 603 2158 631 ho·

1966 644 2064 664 mines
2082 641 2226 666 temtent.
