<?xml version="1.0" encoding="UTF-8"?>
<!DOCTYPE html PUBLIC "-//W3C//DTD XHTML 1.0 Transitional//EN"
    "http://www.w3.org/TR/xhtml1/DTD/xhtml1-transitional.dtd">
<html xmlns="http://www.w3.org/1999/xhtml" xml:lang="en" lang="en">
 <head>
  <title>
</title>
<meta http-equiv="Content-Type" content="text/html;charset=utf-8" />
  <meta name='ocr-system' content='tesseract 3.04.00' />
  <meta name='ocr-capabilities' content='ocr_page ocr_carea ocr_par ocr_line ocrx_word'/>
</head>
<body>
  <div class='ocr_page' id='page_1' title='image "./trialoguscumsupp00wycluoft_0398.png"; bbox 0 0 2424 4120; ppageno 0'>
   <div class='ocr_carea' id='block_1_1' title="bbox 257 343 571 351">
    <p class='ocr_par' dir='ltr' id='par_1_1' title="bbox 257 343 571 351">
     <span class='ocr_line' id='line_1_1' title="bbox 257 343 571 351; baseline 0 0"><span class='ocrx_word' id='word_1_1' title='bbox 257 343 571 351; x_wconf 95' lang='lat' dir='ltr'><strong> </strong></span> 
     </span>
    </p>
   </div>
   <div class='ocr_carea' id='block_1_2' title="bbox 363 433 467 501">
    <p class='ocr_par' dir='ltr' id='par_1_2' title="bbox 363 433 467 501">
     <span class='ocr_line' id='line_1_2' title="bbox 363 433 467 501; baseline -0.019 -18"><span class='ocrx_word' id='word_1_2' title='bbox 363 433 467 501; x_wconf 81' lang='lat'><strong>386</strong></span> 
     </span>
    </p>
   </div>
   <div class='ocr_carea' id='block_1_3' title="bbox 276 2082 433 2101">
    <p class='ocr_par' dir='ltr' id='par_1_3' title="bbox 276 2082 433 2101">
     <span class='ocr_line' id='line_1_3' title="bbox 276 2082 433 2101; baseline 0 -1"><span class='ocrx_word' id='word_1_3' title='bbox 276 2082 433 2101; x_wconf 81' lang='lat' dir='ltr'>nnnnnnnn</span> 
     </span>
    </p>
   </div>
   <div class='ocr_carea' id='block_1_4' title="bbox 2039 342 2334 354">
    <p class='ocr_par' dir='ltr' id='par_1_4' title="bbox 2039 342 2334 354">
     <span class='ocr_line' id='line_1_4' title="bbox 2039 342 2334 354; baseline 0 3766"><span class='ocrx_word' id='word_1_4' title='bbox 2039 342 2334 354; x_wconf 95' lang='lat' dir='ltr'><strong> </strong></span> 
     </span>
    </p>
   </div>
   <div class='ocr_carea' id='block_1_5' title="bbox 1037 432 2424 497">
    <p class='ocr_par' dir='ltr' id='par_1_5' title="bbox 1037 432 2424 497">
     <span class='ocr_line' id='line_1_5' title="bbox 1037 432 2424 497; baseline -0.003 -14"><span class='ocrx_word' id='word_1_5' title='bbox 1037 432 1461 496; x_wconf 82' lang='lat' dir='ltr'><em>JOANNIS</em></span> <span class='ocrx_word' id='word_1_6' title='bbox 1530 434 1877 497; x_wconf 83' lang='lat' dir='ltr'><em>WICLIF</em></span> <span class='ocrx_word' id='word_1_7' title='bbox 2185 451 2338 480; x_wconf 56' lang='grc' dir='ltr'><strong>ΜΕΝ.</strong></span> <span class='ocrx_word' id='word_1_8' title='bbox 2419 432 2424 440; x_wconf 69' lang='grc'><strong>“</strong></span> 
     </span>
    </p>
   </div>
   <div class='ocr_carea' id='block_1_6' title="bbox 599 565 2424 634">
    <p class='ocr_par' dir='ltr' id='par_1_6' title="bbox 599 565 2424 634">
     <span class='ocr_line' id='line_1_6' title="bbox 599 565 2424 634; baseline 0 -19"><span class='ocrx_word' id='word_1_9' title='bbox 599 569 837 617; x_wconf 85' lang='lat' dir='ltr'><strong>dimittant</strong></span> <span class='ocrx_word' id='word_1_10' title='bbox 861 568 947 615; x_wconf 91' lang='lat' dir='ltr'><strong>has</strong></span> <span class='ocrx_word' id='word_1_11' title='bbox 972 576 1126 615; x_wconf 90' lang='lat' dir='ltr'><strong>sectas</strong></span> <span class='ocrx_word' id='word_1_12' title='bbox 1142 567 1333 634; x_wconf 89' lang='lat' dir='ltr'><strong>frivolas</strong></span> <span class='ocrx_word' id='word_1_13' title='bbox 1357 576 1405 615; x_wconf 92' lang='lat' dir='ltr'><strong>et</strong></span> <span class='ocrx_word' id='word_1_14' title='bbox 1428 568 1710 615; x_wconf 84' lang='lat' dir='ltr'>traditiones</span> <span class='ocrx_word' id='word_1_15' title='bbox 1727 567 1995 624; x_wconf 89' lang='lat' dir='ltr'><strong>hominum,</strong></span> <span class='ocrx_word' id='word_1_16' title='bbox 2016 567 2139 614; x_wconf 90' lang='lat' dir='ltr'><strong>sicut</strong></span> <span class='ocrx_word' id='word_1_17' title='bbox 2156 565 2335 614; x_wconf 87' lang='lat' dir='ltr'><strong>Paulus</strong></span> <span class='ocrx_word' id='word_1_18' title='bbox 2419 607 2424 615; x_wconf 95' lang='lat'><strong>.</strong></span> 
     </span>
    </p>
   </div>
   <div class='ocr_carea' id='block_1_7' title="bbox 583 646 2335 2087">
    <p class='ocr_par' dir='ltr' id='par_1_7' title="bbox 583 646 2335 2006">
     <span class='ocr_line' id='line_1_7' title="bbox 597 646 2335 710; baseline -0.002 -14"><span class='ocrx_word' id='word_1_19' title='bbox 597 665 657 696; x_wconf 90' lang='lat' dir='ltr'><strong>ex</strong></span> <span class='ocrx_word' id='word_1_20' title='bbox 683 648 859 696; x_wconf 87' lang='lat' dir='ltr'>Christi</span> <span class='ocrx_word' id='word_1_21' title='bbox 892 649 1045 710; x_wconf 87' lang='lat' dir='ltr'><strong>gratia</strong></span> <span class='ocrx_word' id='word_1_22' title='bbox 1080 648 1259 696; x_wconf 85' lang='lat' dir='ltr'><strong>dimisit</strong></span> <span class='ocrx_word' id='word_1_23' title='bbox 1293 648 1592 696; x_wconf 86' lang='lat' dir='ltr'><strong>ceremonias</strong></span> <span class='ocrx_word' id='word_1_24' title='bbox 1627 648 1747 710; x_wconf 88' lang='lat' dir='ltr'><strong>legis</strong></span> <span class='ocrx_word' id='word_1_25' title='bbox 1769 647 1939 695; x_wconf 90' lang='lat' dir='ltr'><strong>veteris</strong></span> <span class='ocrx_word' id='word_1_26' title='bbox 1974 654 2022 695; x_wconf 91' lang='lat' dir='ltr'><strong>et</strong></span> <span class='ocrx_word' id='word_1_27' title='bbox 2055 646 2335 696; x_wconf 86' lang='lat' dir='ltr'><strong>traditiones</strong></span> 
     </span>
     <span class='ocr_line' id='line_1_8' title="bbox 595 728 2333 792; baseline 0.001 -17"><span class='ocrx_word' id='word_1_28' title='bbox 595 729 785 790; x_wconf 90' lang='lat' dir='ltr'><strong>legales,</strong></span> <span class='ocrx_word' id='word_1_29' title='bbox 820 730 1029 776; x_wconf 86' lang='lat' dir='ltr'><strong>intentus</strong></span> <span class='ocrx_word' id='word_1_30' title='bbox 1062 744 1181 792; x_wconf 85' lang='lat' dir='ltr'><strong>pure</strong></span> <span class='ocrx_word' id='word_1_31' title='bbox 1213 738 1259 777; x_wconf 93' lang='lat' dir='ltr'><strong>et</strong></span> <span class='ocrx_word' id='word_1_32' title='bbox 1288 729 1554 791; x_wconf 84' lang='lat' dir='ltr'><strong>specialiter</strong></span> <span class='ocrx_word' id='word_1_33' title='bbox 1588 729 1683 791; x_wconf 92' lang='lat' dir='ltr'><strong>legi</strong></span> <span class='ocrx_word' id='word_1_34' title='bbox 1719 728 1927 777; x_wconf 89' lang='lat' dir='ltr'><strong>Christi?</strong></span> <span class='ocrx_word' id='word_1_35' title='bbox 1985 729 2145 778; x_wconf 91' lang='lat' dir='ltr'><strong>Multo</strong></span> <span class='ocrx_word' id='word_1_36' title='bbox 2173 728 2333 791; x_wconf 81' lang='lat' dir='ltr'><strong>magis</strong></span> 
     </span>
     <span class='ocr_line' id='line_1_9' title="bbox 594 809 2334 873; baseline 0.001 -17"><span class='ocrx_word' id='word_1_37' title='bbox 594 810 762 857; x_wconf 88' lang='lat' dir='ltr'><strong>fratres</strong></span> <span class='ocrx_word' id='word_1_38' title='bbox 809 818 1013 871; x_wconf 89' lang='lat' dir='ltr'><strong>possunt</strong></span> <span class='ocrx_word' id='word_1_39' title='bbox 1060 826 1146 873; x_wconf 92' lang='lat' dir='ltr'><strong>per</strong></span> <span class='ocrx_word' id='word_1_40' title='bbox 1191 810 1285 858; x_wconf 91' lang='lat' dir='ltr'><strong>Dei</strong></span> <span class='ocrx_word' id='word_1_41' title='bbox 1332 811 1536 871; x_wconf 86' lang='lat' dir='ltr'><strong>gratiam</strong></span> <span class='ocrx_word' id='word_1_42' title='bbox 1582 810 1800 858; x_wconf 89' lang='lat' dir='ltr'><strong>illustrari</strong></span> <span class='ocrx_word' id='word_1_43' title='bbox 1810 810 1842 858; x_wconf 85' lang='lat'><strong>¹.</strong></span> <span class='ocrx_word' id='word_1_44' title='bbox 1934 809 2081 859; x_wconf 88' lang='lat' dir='ltr'><strong>Unde</strong></span> <span class='ocrx_word' id='word_1_45' title='bbox 2134 809 2334 873; x_wconf 79' lang='lat' dir='ltr'><strong>quidam</strong></span> 
     </span>
     <span class='ocr_line' id='line_1_10' title="bbox 593 890 2334 954; baseline -0.001 -17"><span class='ocrx_word' id='word_1_46' title='bbox 593 891 925 939; x_wconf 91' lang='lat' dir='ltr'><strong>moralisantes</strong></span> <span class='ocrx_word' id='word_1_47' title='bbox 959 891 1053 939; x_wconf 90' lang='lat' dir='ltr'><strong>hoc</strong></span> <span class='ocrx_word' id='word_1_48' title='bbox 1088 893 1288 939; x_wconf 92' lang='lat' dir='ltr'><strong>verbum</strong></span> <span class='ocrx_word' id='word_1_49' title='bbox 1323 890 1498 939; x_wconf 88' lang='lat' dir='ltr'><strong>Christi</strong></span> <span class='ocrx_word' id='word_1_50' title='bbox 1534 891 1698 939; x_wconf 90' lang='lat' dir='ltr'><strong>Lucae</strong></span> <span class='ocrx_word' id='word_1_51' title='bbox 1733 892 1841 938; x_wconf 86' lang='lat' dir='ltr'><strong>xxi:</strong></span> <span class='ocrx_word' id='word_1_52' title='bbox 1897 895 1909 916; x_wconf 91' lang='lat'>‘</span> <span class='ocrx_word' id='word_1_53' title='bbox 1926 898 2064 940; x_wconf 86' lang='lat' dir='ltr'><strong>erunt</strong></span> <span class='ocrx_word' id='word_1_54' title='bbox 2105 891 2245 954; x_wconf 85' lang='lat' dir='ltr'><strong>signa</strong></span> <span class='ocrx_word' id='word_1_55' title='bbox 2283 891 2334 937; x_wconf 91' lang='lat' dir='ltr'><strong>in</strong></span> 
     </span>
     <span class='ocr_line' id='line_1_11' title="bbox 594 972 2334 1035; baseline 0 -16"><span class='ocrx_word' id='word_1_56' title='bbox 594 972 694 1019; x_wconf 88' lang='lat' dir='ltr'><strong>sole</strong></span> <span class='ocrx_word' id='word_1_57' title='bbox 731 980 778 1019; x_wconf 91' lang='lat' dir='ltr'><strong>et</strong></span> <span class='ocrx_word' id='word_1_58' title='bbox 811 972 939 1031; x_wconf 88' lang='lat' dir='ltr'><strong>luna,</strong></span> <span class='ocrx_word' id='word_1_59' title='bbox 965 981 1010 1020; x_wconf 92' lang='lat' dir='ltr'><strong>et</strong></span> <span class='ocrx_word' id='word_1_60' title='bbox 1046 973 1210 1021; x_wconf 92' lang='lat' dir='ltr'><strong>stellis&#39;</strong></span> <span class='ocrx_word' id='word_1_61' title='bbox 1236 973 1505 1035; x_wconf 88' lang='lat' dir='ltr'><strong>intelligunt</strong></span> <span class='ocrx_word' id='word_1_62' title='bbox 1541 988 1627 1035; x_wconf 90' lang='lat' dir='ltr'><strong>per</strong></span> <span class='ocrx_word' id='word_1_63' title='bbox 1661 973 1740 1020; x_wconf 89' lang='lat' dir='ltr'><strong>illa</strong></span> <span class='ocrx_word' id='word_1_64' title='bbox 1775 974 1915 1035; x_wconf 87' lang='lat' dir='ltr'><strong>signa</strong></span> <span class='ocrx_word' id='word_1_65' title='bbox 1949 973 2334 1035; x_wconf 88' lang='lat' dir='ltr'><strong>perturbationes</strong></span> 
     </span>
     <span class='ocr_line' id='line_1_12' title="bbox 593 1050 2333 1117; baseline 0.002 -18"><span class='ocrx_word' id='word_1_66' title='bbox 593 1068 716 1114; x_wconf 92' lang='lat' dir='ltr'><strong>quae</strong></span> <span class='ocrx_word' id='word_1_67' title='bbox 752 1050 872 1100; x_wconf 90' lang='lat' dir='ltr'><strong>fiunt</strong></span> <span class='ocrx_word' id='word_1_68' title='bbox 908 1053 962 1101; x_wconf 83' lang='lat' dir='ltr'><strong>a²</strong></span> <span class='ocrx_word' id='word_1_69' title='bbox 997 1055 1179 1116; x_wconf 91' lang='lat' dir='ltr'><strong>populo</strong></span> <span class='ocrx_word' id='word_1_70' title='bbox 1214 1054 1366 1101; x_wconf 88' lang='lat' dir='ltr'><strong>laicali</strong></span> <span class='ocrx_word' id='word_1_71' title='bbox 1402 1054 1462 1102; x_wconf 92' lang='lat' dir='ltr'><strong>de</strong></span> <span class='ocrx_word' id='word_1_72' title='bbox 1504 1069 1636 1117; x_wconf 90' lang='lat' dir='ltr'><strong>papa</strong></span> <span class='ocrx_word' id='word_1_73' title='bbox 1670 1054 1992 1116; x_wconf 89' lang='lat' dir='ltr'><strong>principaliter</strong></span> <span class='ocrx_word' id='word_1_74' title='bbox 2025 1054 2333 1117; x_wconf 88' lang='lat' dir='ltr'><strong>perturbante</strong></span> 
     </span>
     <span class='ocr_line' id='line_1_13' title="bbox 592 1135 2335 1199; baseline 0.001 -17"><span class='ocrx_word' id='word_1_75' title='bbox 592 1135 862 1192; x_wconf 88' lang='lat' dir='ltr'><strong>ecclesiam,</strong></span> <span class='ocrx_word' id='word_1_76' title='bbox 896 1136 1005 1183; x_wconf 90' lang='lat' dir='ltr'><strong>licet</strong></span> <span class='ocrx_word' id='word_1_77' title='bbox 1042 1136 1239 1183; x_wconf 83' lang='lat' dir='ltr'><strong>debeat3</strong></span> <span class='ocrx_word' id='word_1_78' title='bbox 1274 1150 1380 1183; x_wconf 87' lang='lat' dir='ltr'><strong>esse</strong></span> <span class='ocrx_word' id='word_1_79' title='bbox 1410 1140 1420 1160; x_wconf 83' lang='lat'><em>⁴</em></span> <span class='ocrx_word' id='word_1_80' title='bbox 1437 1136 1508 1182; x_wconf 85' lang='lat' dir='ltr'><strong>sol</strong></span> <span class='ocrx_word' id='word_1_81' title='bbox 1518 1136 1528 1154; x_wconf 93' lang='lat'><em>’</em></span> <span class='ocrx_word' id='word_1_82' title='bbox 1562 1149 1764 1183; x_wconf 89' lang='lat' dir='ltr'><strong>movens</strong></span> <span class='ocrx_word' id='word_1_83' title='bbox 1800 1144 1847 1183; x_wconf 90' lang='lat' dir='ltr'><strong>et</strong></span> <span class='ocrx_word' id='word_1_84' title='bbox 1881 1135 2155 1184; x_wconf 88' lang='lat' dir='ltr'><strong>illuminans</strong></span> <span class='ocrx_word' id='word_1_85' title='bbox 2190 1144 2335 1199; x_wconf 89' lang='lat' dir='ltr'><strong>atque</strong></span> 
     </span>
     <span class='ocr_line' id='line_1_14' title="bbox 591 1216 2334 1280; baseline 0.002 -20"><span class='ocrx_word' id='word_1_86' title='bbox 591 1216 834 1263; x_wconf 90' lang='lat' dir='ltr'><strong>vivificans</strong></span> <span class='ocrx_word' id='word_1_87' title='bbox 860 1224 1011 1263; x_wconf 90' lang='lat' dir='ltr'><strong>totam</strong></span> <span class='ocrx_word' id='word_1_88' title='bbox 1035 1217 1289 1264; x_wconf 89' lang='lat' dir='ltr'><strong>ecclesiam</strong></span> <span class='ocrx_word' id='word_1_89' title='bbox 1320 1217 1603 1264; x_wconf 86' lang='lat' dir='ltr'><strong>militantem</strong></span> <span class='ocrx_word' id='word_1_90' title='bbox 1617 1231 1630 1275; x_wconf 87' lang='lat'>;</span> <span class='ocrx_word' id='word_1_91' title='bbox 1672 1231 1759 1278; x_wconf 91' lang='lat' dir='ltr'><strong>per</strong></span> <span class='ocrx_word' id='word_1_92' title='bbox 1785 1220 1796 1241; x_wconf 91' lang='lat'>‘</span> <span class='ocrx_word' id='word_1_93' title='bbox 1811 1217 1990 1264; x_wconf 86' lang='lat' dir='ltr'><strong>lunam’</strong></span> <span class='ocrx_word' id='word_1_94' title='bbox 2016 1225 2179 1265; x_wconf 88' lang='lat' dir='ltr'><strong>autem</strong></span> <span class='ocrx_word' id='word_1_95' title='bbox 2202 1217 2334 1280; x_wconf 87' lang='lat' dir='ltr'><strong>capi-</strong></span> 
     </span>
     <span class='ocr_line' id='line_1_15' title="bbox 592 1298 2334 1361; baseline 0.003 -19"><span class='ocrx_word' id='word_1_96' title='bbox 592 1304 754 1343; x_wconf 90' lang='lat' dir='ltr'><strong>entem</strong></span> <span class='ocrx_word' id='word_1_97' title='bbox 789 1298 1011 1344; x_wconf 87' lang='lat' dir='ltr'><strong>virtutem</strong></span> <span class='ocrx_word' id='word_1_98' title='bbox 1036 1313 1175 1345; x_wconf 91' lang='lat' dir='ltr'><strong>suam</strong></span> <span class='ocrx_word' id='word_1_99' title='bbox 1210 1314 1239 1345; x_wconf 90' lang='lat' dir='ltr'><strong>a</strong></span> <span class='ocrx_word' id='word_1_100' title='bbox 1263 1299 1365 1346; x_wconf 87' lang='lat' dir='ltr'><strong>sole</strong></span> <span class='ocrx_word' id='word_1_101' title='bbox 1400 1298 1668 1359; x_wconf 89' lang='lat' dir='ltr'><strong>intelligunt</strong></span> <span class='ocrx_word' id='word_1_102' title='bbox 1702 1306 1798 1346; x_wconf 89' lang='lat' dir='ltr'><strong>tres</strong></span> <span class='ocrx_word' id='word_1_103' title='bbox 1834 1299 2030 1347; x_wconf 89' lang='lat' dir='ltr'><strong>ordines</strong></span> <span class='ocrx_word' id='word_1_104' title='bbox 2065 1300 2334 1361; x_wconf 82' lang='lat' dir='ltr'><strong>possessio-</strong></span> 
     </span>
     <span class='ocr_line' id='line_1_16' title="bbox 592 1378 2334 1442; baseline 0.002 -18"><span class='ocrx_word' id='word_1_105' title='bbox 592 1385 745 1435; x_wconf 92' lang='lat' dir='ltr'><strong>natos,</strong></span> <span class='ocrx_word' id='word_1_106' title='bbox 771 1386 822 1425; x_wconf 94' lang='lat' dir='ltr'><strong>ut</strong></span> <span class='ocrx_word' id='word_1_107' title='bbox 855 1380 1118 1427; x_wconf 89' lang='lat' dir='ltr'><strong>canonicos</strong></span> <span class='ocrx_word' id='word_1_108' title='bbox 1155 1387 1202 1426; x_wconf 89' lang='lat' dir='ltr'><strong>et</strong></span> <span class='ocrx_word' id='word_1_109' title='bbox 1236 1379 1508 1426; x_wconf 87' lang='lat' dir='ltr'><strong>monachos</strong></span> <span class='ocrx_word' id='word_1_110' title='bbox 1544 1387 1590 1426; x_wconf 90' lang='lat' dir='ltr'><strong>et</strong></span> <span class='ocrx_word' id='word_1_111' title='bbox 1615 1378 1992 1440; x_wconf 72' lang='lat' dir='ltr'><strong>Hospitalares4‚</strong></span> <span class='ocrx_word' id='word_1_112' title='bbox 2018 1381 2101 1442; x_wconf 92' lang='lat' dir='ltr'><strong>qui</strong></span> <span class='ocrx_word' id='word_1_113' title='bbox 2122 1380 2253 1428; x_wconf 83' lang='lat' dir='ltr'><strong>vlant</strong></span> <span class='ocrx_word' id='word_1_114' title='bbox 2288 1389 2334 1428; x_wconf 92' lang='lat' dir='ltr'><strong>et</strong></span> 
     </span>
     <span class='ocr_line' id='line_1_17' title="bbox 590 1458 2334 1525; baseline 0.002 -21"><span class='ocrx_word' id='word_1_115' title='bbox 590 1458 915 1510; x_wconf 87' lang='lat' dir='ltr'><strong>illuminantur</strong></span> <span class='ocrx_word' id='word_1_116' title='bbox 939 1460 1217 1507; x_wconf 87' lang='lat' dir='ltr'><strong>instabiliter</strong></span> <span class='ocrx_word' id='word_1_117' title='bbox 1241 1467 1473 1521; x_wconf 89' lang='lat' dir='ltr'><strong>tanquam</strong></span> <span class='ocrx_word' id='word_1_118' title='bbox 1504 1459 1647 1517; x_wconf 88' lang='lat' dir='ltr'><strong>luna;</strong></span> <span class='ocrx_word' id='word_1_119' title='bbox 1691 1474 1778 1521; x_wconf 90' lang='lat' dir='ltr'><strong>per</strong></span> <span class='ocrx_word' id='word_1_120' title='bbox 1803 1463 1814 1484; x_wconf 96' lang='lat'>‘</span> <span class='ocrx_word' id='word_1_121' title='bbox 1830 1458 2003 1507; x_wconf 72' lang='lat' dir='ltr'><strong>stellas&#39;</strong></span> <span class='ocrx_word' id='word_1_122' title='bbox 2028 1475 2142 1508; x_wconf 92' lang='lat' dir='ltr'><strong>vero</strong></span> <span class='ocrx_word' id='word_1_123' title='bbox 2165 1460 2334 1525; x_wconf 87' lang='lat' dir='ltr'><strong>intelli-</strong></span> 
     </span>
     <span class='ocr_line' id='line_1_18' title="bbox 591 1528 2334 1602; baseline 0.002 -17"><span class='ocrx_word' id='word_1_124' title='bbox 591 1547 711 1600; x_wconf 89' lang='lat' dir='ltr'><strong>gunt</strong></span> <span class='ocrx_word' id='word_1_125' title='bbox 736 1548 889 1587; x_wconf 89' lang='lat' dir='ltr'><strong>sectas</strong></span> <span class='ocrx_word' id='word_1_126' title='bbox 926 1549 972 1587; x_wconf 90' lang='lat' dir='ltr'><strong>et</strong></span> <span class='ocrx_word' id='word_1_127' title='bbox 1007 1555 1242 1602; x_wconf 91' lang='lat' dir='ltr'><strong>personas</strong></span> <span class='ocrx_word' id='word_1_128' title='bbox 1278 1539 1338 1587; x_wconf 92' lang='lat' dir='ltr'><strong>de</strong></span> <span class='ocrx_word' id='word_1_129' title='bbox 1375 1539 1624 1588; x_wconf 90' lang='lat' dir='ltr'><strong>ordinibus</strong></span> <span class='ocrx_word' id='word_1_130' title='bbox 1658 1528 2066 1600; x_wconf 88' lang='lat' dir='ltr'><strong>mendicantium;</strong></span> <span class='ocrx_word' id='word_1_131' title='bbox 2114 1540 2180 1588; x_wconf 92' lang='lat' dir='ltr'><strong>illi</strong></span> <span class='ocrx_word' id='word_1_132' title='bbox 2203 1541 2334 1589; x_wconf 90' lang='lat' dir='ltr'><strong>enim</strong></span> 
     </span>
     <span class='ocr_line' id='line_1_19' title="bbox 590 1621 2334 1685; baseline 0.003 -19"><span class='ocrx_word' id='word_1_133' title='bbox 590 1629 822 1683; x_wconf 90' lang='lat' dir='ltr'><strong>tanquam</strong></span> <span class='ocrx_word' id='word_1_134' title='bbox 855 1622 988 1669; x_wconf 90' lang='lat' dir='ltr'><strong>stella</strong></span> <span class='ocrx_word' id='word_1_135' title='bbox 1021 1621 1235 1669; x_wconf 86' lang='lat' dir='ltr'><strong>cometa⁵</strong></span> <span class='ocrx_word' id='word_1_136' title='bbox 1267 1621 1363 1668; x_wconf 85' lang='lat' dir='ltr'><strong>fixa</strong></span> <span class='ocrx_word' id='word_1_137' title='bbox 1394 1621 1445 1667; x_wconf 93' lang='lat' dir='ltr'><strong>in</strong></span> <span class='ocrx_word' id='word_1_138' title='bbox 1478 1626 1588 1668; x_wconf 69' lang='lat' dir='ltr'><strong>aere</strong></span> <span class='ocrx_word' id='word_1_139' title='bbox 1620 1621 1901 1683; x_wconf 90' lang='lat' dir='ltr'><strong>caliginoso,</strong></span> <span class='ocrx_word' id='word_1_140' title='bbox 1929 1622 2200 1685; x_wconf 88' lang='lat' dir='ltr'><strong>significant</strong></span> <span class='ocrx_word' id='word_1_141' title='bbox 2231 1638 2334 1671; x_wconf 88' lang='lat' dir='ltr'><strong>cer-</strong></span> 
     </span>
     <span class='ocr_line' id='line_1_20' title="bbox 591 1701 2334 1765; baseline 0.002 -17"><span class='ocrx_word' id='word_1_142' title='bbox 591 1702 684 1748; x_wconf 90' lang='lat' dir='ltr'><strong>tius</strong></span> <span class='ocrx_word' id='word_1_143' title='bbox 720 1711 900 1749; x_wconf 90' lang='lat' dir='ltr'><strong>mortes</strong></span> <span class='ocrx_word' id='word_1_144' title='bbox 942 1703 1206 1763; x_wconf 88' lang='lat' dir='ltr'><strong>spirituales</strong></span> <span class='ocrx_word' id='word_1_145' title='bbox 1249 1701 1479 1749; x_wconf 89' lang='lat' dir='ltr'><strong>ecclesiae</strong></span> <span class='ocrx_word' id='word_1_146' title='bbox 1522 1701 1779 1749; x_wconf 88' lang='lat' dir='ltr'><strong>militantis.</strong></span> <span class='ocrx_word' id='word_1_147' title='bbox 1867 1702 1966 1750; x_wconf 89' lang='lat' dir='ltr'><strong>Sed</strong></span> <span class='ocrx_word' id='word_1_148' title='bbox 2001 1703 2334 1765; x_wconf 83' lang='lat' dir='ltr'><strong>experimento</strong></span> 
     </span>
     <span class='ocr_line' id='line_1_21' title="bbox 591 1781 2333 1845; baseline 0.002 -17"><span class='ocrx_word' id='word_1_149' title='bbox 591 1781 746 1839; x_wconf 88' lang='lat' dir='ltr'><strong>didici,</strong></span> <span class='ocrx_word' id='word_1_150' title='bbox 769 1784 902 1844; x_wconf 91' lang='lat' dir='ltr'><strong>quod</strong></span> <span class='ocrx_word' id='word_1_151' title='bbox 919 1791 1144 1830; x_wconf 88' lang='lat' dir='ltr'><strong>tractatus</strong></span> <span class='ocrx_word' id='word_1_152' title='bbox 1165 1783 1224 1830; x_wconf 92' lang='lat' dir='ltr'><strong>de</strong></span> <span class='ocrx_word' id='word_1_153' title='bbox 1249 1783 1351 1830; x_wconf 90' lang='lat' dir='ltr'><strong>istis</strong></span> <span class='ocrx_word' id='word_1_154' title='bbox 1376 1782 1627 1829; x_wconf 91' lang='lat' dir='ltr'><strong>ordinibus</strong></span> <span class='ocrx_word' id='word_1_155' title='bbox 1655 1782 1878 1830; x_wconf 88' lang='lat' dir='ltr'><strong>dolorem</strong></span> <span class='ocrx_word' id='word_1_156' title='bbox 1900 1783 2074 1845; x_wconf 89' lang='lat' dir='ltr'><strong>ingerit</strong></span> <span class='ocrx_word' id='word_1_157' title='bbox 2096 1791 2196 1831; x_wconf 92' lang='lat' dir='ltr'><strong>tam</strong></span> <span class='ocrx_word' id='word_1_158' title='bbox 2218 1785 2333 1833; x_wconf 84' lang='lat' dir='ltr'><strong>sub-</strong></span> 
     </span>
     <span class='ocr_line' id='line_1_22' title="bbox 583 1863 2333 1925; baseline 0.002 -16"><span class='ocrx_word' id='word_1_159' title='bbox 583 1863 810 1924; x_wconf 86' lang='lat' dir='ltr'><strong>jectivum</strong></span> <span class='ocrx_word' id='word_1_160' title='bbox 843 1879 989 1925; x_wconf 91' lang='lat' dir='ltr'><strong>quam</strong></span> <span class='ocrx_word' id='word_1_161' title='bbox 1021 1864 1327 1925; x_wconf 87' lang='lat' dir='ltr'><strong>objectivum.</strong></span> <span class='ocrx_word' id='word_1_162' title='bbox 1399 1863 1520 1911; x_wconf 92' lang='lat' dir='ltr'><strong>Ideo</strong></span> <span class='ocrx_word' id='word_1_163' title='bbox 1553 1863 1724 1925; x_wconf 90' lang='lat' dir='ltr'><strong>placet,</strong></span> <span class='ocrx_word' id='word_1_164' title='bbox 1753 1871 1806 1910; x_wconf 92' lang='lat' dir='ltr'><strong>ut</strong></span> <span class='ocrx_word' id='word_1_165' title='bbox 1838 1865 2088 1923; x_wconf 89' lang='lat' dir='ltr'><strong>monebas,</strong></span> <span class='ocrx_word' id='word_1_166' title='bbox 2111 1866 2333 1917; x_wconf 87' lang='lat' dir='ltr'><strong>tractatui</strong></span> 
     </span>
     <span class='ocr_line' id='line_1_23' title="bbox 587 1944 1908 2006; baseline 0.002 -16"><span class='ocrx_word' id='word_1_167' title='bbox 587 1944 663 1992; x_wconf 89' lang='lat' dir='ltr'><strong>isti</strong></span> <span class='ocrx_word' id='word_1_168' title='bbox 686 1945 950 1992; x_wconf 88' lang='lat' dir='ltr'><strong>valefacere</strong></span> <span class='ocrx_word' id='word_1_169' title='bbox 974 1953 1021 1991; x_wconf 90' lang='lat' dir='ltr'><strong>et</strong></span> <span class='ocrx_word' id='word_1_170' title='bbox 1046 1944 1105 1991; x_wconf 92' lang='lat' dir='ltr'><strong>de</strong></span> <span class='ocrx_word' id='word_1_171' title='bbox 1132 1952 1253 1992; x_wconf 87' lang='lat' dir='ltr'><strong>statu</strong></span> <span class='ocrx_word' id='word_1_172' title='bbox 1276 1944 1581 1991; x_wconf 88' lang='lat' dir='ltr'><strong>beatitudinis</strong></span> <span class='ocrx_word' id='word_1_173' title='bbox 1609 1952 1908 2006; x_wconf 89' lang='lat' dir='ltr'><strong>pertractare.</strong></span> 
     </span>
    </p>

    <p class='ocr_par' dir='ltr' id='par_1_8' title="bbox 658 2024 2330 2087">
     <span class='ocr_line' id='line_1_24' title="bbox 658 2024 2330 2087; baseline 0.001 -15"><span class='ocrx_word' id='word_1_174' title='bbox 658 2025 756 2073; x_wconf 90' lang='lat' dir='ltr'><strong>Sed</strong></span> <span class='ocrx_word' id='word_1_175' title='bbox 788 2027 941 2086; x_wconf 76' lang='lat' dir='ltr'><strong>primo</strong></span> <span class='ocrx_word' id='word_1_176' title='bbox 982 2027 1202 2072; x_wconf 90' lang='lat' dir='ltr'><strong>omnium</strong></span> <span class='ocrx_word' id='word_1_177' title='bbox 1243 2025 1427 2071; x_wconf 88' lang='lat' dir='ltr'><strong>videtur</strong></span> <span class='ocrx_word' id='word_1_178' title='bbox 1467 2024 1609 2071; x_wconf 81' lang='lat' dir='ltr'><strong>mihi⁶</strong></span> <span class='ocrx_word' id='word_1_179' title='bbox 1651 2025 2028 2087; x_wconf 88' lang='lat' dir='ltr'><strong>supponendum</strong></span> <span class='ocrx_word' id='word_1_180' title='bbox 2069 2025 2330 2085; x_wconf 84' lang='lat' dir='ltr'><strong>catholicis,</strong></span> 
     </span>
    </p>
   </div>
   <div class='ocr_carea' id='block_1_8' title="bbox 589 2106 2423 2171">
    <p class='ocr_par' dir='ltr' id='par_1_9' title="bbox 589 2106 2423 2171">
     <span class='ocr_line' id='line_1_25' title="bbox 589 2106 2423 2171; baseline 0.001 -18"><span class='ocrx_word' id='word_1_181' title='bbox 589 2107 723 2167; x_wconf 92' lang='lat' dir='ltr'><strong>quod</strong></span> <span class='ocrx_word' id='word_1_182' title='bbox 763 2107 924 2153; x_wconf 90' lang='lat' dir='ltr'><strong>omnis</strong></span> <span class='ocrx_word' id='word_1_183' title='bbox 964 2106 1115 2154; x_wconf 91' lang='lat' dir='ltr'><strong>homo</strong></span> <span class='ocrx_word' id='word_1_184' title='bbox 1146 2114 1371 2167; x_wconf 83' lang='lat' dir='ltr'><strong>resurget</strong></span> <span class='ocrx_word' id='word_1_185' title='bbox 1413 2107 1463 2152; x_wconf 93' lang='lat' dir='ltr'><strong>in</strong></span> <span class='ocrx_word' id='word_1_186' title='bbox 1504 2121 1721 2167; x_wconf 91' lang='lat' dir='ltr'><strong>corpore,</strong></span> <span class='ocrx_word' id='word_1_187' title='bbox 1765 2107 1927 2154; x_wconf 89' lang='lat' dir='ltr'><strong>anima</strong></span> <span class='ocrx_word' id='word_1_188' title='bbox 1967 2106 2179 2154; x_wconf 74' lang='lat' dir='ltr'><strong>reunita⁷</strong></span> <span class='ocrx_word' id='word_1_189' title='bbox 2218 2122 2332 2155; x_wconf 84' lang='lat' dir='ltr'><strong>cum</strong></span> <span class='ocrx_word' id='word_1_190' title='bbox 2411 2139 2423 2171; x_wconf 57' lang='lat'><strong>⁴.</strong></span> 
     </span>
    </p>
   </div>
   <div class='ocr_carea' id='block_1_9' title="bbox 486 2182 2339 2255">
    <p class='ocr_par' dir='ltr' id='par_1_10' title="bbox 486 2182 2339 2255">
     <span class='ocr_line' id='line_1_26' title="bbox 486 2182 2339 2255; baseline 0.001 -21"><span class='ocrx_word' id='word_1_191' title='bbox 486 2182 502 2201; x_wconf 66' lang='lat'>¹</span> <span class='ocrx_word' id='word_1_192' title='bbox 587 2189 695 2248; x_wconf 91' lang='lat' dir='ltr'><strong>ipso</strong></span> <span class='ocrx_word' id='word_1_193' title='bbox 736 2195 971 2249; x_wconf 87' lang='lat' dir='ltr'><strong>perpetuo</strong></span> <span class='ocrx_word' id='word_1_194' title='bbox 1012 2202 1340 2249; x_wconf 89' lang='lat' dir='ltr'><strong>permansura.</strong></span> <span class='ocrx_word' id='word_1_195' title='bbox 1427 2185 1542 2234; x_wconf 90' lang='lat' dir='ltr'><strong>Hoc</strong></span> <span class='ocrx_word' id='word_1_196' title='bbox 1591 2194 1751 2234; x_wconf 90' lang='lat' dir='ltr'><strong>autem</strong></span> <span class='ocrx_word' id='word_1_197' title='bbox 1798 2186 1942 2235; x_wconf 90' lang='lat' dir='ltr'><strong>docet</strong></span> <span class='ocrx_word' id='word_1_198' title='bbox 1974 2187 2097 2249; x_wconf 82' lang='lat' dir='ltr'><strong>fides</strong></span> <span class='ocrx_word' id='word_1_199' title='bbox 2143 2188 2339 2255; x_wconf 61' lang='lat' dir='ltr'><strong>apostoli</strong></span> 
     </span>
    </p>
   </div>
   <div class='ocr_carea' id='block_1_10' title="bbox 578 2266 2331 2897">
    <p class='ocr_par' dir='ltr' id='par_1_11' title="bbox 578 2266 2331 2897">
     <span class='ocr_line' id='line_1_27' title="bbox 597 2266 2330 2331; baseline 0.002 -17"><span class='ocrx_word' id='word_1_200' title='bbox 597 2284 610 2313; x_wconf 88' lang='lat'>1</span> <span class='ocrx_word' id='word_1_201' title='bbox 652 2267 868 2315; x_wconf 90' lang='lat' dir='ltr'><strong>Corinth.</strong></span> <span class='ocrx_word' id='word_1_202' title='bbox 902 2284 977 2315; x_wconf 90' lang='lat' dir='ltr'><strong>xv.</strong></span> <span class='ocrx_word' id='word_1_203' title='bbox 1015 2268 1264 2315; x_wconf 91' lang='lat' dir='ltr'><strong>declarans</strong></span> <span class='ocrx_word' id='word_1_204' title='bbox 1300 2266 1497 2329; x_wconf 91' lang='lat' dir='ltr'><strong>pulchre</strong></span> <span class='ocrx_word' id='word_1_205' title='bbox 1533 2282 1594 2314; x_wconf 88' lang='lat' dir='ltr'><strong>ex</strong></span> <span class='ocrx_word' id='word_1_206' title='bbox 1629 2269 1981 2316; x_wconf 88' lang='lat' dir='ltr'><strong>resurrectione</strong></span> <span class='ocrx_word' id='word_1_207' title='bbox 2019 2266 2210 2328; x_wconf 86' lang='lat' dir='ltr'><strong>Christi,</strong></span> <span class='ocrx_word' id='word_1_208' title='bbox 2247 2270 2330 2331; x_wconf 81' lang='lat' dir='ltr'><strong>qui</strong></span> 
     </span>
     <span class='ocr_line' id='line_1_28' title="bbox 586 2348 2331 2412; baseline 0.003 -17"><span class='ocrx_word' id='word_1_209' title='bbox 586 2356 658 2395; x_wconf 89' lang='lat' dir='ltr'><strong>est</strong></span> <span class='ocrx_word' id='word_1_210' title='bbox 704 2348 846 2396; x_wconf 88' lang='lat' dir='ltr'><strong>frater</strong></span> <span class='ocrx_word' id='word_1_211' title='bbox 892 2357 1068 2406; x_wconf 90' lang='lat' dir='ltr'><strong>noster,</strong></span> <span class='ocrx_word' id='word_1_212' title='bbox 1119 2349 1269 2400; x_wconf 87' lang='lat' dir='ltr'><strong>homo</strong></span> <span class='ocrx_word' id='word_1_213' title='bbox 1311 2350 1570 2397; x_wconf 88' lang='lat' dir='ltr'><strong>nobiscum</strong></span> <span class='ocrx_word' id='word_1_214' title='bbox 1616 2349 1833 2407; x_wconf 87' lang='lat' dir='ltr'><strong>univoce,</strong></span> <span class='ocrx_word' id='word_1_215' title='bbox 1881 2350 2016 2412; x_wconf 88' lang='lat' dir='ltr'><strong>quod</strong></span> <span class='ocrx_word' id='word_1_216' title='bbox 2061 2365 2235 2400; x_wconf 85' lang='lat' dir='ltr'><strong>omnes</strong></span> <span class='ocrx_word' id='word_1_217' title='bbox 2282 2359 2331 2399; x_wconf 92' lang='lat' dir='ltr'><strong>et</strong></span> 
     </span>
     <span class='ocr_line' id='line_1_29' title="bbox 587 2429 2331 2494; baseline 0.002 -18"><span class='ocrx_word' id='word_1_218' title='bbox 587 2430 759 2492; x_wconf 87' lang='lat' dir='ltr'><strong>singuli</strong></span> <span class='ocrx_word' id='word_1_219' title='bbox 783 2444 1109 2490; x_wconf 86' lang='lat' dir='ltr'><strong>resurgemus:</strong></span> <span class='ocrx_word' id='word_1_220' title='bbox 1153 2433 1163 2453; x_wconf 88' lang='lat'>‘</span> <span class='ocrx_word' id='word_1_221' title='bbox 1179 2429 1363 2487; x_wconf 88' lang='lat' dir='ltr'><strong>tradidi,</strong></span> <span class='ocrx_word' id='word_1_222' title='bbox 1388 2430 1556 2491; x_wconf 89' lang='lat' dir='ltr'><strong>inquit,</strong></span> <span class='ocrx_word' id='word_1_223' title='bbox 1583 2431 1722 2477; x_wconf 92' lang='lat' dir='ltr'><strong>vobis</strong></span> <span class='ocrx_word' id='word_1_224' title='bbox 1746 2430 1880 2492; x_wconf 92' lang='lat' dir='ltr'><strong>quod</strong></span> <span class='ocrx_word' id='word_1_225' title='bbox 1904 2429 1975 2478; x_wconf 78' lang='lat' dir='ltr'><strong>et⁸</strong></span> <span class='ocrx_word' id='word_1_226' title='bbox 2001 2432 2182 2494; x_wconf 90' lang='lat' dir='ltr'><strong>accepi,</strong></span> <span class='ocrx_word' id='word_1_227' title='bbox 2206 2446 2331 2494; x_wconf 92' lang='lat' dir='ltr'><strong>quo-</strong></span> 
     </span>
     <span class='ocr_line' id='line_1_30' title="bbox 584 2510 2329 2576; baseline 0.002 -19"><span class='ocrx_word' id='word_1_228' title='bbox 584 2512 715 2557; x_wconf 90' lang='lat' dir='ltr'><strong>niam</strong></span> <span class='ocrx_word' id='word_1_229' title='bbox 736 2510 977 2558; x_wconf 81' lang='lat' dir='ltr'><strong>Christus⁹</strong></span> <span class='ocrx_word' id='word_1_230' title='bbox 1001 2519 1219 2558; x_wconf 90' lang='lat' dir='ltr'><strong>mortuus</strong></span> <span class='ocrx_word' id='word_1_231' title='bbox 1244 2519 1316 2557; x_wconf 91' lang='lat' dir='ltr'><strong>est</strong></span> <span class='ocrx_word' id='word_1_232' title='bbox 1341 2526 1430 2573; x_wconf 89' lang='lat' dir='ltr'><strong>pro</strong></span> <span class='ocrx_word' id='word_1_233' title='bbox 1455 2512 1665 2572; x_wconf 91' lang='lat' dir='ltr'><strong>peccatis</strong></span> <span class='ocrx_word' id='word_1_234' title='bbox 1689 2512 1866 2560; x_wconf 89' lang='lat' dir='ltr'><strong>nostris</strong></span> <span class='ocrx_word' id='word_1_235' title='bbox 1892 2511 2162 2561; x_wconf 88' lang='lat' dir='ltr'><strong>secundum</strong></span> <span class='ocrx_word' id='word_1_236' title='bbox 2179 2514 2329 2576; x_wconf 84' lang='lat' dir='ltr'><strong>scrip-</strong></span> 
     </span>
     <span class='ocr_line' id='line_1_31' title="bbox 583 2592 2330 2654; baseline 0.002 -16"><span class='ocrx_word' id='word_1_237' title='bbox 583 2598 724 2648; x_wconf 74' lang='lat' dir='ltr'><strong>turae,</strong></span> <span class='ocrx_word' id='word_1_238' title='bbox 751 2599 798 2638; x_wconf 92' lang='lat' dir='ltr'><strong>et</strong></span> <span class='ocrx_word' id='word_1_239' title='bbox 830 2593 942 2654; x_wconf 90' lang='lat' dir='ltr'><strong>quia</strong></span> <span class='ocrx_word' id='word_1_240' title='bbox 967 2592 1178 2653; x_wconf 89' lang='lat' dir='ltr'><strong>sepultus</strong></span> <span class='ocrx_word' id='word_1_241' title='bbox 1203 2600 1276 2639; x_wconf 89' lang='lat' dir='ltr'><strong>est</strong></span> <span class='ocrx_word' id='word_1_242' title='bbox 1300 2599 1348 2639; x_wconf 91' lang='lat' dir='ltr'><strong>et</strong></span> <span class='ocrx_word' id='word_1_243' title='bbox 1372 2592 1485 2654; x_wconf 90' lang='lat' dir='ltr'><strong>quia</strong></span> <span class='ocrx_word' id='word_1_244' title='bbox 1516 2593 1772 2640; x_wconf 85' lang='lat' dir='ltr'><strong>resurrexit</strong></span> <span class='ocrx_word' id='word_1_245' title='bbox 1795 2592 1932 2641; x_wconf 88' lang='lat' dir='ltr'><strong>ter-tia</strong></span> <span class='ocrx_word' id='word_1_246' title='bbox 1957 2593 2037 2641; x_wconf 90' lang='lat' dir='ltr'><strong>die</strong></span> <span class='ocrx_word' id='word_1_247' title='bbox 2060 2594 2330 2649; x_wconf 88' lang='lat' dir='ltr'><strong>secundum</strong></span> 
     </span>
     <span class='ocr_line' id='line_1_32' title="bbox 583 2672 2329 2735; baseline 0.003 -17"><span class='ocrx_word' id='word_1_248' title='bbox 583 2676 852 2734; x_wconf 78' lang='lat' dir='ltr'><strong>scripturae,</strong></span> <span class='ocrx_word' id='word_1_249' title='bbox 886 2680 933 2719; x_wconf 89' lang='lat' dir='ltr'><strong>et</strong></span> <span class='ocrx_word' id='word_1_250' title='bbox 958 2674 1070 2734; x_wconf 88' lang='lat' dir='ltr'><strong>quia</strong></span> <span class='ocrx_word' id='word_1_251' title='bbox 1101 2674 1230 2720; x_wconf 89' lang='lat' dir='ltr'><strong>visus</strong></span> <span class='ocrx_word' id='word_1_252' title='bbox 1260 2680 1333 2720; x_wconf 92' lang='lat' dir='ltr'><strong>est</strong></span> <span class='ocrx_word' id='word_1_253' title='bbox 1357 2672 1555 2735; x_wconf 92' lang='lat' dir='ltr'><strong>Cephae</strong></span> <span class='ocrx_word' id='word_1_254' title='bbox 1588 2682 1635 2721; x_wconf 91' lang='lat' dir='ltr'><strong>et</strong></span> <span class='ocrx_word' id='word_1_255' title='bbox 1666 2682 1777 2735; x_wconf 88' lang='lat' dir='ltr'><strong>post</strong></span> <span class='ocrx_word' id='word_1_256' title='bbox 1807 2673 1903 2721; x_wconf 91' lang='lat' dir='ltr'><strong>hoc</strong></span> <span class='ocrx_word' id='word_1_257' title='bbox 1933 2674 2164 2724; x_wconf 89' lang='lat' dir='ltr'><strong>undecim</strong></span> <span class='ocrx_word' id='word_1_258' title='bbox 2188 2674 2329 2724; x_wconf 78' lang='lat' dir='ltr'><strong>disei-</strong></span> 
     </span>
     <span class='ocr_line' id='line_1_33' title="bbox 580 2754 2327 2818; baseline 0.002 -18"><span class='ocrx_word' id='word_1_259' title='bbox 580 2754 703 2815; x_wconf 90' lang='lat' dir='ltr'><strong>pulis</strong></span> <span class='ocrx_word' id='word_1_260' title='bbox 713 2754 762 2812; x_wconf 79' lang='lat'><strong>¹⁰,</strong></span> <span class='ocrx_word' id='word_1_261' title='bbox 783 2754 957 2801; x_wconf 91' lang='lat' dir='ltr'><strong>deinde</strong></span> <span class='ocrx_word' id='word_1_262' title='bbox 977 2755 1104 2802; x_wconf 88' lang='lat' dir='ltr'><strong>visus</strong></span> <span class='ocrx_word' id='word_1_263' title='bbox 1127 2763 1199 2801; x_wconf 88' lang='lat' dir='ltr'><strong>est</strong></span> <span class='ocrx_word' id='word_1_264' title='bbox 1218 2754 1326 2815; x_wconf 90' lang='lat' dir='ltr'><strong>plus</strong></span> <span class='ocrx_word' id='word_1_265' title='bbox 1351 2769 1499 2816; x_wconf 92' lang='lat' dir='ltr'><strong>quam</strong></span> <span class='ocrx_word' id='word_1_266' title='bbox 1518 2755 1792 2817; x_wconf 88' lang='lat' dir='ltr'><strong>quingentis</strong></span> <span class='ocrx_word' id='word_1_267' title='bbox 1816 2754 2052 2815; x_wconf 80' lang='lat' dir='ltr'><strong>fratribus,</strong></span> <span class='ocrx_word' id='word_1_268' title='bbox 2073 2770 2134 2803; x_wconf 86' lang='lat' dir='ltr'><strong>ex</strong></span> <span class='ocrx_word' id='word_1_269' title='bbox 2153 2756 2327 2818; x_wconf 88' lang='lat' dir='ltr'><strong>quibus</strong></span> 
     </span>
     <span class='ocr_line' id='line_1_34' title="bbox 578 2835 2327 2897; baseline 0.003 -16"><span class='ocrx_word' id='word_1_270' title='bbox 578 2835 715 2881; x_wconf 85' lang='lat' dir='ltr'><strong>multi</strong></span> <span class='ocrx_word' id='word_1_271' title='bbox 739 2843 939 2883; x_wconf 87' lang='lat' dir='ltr'><strong>manent</strong></span> <span class='ocrx_word' id='word_1_272' title='bbox 962 2850 1115 2897; x_wconf 92' lang='lat' dir='ltr'><strong>usque</strong></span> <span class='ocrx_word' id='word_1_273' title='bbox 1140 2835 1311 2893; x_wconf 88' lang='lat' dir='ltr'><strong>adhuc,</strong></span> <span class='ocrx_word' id='word_1_274' title='bbox 1337 2835 1536 2897; x_wconf 90' lang='lat' dir='ltr'><strong>quidam</strong></span> <span class='ocrx_word' id='word_1_275' title='bbox 1566 2843 1728 2883; x_wconf 89' lang='lat' dir='ltr'><strong>autem</strong></span> <span class='ocrx_word' id='word_1_276' title='bbox 1753 2835 2064 2889; x_wconf 87' lang='lat' dir='ltr'><strong>dormierunt.</strong></span> <span class='ocrx_word' id='word_1_277' title='bbox 2133 2835 2327 2886; x_wconf 90' lang='lat' dir='ltr'><strong>Deinde</strong></span> 
     </span>
    </p>
   </div>
   <div class='ocr_carea' id='block_1_11' title="bbox 579 2915 2327 2979">
    <p class='ocr_par' dir='ltr' id='par_1_12' title="bbox 579 2907 2424 2979">
     <span class='ocr_line' id='line_1_35' title="bbox 579 2915 2327 2979; baseline 0.002 -17"><span class='ocrx_word' id='word_1_278' title='bbox 579 2917 706 2964; x_wconf 89' lang='lat' dir='ltr'><strong>visus</strong></span> <span class='ocrx_word' id='word_1_279' title='bbox 743 2925 815 2964; x_wconf 88' lang='lat' dir='ltr'><strong>est</strong></span> <span class='ocrx_word' id='word_1_280' title='bbox 854 2915 1058 2979; x_wconf 89' lang='lat' dir='ltr'><strong>Jacob0,</strong></span> <span class='ocrx_word' id='word_1_281' title='bbox 1096 2916 1270 2964; x_wconf 92' lang='lat' dir='ltr'><strong>deinde</strong></span> <span class='ocrx_word' id='word_1_282' title='bbox 1311 2917 1543 2978; x_wconf 89' lang='lat' dir='ltr'><strong>apostolis</strong></span> <span class='ocrx_word' id='word_1_283' title='bbox 1584 2917 1825 2974; x_wconf 84' lang='lat' dir='ltr'><strong>omnibuS,</strong></span> <span class='ocrx_word' id='word_1_284' title='bbox 1863 2917 2124 2966; x_wconf 89' lang='lat' dir='ltr'><strong>novissime</strong></span> <span class='ocrx_word' id='word_1_285' title='bbox 2163 2925 2327 2966; x_wconf 86' lang='lat' dir='ltr'><strong>autem</strong></span> 
     </span>
    </p>
   </div>
   <div class='ocr_carea' id='block_1_12' title="bbox 576 2997 2326 3222">
    <p class='ocr_par' dir='ltr' id='par_1_13' title="bbox 576 2997 2326 3222">
     <span class='ocr_line' id='line_1_36' title="bbox 579 2997 2326 3059; baseline 0.002 -15"><span class='ocrx_word' id='word_1_286' title='bbox 579 2998 799 3044; x_wconf 90' lang='lat' dir='ltr'><strong>omnium</strong></span> <span class='ocrx_word' id='word_1_287' title='bbox 822 3005 1050 3059; x_wconf 89' lang='lat' dir='ltr'><strong>tanquam</strong></span> <span class='ocrx_word' id='word_1_288' title='bbox 1078 2998 1296 3045; x_wconf 90' lang='lat' dir='ltr'><strong>abortivo</strong></span> <span class='ocrx_word' id='word_1_289' title='bbox 1319 2997 1446 3045; x_wconf 88' lang='lat' dir='ltr'><strong>visus</strong></span> <span class='ocrx_word' id='word_1_290' title='bbox 1470 3006 1541 3045; x_wconf 87' lang='lat' dir='ltr'><strong>est</strong></span> <span class='ocrx_word' id='word_1_291' title='bbox 1566 2998 1710 3046; x_wconf 70' lang='lat' dir='ltr'><strong>mihi!</strong></span> <span class='ocrx_word' id='word_1_292' title='bbox 1783 2997 1833 3045; x_wconf 89' lang='lat' dir='ltr'><strong>Si</strong></span> <span class='ocrx_word' id='word_1_293' title='bbox 1864 3006 2026 3046; x_wconf 88' lang='lat' dir='ltr'><strong>autem</strong></span> <span class='ocrx_word' id='word_1_294' title='bbox 2059 2997 2326 3048; x_wconf 83' lang='lat' dir='ltr'><strong>secundum</strong></span> 
     </span>
     <span class='ocr_line' id='line_1_37' title="bbox 576 3077 2326 3140; baseline 0.002 -16"><span class='ocrx_word' id='word_1_295' title='bbox 576 3080 683 3140; x_wconf 90' lang='lat' dir='ltr'><strong>jura</strong></span> <span class='ocrx_word' id='word_1_296' title='bbox 713 3079 833 3140; x_wconf 90' lang='lat' dir='ltr'><strong>legis</strong></span> <span class='ocrx_word' id='word_1_297' title='bbox 864 3078 957 3126; x_wconf 91' lang='lat' dir='ltr'><strong>Dei</strong></span> <span class='ocrx_word' id='word_1_298' title='bbox 994 3086 1040 3125; x_wconf 89' lang='lat' dir='ltr'><strong>et</strong></span> <span class='ocrx_word' id='word_1_299' title='bbox 1075 3079 1194 3139; x_wconf 90' lang='lat' dir='ltr'><strong>legis</strong></span> <span class='ocrx_word' id='word_1_300' title='bbox 1229 3077 1482 3125; x_wconf 90' lang='lat' dir='ltr'><strong>hominum</strong></span> <span class='ocrx_word' id='word_1_301' title='bbox 1517 3078 1567 3125; x_wconf 92' lang='lat' dir='ltr'><strong>in</strong></span> <span class='ocrx_word' id='word_1_302' title='bbox 1603 3093 1687 3125; x_wconf 92' lang='lat' dir='ltr'><strong>ore</strong></span> <span class='ocrx_word' id='word_1_303' title='bbox 1721 3078 1928 3126; x_wconf 90' lang='lat' dir='ltr'><strong>duorum</strong></span> <span class='ocrx_word' id='word_1_304' title='bbox 1950 3079 2025 3126; x_wconf 85' lang='lat' dir='ltr'><strong>vel</strong></span> <span class='ocrx_word' id='word_1_305' title='bbox 2048 3079 2192 3127; x_wconf 89' lang='lat' dir='ltr'><strong>trium</strong></span> <span class='ocrx_word' id='word_1_306' title='bbox 2230 3087 2326 3127; x_wconf 86' lang='lat' dir='ltr'><strong>tes-</strong></span> 
     </span>
     <span class='ocr_line' id='line_1_38' title="bbox 578 3158 2323 3222; baseline 0.001 -15"><span class='ocrx_word' id='word_1_307' title='bbox 578 3160 697 3207; x_wconf 89' lang='lat' dir='ltr'><strong>tium</strong></span> <span class='ocrx_word' id='word_1_308' title='bbox 735 3167 826 3207; x_wconf 90' lang='lat' dir='ltr'><strong>stat</strong></span> <span class='ocrx_word' id='word_1_309' title='bbox 860 3174 1007 3206; x_wconf 91' lang='lat' dir='ltr'><strong>omne</strong></span> <span class='ocrx_word' id='word_1_310' title='bbox 1045 3159 1260 3217; x_wconf 90' lang='lat' dir='ltr'><strong>verbum,</strong></span> <span class='ocrx_word' id='word_1_311' title='bbox 1303 3158 1481 3220; x_wconf 83' lang='lat' dir='ltr'><strong>quod¹¹</strong></span> <span class='ocrx_word' id='word_1_312' title='bbox 1521 3159 1800 3222; x_wconf 86' lang='lat' dir='ltr'><strong>testimonio</strong></span> <span class='ocrx_word' id='word_1_313' title='bbox 1843 3167 1916 3206; x_wconf 91' lang='lat' dir='ltr'><strong>est</strong></span> <span class='ocrx_word' id='word_1_314' title='bbox 1954 3159 2323 3222; x_wconf 78' lang='lat' dir='ltr'><strong>probandum12,</strong></span> 
     </span>
    </p>
   </div>
   <div class='ocr_carea' id='block_1_13' title="bbox 577 3278 2322 3598">
    <p class='ocr_par' dir='ltr' id='par_1_14' title="bbox 577 3278 2322 3598">
     <span class='ocr_line' id='line_1_39' title="bbox 633 3278 2322 3332; baseline 0.001 -13"><span class='ocrx_word' id='word_1_315' title='bbox 633 3281 647 3304; x_wconf 82' lang='lat'>¹</span> <span class='ocrx_word' id='word_1_316' title='bbox 675 3279 726 3319; x_wconf 87' lang='lat' dir='ltr'><strong>cf.</strong></span> <span class='ocrx_word' id='word_1_317' title='bbox 757 3293 879 3331; x_wconf 86' lang='lat' dir='ltr'><strong>supra</strong></span> <span class='ocrx_word' id='word_1_318' title='bbox 896 3280 948 3319; x_wconf 86' lang='lat' dir='ltr'><strong>iv.</strong></span> <span class='ocrx_word' id='word_1_319' title='bbox 971 3291 1035 3330; x_wconf 82' lang='lat'><strong>30.</strong></span> <span class='ocrx_word' id='word_1_320' title='bbox 1244 3279 1260 3302; x_wconf 85' lang='lat'><em>²</em></span> <span class='ocrx_word' id='word_1_321' title='bbox 1287 3278 1332 3330; x_wconf 90' lang='lat' dir='ltr'><strong>a]</strong></span> <span class='ocrx_word' id='word_1_322' title='bbox 1349 3278 1404 3324; x_wconf 89' lang='lat' dir='ltr'><strong>in,</strong></span> <span class='ocrx_word' id='word_1_323' title='bbox 1425 3279 1487 3319; x_wconf 89' lang='lat' dir='ltr'><strong>ed.</strong></span> <span class='ocrx_word' id='word_1_324' title='bbox 1508 3292 1569 3331; x_wconf 87' lang='lat' dir='ltr'><strong>pr.</strong></span> <span class='ocrx_word' id='word_1_325' title='bbox 1785 3278 1800 3302; x_wconf 74' lang='lat'><strong>³</strong></span> <span class='ocrx_word' id='word_1_326' title='bbox 1827 3279 1997 3332; x_wconf 85' lang='lat' dir='ltr'><strong>debeat]</strong></span> <span class='ocrx_word' id='word_1_327' title='bbox 2019 3280 2155 3326; x_wconf 90' lang='lat' dir='ltr'><strong>debet,</strong></span> <span class='ocrx_word' id='word_1_328' title='bbox 2174 3280 2239 3320; x_wconf 83' lang='lat' dir='ltr'><strong>ed.</strong></span> <span class='ocrx_word' id='word_1_329' title='bbox 2259 3293 2322 3332; x_wconf 89' lang='lat' dir='ltr'><strong>pr.</strong></span> 
     </span>
     <span class='ocr_line' id='line_1_40' title="bbox 578 3332 2322 3386; baseline 0.001 -14"><span class='ocrx_word' id='word_1_330' title='bbox 578 3332 593 3355; x_wconf 74' lang='lat'>4</span> <span class='ocrx_word' id='word_1_331' title='bbox 623 3334 929 3385; x_wconf 87' lang='lat' dir='ltr'><strong>Hospitalares]</strong></span> <span class='ocrx_word' id='word_1_332' title='bbox 952 3333 1270 3386; x_wconf 87' lang='lat' dir='ltr'><strong>Hospitalarios,</strong></span> <span class='ocrx_word' id='word_1_333' title='bbox 1291 3334 1346 3372; x_wconf 88' lang='lat' dir='ltr'><strong>D.</strong></span> <span class='ocrx_word' id='word_1_334' title='bbox 1367 3333 1430 3372; x_wconf 90' lang='lat' dir='ltr'><strong>ed.</strong></span> <span class='ocrx_word' id='word_1_335' title='bbox 1450 3346 1510 3385; x_wconf 87' lang='lat' dir='ltr'><strong>pr.</strong></span> <span class='ocrx_word' id='word_1_336' title='bbox 1660 3332 1676 3356; x_wconf 84' lang='lat'>⁵</span> <span class='ocrx_word' id='word_1_337' title='bbox 1703 3333 1884 3385; x_wconf 85' lang='lat' dir='ltr'><strong>cometa]</strong></span> <span class='ocrx_word' id='word_1_338' title='bbox 1906 3339 2080 3381; x_wconf 87' lang='lat' dir='ltr'><strong>comata,</strong></span> <span class='ocrx_word' id='word_1_339' title='bbox 2101 3332 2156 3374; x_wconf 89' lang='lat' dir='ltr'><strong>D.</strong></span> <span class='ocrx_word' id='word_1_340' title='bbox 2176 3334 2238 3375; x_wconf 82' lang='lat' dir='ltr'><strong>ed.</strong></span> <span class='ocrx_word' id='word_1_341' title='bbox 2259 3347 2322 3386; x_wconf 91' lang='lat' dir='ltr'><strong>pr.</strong></span> 
     </span>
     <span class='ocr_line' id='line_1_41' title="bbox 577 3386 2318 3439; baseline 0.001 -12"><span class='ocrx_word' id='word_1_342' title='bbox 577 3386 593 3410; x_wconf 64' lang='grc' dir='ltr'><strong>θ</strong></span> <span class='ocrx_word' id='word_1_343' title='bbox 620 3387 739 3439; x_wconf 91' lang='lat' dir='ltr'><strong>mihi]</strong></span> <span class='ocrx_word' id='word_1_344' title='bbox 762 3400 844 3426; x_wconf 88' lang='lat' dir='ltr'><strong>om.</strong></span> <span class='ocrx_word' id='word_1_345' title='bbox 865 3388 914 3427; x_wconf 89' lang='lat' dir='ltr'><strong>C.</strong></span> <span class='ocrx_word' id='word_1_346' title='bbox 1079 3387 1094 3410; x_wconf 89' lang='lat'>⁷</span> <span class='ocrx_word' id='word_1_347' title='bbox 1121 3387 1298 3439; x_wconf 82' lang='lat' dir='ltr'><strong>reunita]</strong></span> <span class='ocrx_word' id='word_1_348' title='bbox 1320 3387 1492 3432; x_wconf 70' lang='lat' dir='ltr'><strong>munito,</strong></span> <span class='ocrx_word' id='word_1_349' title='bbox 1514 3387 1566 3425; x_wconf 95' lang='lat' dir='ltr'><strong>A.</strong></span> <span class='ocrx_word' id='word_1_350' title='bbox 1588 3387 1789 3427; x_wconf 86' lang='lat' dir='ltr'><strong>secundae</strong></span> <span class='ocrx_word' id='word_1_351' title='bbox 1807 3399 1967 3427; x_wconf 87' lang='lat' dir='ltr'><strong>manus.</strong></span> <span class='ocrx_word' id='word_1_352' title='bbox 2183 3405 2187 3408; x_wconf 90' lang='lat'><em>·</em></span> <span class='ocrx_word' id='word_1_353' title='bbox 2212 3387 2318 3439; x_wconf 82' lang='lat' dir='ltr'><strong>⁸et]</strong></span> 
     </span>
     <span class='ocr_line' id='line_1_42' title="bbox 578 3441 2318 3494; baseline 0.001 -15"><span class='ocrx_word' id='word_1_354' title='bbox 578 3454 659 3479; x_wconf 90' lang='lat' dir='ltr'><strong>om.</strong></span> <span class='ocrx_word' id='word_1_355' title='bbox 681 3441 729 3480; x_wconf 93' lang='lat' dir='ltr'><strong>C.</strong></span> <span class='ocrx_word' id='word_1_356' title='bbox 749 3441 813 3480; x_wconf 88' lang='lat' dir='ltr'><strong>ed.</strong></span> <span class='ocrx_word' id='word_1_357' title='bbox 832 3455 894 3493; x_wconf 89' lang='lat' dir='ltr'><strong>pr.</strong></span> <span class='ocrx_word' id='word_1_358' title='bbox 1113 3441 1128 3464; x_wconf 77' lang='lat'>⁹</span> <span class='ocrx_word' id='word_1_359' title='bbox 1159 3441 1364 3492; x_wconf 86' lang='lat' dir='ltr'><strong>Christus]</strong></span> <span class='ocrx_word' id='word_1_360' title='bbox 1381 3441 1511 3493; x_wconf 77' lang='lat' dir='ltr'><strong>jesus,</strong></span> <span class='ocrx_word' id='word_1_361' title='bbox 1532 3441 1593 3480; x_wconf 87' lang='lat' dir='ltr'><strong>ed.</strong></span> <span class='ocrx_word' id='word_1_362' title='bbox 1613 3454 1676 3493; x_wconf 91' lang='lat' dir='ltr'><strong>pr.</strong></span> <span class='ocrx_word' id='word_1_363' title='bbox 1859 3442 1890 3465; x_wconf 80' lang='lat'><strong>¹⁰</strong></span> <span class='ocrx_word' id='word_1_364' title='bbox 1916 3441 2018 3482; x_wconf 85' lang='lat' dir='ltr'><strong>disci</strong></span> <span class='ocrx_word' id='word_1_365' title='bbox 2018 3441 2146 3494; x_wconf 87' lang='lat' dir='ltr'><strong>pulis]</strong></span> <span class='ocrx_word' id='word_1_366' title='bbox 2167 3454 2250 3482; x_wconf 88' lang='lat' dir='ltr'><strong>om.</strong></span> <span class='ocrx_word' id='word_1_367' title='bbox 2270 3441 2318 3480; x_wconf 92' lang='grc' dir='ltr'><strong>Β.</strong></span> 
     </span>
     <span class='ocr_line' id='line_1_43' title="bbox 578 3494 2318 3570; baseline 0.001 -37"><span class='ocrx_word' id='word_1_368' title='bbox 578 3494 733 3570; x_wconf 80' lang='lat' dir='ltr'><strong>primae</strong></span> <span class='ocrx_word' id='word_1_369' title='bbox 751 3507 908 3540; x_wconf 84' lang='lat' dir='ltr'><strong>manus,</strong></span> <span class='ocrx_word' id='word_1_370' title='bbox 931 3495 979 3534; x_wconf 92' lang='lat' dir='ltr'><strong>C.</strong></span> <span class='ocrx_word' id='word_1_371' title='bbox 1000 3495 1063 3534; x_wconf 90' lang='lat' dir='ltr'><strong>ed.</strong></span> <span class='ocrx_word' id='word_1_372' title='bbox 1084 3508 1144 3547; x_wconf 88' lang='lat' dir='ltr'><strong>pr.</strong></span> <span class='ocrx_word' id='word_1_373' title='bbox 1399 3495 1428 3518; x_wconf 86' lang='lat'><strong>¹¹</strong></span> <span class='ocrx_word' id='word_1_374' title='bbox 1456 3494 1584 3546; x_wconf 91' lang='lat' dir='ltr'><strong>quod]</strong></span> <span class='ocrx_word' id='word_1_375' title='bbox 1608 3507 1703 3547; x_wconf 89' lang='lat' dir='ltr'><strong>quo,</strong></span> <span class='ocrx_word' id='word_1_376' title='bbox 1723 3495 1777 3534; x_wconf 89' lang='lat' dir='ltr'><strong>A.</strong></span> <span class='ocrx_word' id='word_1_377' title='bbox 1780 3495 1827 3535; x_wconf 90' lang='grc' dir='ltr'><strong>Β.</strong></span> <span class='ocrx_word' id='word_1_378' title='bbox 1830 3495 1902 3542; x_wconf 91' lang='lat' dir='ltr'><strong>C.;</strong></span> <span class='ocrx_word' id='word_1_379' title='bbox 1933 3495 2154 3548; x_wconf 85' lang='lat' dir='ltr'><strong>quomodo,</strong></span> <span class='ocrx_word' id='word_1_380' title='bbox 2173 3494 2237 3535; x_wconf 89' lang='lat' dir='ltr'><strong>ed.</strong></span> <span class='ocrx_word' id='word_1_381' title='bbox 2257 3508 2318 3548; x_wconf 91' lang='lat' dir='ltr'><strong>pr.</strong></span> 
     </span>
     <span class='ocr_line' id='line_1_44' title="bbox 593 3546 1466 3598; baseline 0.002 -13.11"><span class='ocrx_word' id='word_1_382' title='bbox 593 3546 686 3586; x_wconf 84' lang='lat' dir='ltr'><strong>².cf</strong></span> <span class='ocrx_word' id='word_1_383' title='bbox 708 3548 832 3587; x_wconf 91' lang='lat' dir='ltr'><strong>Num.</strong></span> <span class='ocrx_word' id='word_1_384' title='bbox 854 3562 969 3588; x_wconf 87' lang='lat' dir='ltr'>xxxv</span> <span class='ocrx_word' id='word_1_385' title='bbox 990 3560 1067 3598; x_wconf 82' lang='lat'><strong>30;</strong></span> <span class='ocrx_word' id='word_1_386' title='bbox 1101 3548 1250 3589; x_wconf 82' lang='lat' dir='ltr'><strong>Matth.</strong></span> <span class='ocrx_word' id='word_1_387' title='bbox 1271 3548 1378 3588; x_wconf 88' lang='lat' dir='ltr'><strong>xviii.</strong></span> <span class='ocrx_word' id='word_1_388' title='bbox 1405 3547 1466 3588; x_wconf 92' lang='lat'><strong>16.</strong></span> 
     </span>
    </p>
   </div>
  </div>
 </body>
</html>
