2436 4094
160 458 315 492 caan.
771 443 1341 495 TRIALOGUS.

80 589 84 593 ·
137 575 344 637 ‚mod03
381 585 430 626 et
453 592 542 640 per
558 577 689 627 idem
714 579 755 628 si
778 586 909 628 totus
932 580 1144 629 mundus
1164 580 1545 629 condensaretur
1561 580 1624 629 ad
1648 596 1750 628 non
1770 596 1923 644 quan-

161 663 282 717 tum,
299 672 389 722 per
406 659 722 722 impossibile,
741 676 906 711 versus
927 670 1159 711 centrum.
1230 662 1294 710 Et
1317 662 1491 710 eadem
1515 671 1587 710 est
1606 663 1741 720 rati0,
1761 662 1923 726 posito

161 739 300 804 quod
333 740 546 790 mundus
580 741 836 792 fluctuaret
857 743 932 792 vel
964 743 1206 792 infinitum
1235 744 1626 807 quoviscunque1
1650 752 1925 793 moveretur

159 822 213 871 in
235 837 391 878 vacuo
423 823 629 873 infinito.
702 824 836 874 Sicut
860 839 980 888 ergo
1004 840 1154 873 nemo
1180 834 1344 888 potest
1368 826 1631 889 intelligere
1657 827 1923 890 quidquam

159 904 349 953 bassius
373 920 524 968 quam
547 914 620 955 est
644 914 878 965 centrum,
905 908 974 956 sic
997 922 1146 955 nemo
1171 915 1333 970 potest
1357 909 1623 971 intelligere
1658 909 1924 972 quidquam

159 984 388 1034 humilius
411 1001 560 1050 quam
585 996 659 1038 est
676 988 911 1037 Verbum.
982 989 1103 1037 Ideo
1130 998 1324 1052 oportet
1348 991 1612 1054 quemlibet
1640 985 1924 1039 salvandum

127 1059 402 1132 ‘spirituale
435 1069 707 1118 aedificium
740 1073 1034 1120 constituere
1068 1072 1120 1119 in
1156 1072 1252 1121 hoc
1289 1081 1472 1131 centro,
1508 1074 1621 1137 quia
1657 1074 1791 1121 aliter
1822 1088 1924 1121 non

156 1159 327 1215 posset
349 1151 455 1215 eJ‘us
480 1152 782 1201 altitudinem
806 1154 988 1216 erigere
1012 1169 1169 1218 usque
1194 1155 1258 1203 ad
1284 1156 1489 1203 coelum.
1560 1156 1757 1203 Turrim
1793 1156 1924 1203 enim

157 1239 261 1285 tam
285 1233 432 1282 altam
463 1242 657 1297 oportet
688 1235 868 1283 habere
900 1236 1151 1284 immobile
1183 1236 1556 1285 fundamentum
1571 1253 1584 1297 ;
1635 1238 1722 1286 sed
1752 1253 1923 1285 secun-

158 1313 278 1363 dum
295 1315 598 1378 apostolum²
617 1320 628 1341 ‘
644 1316 1016 1366 fundamentum
1035 1317 1163 1366 aliud
1182 1333 1329 1366 nemo
1348 1334 1531 1382 ponere
1554 1327 1715 1382 potest
1734 1327 1924 1382 praeter

155 1395 210 1446 id
240 1396 374 1460 quod
406 1398 622 1460 positum
655 1406 742 1457 est,
775 1399 910 1462 quod
945 1407 1019 1448 est
1054 1399 1276 1448 Christus
1312 1398 1508 1464 Jesus³.'
1581 1400 1920 1449 Describendo

155 1486 322 1530 autem
346 1480 571 1528 virtutem
606 1480 886 1530 humilitatis
912 1481 1226 1530 conformiter
1262 1483 1325 1530 ad
1360 1483 1605 1545 praedicta
1629 1491 1790 1545 potest
1815 1483 1922 1541 dici,

127 1584 131 1594 ·
156 1561 294 1624 quod
316 1561 558 1611 humilitas
588 1570 662 1611 est
685 1563 833 1611 virtus
862 1564 961 1611 vel4
987 1579 1124 1612 amor
1155 1565 1406 1612 ordinatus
1444 1566 1494 1612 in
1529 1566 1684 1627 gradu
1721 1565 1810 1612 sibi
1842 1563 1923 1611 de-

152 1643 260 1697 bito
282 1644 586 1706 persistendi,
609 1645 693 1708 qui
712 1660 851 1693 amor
868 1646 919 1692 in
940 1645 1135 1694 Christo
1156 1646 1428 1694 secundum
1448 1647 1552 1709 ejus
1572 1647 1923 1694 humanitatem

156 1724 466 1774 immobiliter
489 1735 776 1789 perseverat.
847 1727 942 1774 Alii
966 1735 1129 1775 autem
1153 1735 1207 1775 ut
1239 1727 1379 1776 sunt⁶
1402 1729 1492 1777 sibi
1517 1729 1568 1775 in
1599 1728 1696 1776 hoc
1729 1728 1923 1776 confor-

155 1807 351 1866 miores,
377 1817 490 1856 sunt
512 1815 566 1856 ut
591 1809 659 1856 sic
682 1809 963 1857 humiliores
988 1817 1036 1857 et
1060 1810 1123 1858 ad
1155 1810 1346 1872 apicem
1370 1810 1596 1857 virtutum
1630 1810 1817 1858 facilius
1851 1817 1922 1857 at-

1 1890 33 1966 κ’
68 1919 71 1921 Δ
154 1889 444 1953 tingendum
465 1891 803 1954 promptiores,
874 1890 939 1939 Et
961 1898 1095 1954 patet
1108 1893 1280 1954 prime,
1306 1892 1559 1954 quomodo
1596 1891 1815 1940 Christus
1851 1891 1921 1939 di-

154 1979 285 2021 recte
313 1972 630 2021 contrariatur
671 1972 883 2032 diabolo,
922 1988 1035 2021 cum
1069 1973 1175 2036 ipse
1219 1973 1276 2021 sit
1318 1988 1508 2021 summe
1547 1974 1788 2036 superbus
1833 1973 1920 2020 sed

154 2053 376 2104 Christus
400 2068 591 2103 summe
614 2054 823 2103 humilis.
893 2054 1014 2103 Ideo
1040 2055 1078 2104 si
1103 2055 1175 2104 vis
1199 2055 1389 2118 placere
1414 2054 1540 2114 De0‚
1567 2054 1804 2117 despicias
1838 2069 1916 2102 su-

153 2136 336 2199 perbos
359 2136 587 2199 cogitatu,
613 2137 805 2185 animo⁶
829 2145 975 2201 atque
999 2138 1110 2185 vita.
1181 2137 1319 2185 Talis
1343 2137 1476 2185 enirn
1501 2137 1679 2185 domus
1703 2152 1806 2185 non
1831 2152 1918 2199 pa-

153 2218 267 2268 titur
289 2219 479 2267 ruinam
502 2233 532 2268 a
555 2220 808 2268 contrariis
826 2219 1185 2283 impellentibus
1203 2219 1278 2267 vel
1297 2218 1561 2282 procellis⁷.
1635 2218 1768 2267 Sicut
1786 2218 1919 2266 enim

110 2289 111 2292 Ἴ
153 2309 348 2364 oportet
382 2315 490 2350 esse
523 2316 675 2370 unam
710 2301 925 2351 radicem
960 2301 1191 2360 vitiatam,
1230 2315 1259 2348 a
1300 2316 1398 2364 qua
1437 2308 1613 2349 cuncta
1653 2301 1922 2364 posteriora

91 2432 93 2441 ,
153 2382 358 2435 crimina
375 2391 485 2432 sunt
503 2382 881 2443 contracta,¹5'ic⁸
900 2390 1096 2446 oportet
1114 2398 1221 2431 esse
1246 2398 1397 2430 unam
1416 2383 1631 2431 radicem
1657 2382 1922 2430 salvantem

153 2472 329 2524 cetera,
354 2478 481 2528 quae
506 2466 564 2515 sit
595 2466 743 2529 plena
765 2466 935 2513 virtute
968 2473 1017 2513 et
1051 2465 1218 2527 gratia.
1290 2463 1419 2512 Cum
1453 2465 1584 2512 enim
1610 2464 1830 2513 Christus
1863 2465 1921 2512 sit

153 2545 292 2596 Deus
313 2554 363 2595 et
384 2546 552 2606 hom0,
577 2548 738 2611 posito
772 2547 907 2610 quod
940 2546 1110 2609 aliquis
1144 2547 1202 2594 sit
1234 2546 1342 2608 ipso
1369 2545 1609 2604 humilior,
1641 2554 1758 2593 tunc
1791 2545 1915 2593 foret

152 2628 206 2678 iu
228 2627 500 2677 voluntate⁹
524 2629 684 2678 standi
719 2629 770 2676 in
805 2628 959 2691 gradu
996 2628 1085 2676 sibi
1121 2626 1330 2674 debito¹⁰
1350 2625 1545 2675 Christo
1582 2627 1913 2685 constantior3

153 2709 243 2765 sed
277 2710 395 2774 quid
428 2710 806 2775 impossibilius?
869 2709 933 2757 Et
968 2716 1100 2772 patet
1134 2709 1338 2766 secundo,
1368 2708 1503 2771 quod
1538 2707 1780 2757 humilitas
1816 2722 1918 2755 non

153 2793 375 2842 Consistit
409 2793 460 2842 in
483 2793 727 2841 voluntate
764 2791 962 2840 inferius
997 2789 1297 2854 persistendi,
1325 2804 1436 2837 cum
1471 2789 1691 2838 Christus
1728 2804 1932 2837 summes

153 2873 347 2924 humilis
387 2875 487 2923 vult
527 2889 636 2924 esse
677 2874 935 2923 altissimus
978 2873 1027 2920 in
1067 2873 1281 2920 bonitate
1323 2871 1523 2919 humani
1558 2872 1765 2933 generiS‚
1804 2886 1916 2919 cum

153 2955 322 3016 thO,
347 2965 400 3005 ut
422 2957 664 3015 humilior,
690 2964 762 3005 est
787 2955 849 3005 ad
879 2954 1186 3003 serviendum
1209 2952 1366 3001 Deo¹¹
1391 2953 1675 3015 promptior,
1702 2960 1750 3001 et
1771 2960 1823 3000 ut
1848 2953 1916 3000 sic

19 3090 23 3091 ⁷
63 3028 69 3046 ²
154 3037 329 3088 clarius
353 3039 630 3088 considerat
654 3053 706 3087 se
730 3053 838 3087 esse
864 3037 1137 3085 ministrum
1162 3035 1269 3083 Dei.
1343 3033 1440 3083 Sed
1473 3042 1519 3083 et
1553 3034 1621 3082 sic
1654 3042 1726 3082 est
1752 3033 1915 3082 Chris-

21 3118 25 3135 ”
96 3185 103 3191 .
153 3128 233 3171 tus
255 3120 608 3180 huminimusffl,
629 3122 743 3185 quia
767 3120 829 3169 ad
854 3118 1160 3168 serviendum
1184 3117 1294 3167 Deo
1329 3124 1376 3165 et
1399 3116 1629 3165 ecclesiae
1653 3116 1914 3179 promptis-

209 3265 225 3290 ¹
253 3263 580 3319 quoviseunque]
601 3276 968 3318 quorsumcunque,
989 3263 1052 3304 ed.
1073 3276 1134 3316 pr.
1264 3261 1279 3284 ²
1307 3259 1563 3314 apostolum]
1590 3271 1607 3299 1
1633 3260 1820 3301 Corinth.
1842 3260 1912 3308 iii„

155 3319 312 3360 A.B.C.
333 3319 398 3360 ed.
418 3332 480 3373 pr.
697 3319 713 3342 ⁸
740 3317 1045 3371 aliud—Jesus]
1067 3330 1148 3358 om.
1170 3316 1233 3357 ed.
1254 3330 1315 3369 pr.
1535 3314 1549 3338 ⁴
1577 3315 1703 3355 virtus
1723 3315 1807 3368 vel]
1830 3328 1912 3356 om.

155 3373 312 3415 A.B.C.
332 3373 397 3414 ed.
446 3387 478 3415 r.
696 3373 712 3397 ⁶
740 3372 855 3425 sunt]
877 3386 959 3413 om.
980 3373 1079 3413 B.C.
1099 3372 1301 3411 secundae
1320 3383 1478 3410 manus.
1708 3369 1724 3393 ⁶
1751 3370 1909 3424 animo]

154 3428 330 3475 animae,
350 3427 404 3468 A.
445 3428 507 3469 .C.
527 3427 590 3468 ed.
620 3441 682 3482 pr.
846 3427 862 3449 ⁷
890 3427 940 3467 cf.
964 3427 1114 3466 Matth.
1135 3426 1202 3465 vii.
1221 3436 1286 3476 25,
1312 3435 1374 3476 27.
1554 3424 1568 3448 ⁸
1597 3423 1674 3476 sic]
1698 3424 1756 3464 sic
1774 3425 1911 3472 etiam,

155 3482 312 3523 A.B.C.
434 3483 450 3507 ⁹
478 3481 710 3535 voluntate]
730 3481 973 3528 humilitate,
993 3482 1056 3523 ed.
1078 3493 1138 3533 pr.
1155 3494 1164 3525 ;
1197 3480 1242 3520 B.
1263 3480 1418 3532 primae
1438 3492 1595 3519 manus.
1725 3479 1755 3503 ¹⁰
1782 3479 1912 3531 gradu

155 3536 372 3590 —debito]
393 3537 730 3590 gratia—debita,
751 3538 814 3578 ed.
835 3549 896 3589 pr.
1061 3536 1089 3560 ²¹
1120 3534 1234 3588 Deo]
1257 3547 1338 3575 om.
1361 3534 1415 3574 D.
1582 3533 1611 3557 ¹²
1638 3532 1909 3587 humillimus]

154 3589 362 3639 humilior,
383 3591 429 3632 B.
449 3592 512 3633 ed.
534 3605 595 3645 pr.

2065 444 2168 514 165

1981 1410 2009 1448 ·<

2010 1409 2085 1437 irtus
2099 1408 2195 1436 humi-

1982 1443 2076 1483 litatis
2091 1443 2205 1471 descri-

2005 1482 2076 1506 rtur.

1983 1478 2003 1505 0·
