2436 4094
340 462 439 514 166
1002 461 1426 526 JOANNIS
1483 462 1837 512 WICLIF
2157 480 2322 511 mum.
2381 494 2384 497 ·

570 600 734 646 simus.
805 596 866 645 Et
890 604 1096 659 possunt
1119 597 1317 659 probari
1341 603 1455 645 octo
1478 596 1810 660 proprietateS,
1836 611 1957 659 quas
1980 595 2323 644 Lz‘ncolniensis

570 679 779 728 declarat
815 678 947 726 essel
976 694 1086 726 vere
1122 678 1355 726 humilem
1391 686 1759 741 consequentes.
1831 677 2045 726 Humilis
2081 677 2212 725 enim
2248 691 2322 725 se-

569 760 783 809 cundum
816 760 964 808 fidem
1000 759 1261 821 evangelii2
1285 761 1565 807 recumbere
1590 759 1736 807 debet
1761 764 1773 785 ‘
1789 760 1839 806 in
1864 760 2130 807 novissimo
2153 757 2320 817 loco³‚’

567 843 662 890 hoc
686 850 758 891 est
783 843 833 890 in
865 842 976 890 loco
1009 842 1278 889 humillimo
1313 849 1456 904 atque
1489 842 1552 890 ad
1585 841 1890 889 serviendum
1913 840 2024 889 Deo
2057 839 2321 904 promptis-

566 925 707 972 simo,
779 921 897 971 Non
921 923 1053 971 enim
1084 923 1304 986 intelligit
1337 922 1557 971 Christus
1583 924 1644 971 de
1676 922 1788 971 loco
1823 937 2077 986 corpore0‚
2102 922 2218 985 quia
2249 921 2320 969 sic

567 1005 690 1053 foret
744 1012 1060 1068 praeceptum
1114 1020 1257 1053 suum
1311 1005 1623 1068 superfluum,
1673 1004 1832 1053 solum
1877 1004 1962 1052 uni
2009 1003 2321 1051 convenienS.

566 1088 688 1136 Ideo
714 1095 899 1135 certum
925 1095 1013 1145 est,
1039 1087 1176 1149 quod
1208 1086 1428 1135 Christus
1461 1101 1563 1134 non
1594 1086 1804 1149 loquitur
1836 1086 1898 1134 de
1930 1085 2111 1148 nuptiis
2133 1083 2208 1132 vel
2232 1082 2322 1132 de*

566 1169 772 1232 prandio
798 1169 1052 1232 corporali,
1078 1169 1165 1217 sed
1189 1169 1250 1217 de
1283 1169 1461 1232 nuptiis
1486 1168 1821 1231 spiritualibus,
1858 1168 2032 1231 quibus
2065 1167 2322 1215 invitamur

567 1252 631 1300 ad
668 1267 875 1300 coenam
908 1251 1238 1310 novissimam,
1263 1251 1314 1298 in
1350 1251 1526 1314 quibus
1557 1250 1725 1308 hom0,
1752 1251 1829 1298 cui
1861 1265 1964 1298 non
1995 1249 2048 1297 fit
2078 1247 2320 1306 revelatiO,

569 1334 713 1381 debet
740 1348 792 1381 se
812 1338 1026 1396 rqbulare
1044 1348 1150 1381 esse
1174 1333 1553 1395 abjectissimum
1578 1331 1932 1380 salvandorum.
1991 1329 2110 1378 Non
2132 1327 2322 1378 autem⁵

568 1415 711 1463 debet
728 1414 825 1462 hoc
844 1415 1033 1474 credere,
1054 1430 1166 1462 cum
1186 1429 1331 1477 saepe
1351 1415 1410 1462 sit
1427 1414 1616 1472 falsum,
1637 1410 1750 1461 sed⁶
1769 1414 1910 1461 debet
1929 1426 2122 1475 sperare
2141 1426 2195 1460 se
2212 1425 2321 1460 esse

569 1497 867 1554 salvandum,
893 1505 941 1545 et
966 1497 1027 1545 de
1053 1496 1183 1544 nullo
1209 1496 1440 1544 salvando
1465 1503 1646 1558 putare,
1668 1495 1802 1558 quod
1827 1495 1886 1542 sit
1908 1493 2048 1542 Deo⁷
2071 1492 2320 1557 abjectior,

570 1594 717 1642 quam
753 1577 851 1626 est⁸
888 1578 993 1638 ille3
1043 1579 1177 1627 aliter
1209 1579 1340 1626 enim
1377 1578 1480 1626 sine
1515 1578 1753 1625 evidentia
1787 1577 2089 1624 recumberet
2120 1576 2171 1623 in
2205 1574 2318 1623 loco

255 1669 402 1697 Doctrina
412 1669 452 1698 de
571 1661 714 1709 nimis
739 1661 847 1709 alto.
905 1660 970 1709 Et
994 1676 1054 1709 ex
1078 1661 1170 1709 isto
1195 1667 1328 1723 patet
1351 1660 1495 1717 tertio,
1515 1659 1648 1722 quod
1666 1658 1802 1707 Deus
1821 1659 2068 1706 neminem
2086 1656 2243 1719 eligit⁹
2266 1657 2319 1704 in

252 1703 422 1731 humilitate

252 1737 478 1811 ἓῖἒέἰζξὲῑῖἓέἀ
570 1743 850 1805 praelatum,
870 1743 962 1790 nisi
988 1743 1045 1790 sit
1064 1743 1290 1805 subjectis
1310 1743 1406 1789 suis
1431 1741 1667 1799 humilior,
1688 1741 1801 1803 quia
1818 1739 1954 1788 Deus
1972 1740 2220 1788 neminem
2237 1739 2321 1787 eli-

254 1805 508 1866 {ffiffisaffesstque
569 1826 639 1886 git
662 1826 713 1872 in
737 1825 896 1882 talem,
923 1825 1012 1872 nisi
1038 1825 1097 1872 sit
1122 1825 1290 1871 virtute
1322 1823 1528 1871 habilior
1559 1830 1605 1870 et
1628 1838 1715 1885 per
1739 1836 2046 1884 consequens
2077 1820 2320 1869 humilior.

253 1873 482 1902 monaehomm’
571 1905 862 1968 Quicunque
898 1907 1029 1954 enim
1065 1913 1139 1953 est
1176 1905 1414 1963 humilior,
1453 1912 1526 1952 est
1562 1903 1755 1952 Christo
1796 1903 2126 1966 propinquior.
2197 1901 2320 1950 Ideo

569 1986 811 2034 humilitas
847 1995 895 2035 et
931 1995 1117 2034 ceterae
1152 1987 1347 2034 virtutes
1381 2001 1484 2034 non
1520 1986 1678 2034 solum
1713 2000 1812 2048 quo
1849 1985 1911 2032 ad
1946 1985 2160 2047 speciem
2189 1983 2321 2032 sed¹⁰

570 2082 667 2130 quo
704 2067 767 2116 ad
801 2067 980 2130 gradus
1014 2067 1281 2116 laudabiles
1316 2083 1368 2116 se
1404 2074 1682 2130 sequuntur.
1754 2067 1817 2114 Et
1850 2066 1972 2115 haec
2008 2067 2143 2120 ratio,
2169 2080 2322 2130 quare

569 2156 680 2196 ante
723 2149 1020 2197 dotationem
1063 2148 1356 2197 Caesaream
1396 2150 1673 2197 servabatur
1713 2148 1879 2211 regula
1920 2148 2142 2211 apostoli,
2184 2147 2320 2212 quod

569 2245 716 2278 nemo
758 2238 917 2278 sumat
958 2231 1048 2278 sibi
1085 2230 1340 2289 honorem,
1379 2230 1467 2278 sed
1503 2231 1585 2293 qui
1619 2238 1818 2279 vocatur
1859 2246 1888 2278 a
1921 2229 2047 2288 De0,
2083 2237 2319 2293 tanquam

569 2312 794 2360 Aaron¹¹.
866 2311 985 2360 Non
1018 2313 1148 2360 enim
1172 2312 1313 2360 video
1338 2312 1455 2375 quin
1480 2312 1747 2375 aspirantes
1773 2312 1836 2361 ad
1866 2312 2126 2375 primatum
2157 2312 2207 2359 in
2237 2326 2318 2359 ec-

568 2394 727 2452 clesia,
754 2401 801 2441 et
820 2394 1095 2457 quicunque
1121 2393 1181 2440 de
1206 2394 1399 2456 privatis
1424 2393 1687 2452 ordinibus,
1708 2395 1771 2442 ab
1795 2394 2059 2442 humilitate
2082 2393 2318 2443 deficiunt

569 2485 615 2525 et
649 2491 736 2537 per
760 2489 1068 2538 consequens
1092 2490 1121 2523 a
1145 2475 1328 2532 virtute,
1356 2475 1472 2537 quia
1494 2475 1569 2523 vel
1604 2483 1716 2523 sunt
1753 2476 1881 2523 stulti
1904 2475 1979 2523 vel
2006 2483 2231 2538 reputant
2265 2490 2322 2523 se*

568 2556 766 2605 subditis
805 2556 1065 2618 digniores.
1153 2555 1203 2603 Si
1244 2557 1375 2603 enim
1410 2564 1609 2619 propter
1643 2557 1976 2605 excellentiam
2014 2556 2215 2606 honoris
2255 2557 2318 2604 ab

567 2639 766 2686 homine
790 2638 863 2685 vel
887 2645 1086 2700 propter
1109 2637 1294 2685 lucrum
1313 2639 1578 2700 temporale
1603 2638 1699 2687 hoc
1724 2647 1969 2702 appetunt,
1988 2647 2103 2687 tunc
2122 2639 2319 2687 indubie

568 2727 678 2767 sunt
719 2719 958 2781 culpandi,
997 2735 1109 2767 cum
1147 2734 1286 2767 amor
1320 2719 1429 2778 Dei,
1464 2720 1764 2779 humilitasw,
1802 2729 1850 2769 et
1883 2736 1971 2784 per
2011 2735 2319 2784 consequens

567 2802 713 2850 virtus
732 2801 1040 2864 postponitur
1056 2809 1104 2849 et
1127 2803 1314 2849 bonurn
1331 2802 1598 2864 temporale
1617 2803 1820 2850 nimium
1838 2803 2146 2866 ponderatur.
2219 2802 2320 2852 Sed

568 2898 691 2946 quae
715 2884 871 2947 major
895 2884 1088 2932 stultitia
1112 2884 1161 2930 in
1185 2885 1383 2932 amore?
1440 2883 1503 2931 Et
1527 2899 1588 2931 ex
1612 2885 1711 2933 istis
1735 2893 1880 2947 patet,
1899 2885 2034 2949 quod
2057 2885 2319 2934 electiones

567 2965 823 3013 hominum
864 2974 917 3013 ut
954 2965 1214 3027 plurimum
1252 2973 1363 3013 sunt
1404 2966 1623 3028 injustae,
1660 2967 1773 3029 quia
1814 2969 1854 3015 si
1892 2968 2072 3016 electus
2113 2983 2215 3016 non
2257 2968 2318 3016 sit

568 3048 805 3105 humilior,
845 3047 1018 3110 injuste
1060 3047 1262 3108 eligitur,
1297 3054 1346 3094 et
1387 3046 1481 3094 hoc
1523 3047 1574 3094 in
1615 3048 1788 3111 maJ'ori
1823 3056 1958 3110 parte
1993 3050 2166 3106 evenit,
2203 3064 2317 3097 cum

569 3129 792 3176 humilior
815 3129 961 3177 hodie
996 3136 1241 3190 reputatur
1271 3128 1528 3189 indignior.
1598 3128 1661 3176 Et
1692 3138 1823 3192 patet
1848 3130 1982 3192 quod
2006 3130 2101 3178 in¹³
2123 3131 2317 3179 electio-

571 3211 712 3259 nibus
736 3211 960 3258 humanis
994 3220 1040 3259 et
1072 3210 1265 3275 privatis
1297 3209 1624 3272 religionibus,
1651 3212 1975 3259 communiter
2007 3212 2317 3261 contenditur

623 3344 637 3367 ¹
665 3343 773 3396 esse]
795 3357 878 3384 om.
899 3343 1001 3383 A.B.
1023 3344 1223 3384 secundae
1242 3355 1400 3389 manus,
1421 3343 1470 3383 C.
1641 3341 1657 3365 ²
1685 3343 1903 3396 evangelii]
1925 3343 2025 3384 Luc.
2044 3343 2138 3390 xiv„
2159 3345 2315 3386 A.B.C.

568 3398 630 3437 ed.
652 3412 713 3450 pr.
876 3398 891 3421 3
920 3400 1019 3438 Luc.
1039 3399 1118 3438 xiv.
1143 3410 1205 3438 10.
1368 3397 1383 3420 4
1410 3397 1480 3450 de]
1503 3409 1583 3436 om.
1605 3397 1651 3436 B.
1673 3398 1734 3437 ed.
1754 3410 1816 3450 pr.
1938 3398 1954 3421 ⁵
1985 3398 2143 3451 autem]
2164 3405 2314 3445 tamen,

568 3453 630 3491 ed.
650 3466 711 3504 pr.
908 3453 923 3476 ⁶
953 3453 1041 3504 sed]
1064 3458 1117 3499 et,
1138 3452 1292 3492 A.B.C.
1510 3451 1526 3474 ⁷
1555 3451 1669 3504 Deo]
1690 3465 1754 3498 eo,
1774 3452 1826 3492 A.
2032 3452 2048 3475 ⁸
2075 3453 2158 3505 est]
2180 3454 2244 3498 sit,
2266 3454 2314 3493 Β.

569 3507 724 3556 primae
743 3519 899 3554 manus,
920 3508 982 3547 ed.
1003 3520 1063 3558 pr.
1238 3507 1254 3530 ⁹
1282 3506 1414 3558 eligit]
1435 3506 1569 3558 elegit,
1589 3507 1643 3546 A.
1823 3506 1853 3531 ¹⁰
1880 3506 1970 3559 sed]
1991 3506 2063 3546 sed
2081 3512 2134 3552 et,
2156 3507 2312 3548 A.B.C.

570 3560 596 3581 ¹¹
631 3561 759 3599 Hebr.
781 3574 817 3599 v.
838 3574 877 3611 4.
899 3562 1022 3601 verba
1043 3568 1052 3583 ‘
1068 3561 1138 3601 sed
1158 3562 1451 3614 qui—Aaron‚'
1473 3574 1554 3600 om.
1575 3561 1638 3600 ed.
1659 3573 1719 3612 pr.
1965 3560 1996 3585 ²²
2022 3560 2250 3615 humilitas]
2271 3568 2312 3603 et

569 3613 787 3661 humilitas,
808 3615 854 3654 B.
875 3615 936 3656 ed.
957 3628 1018 3668 pr.
1236 3616 1267 3641 ¹³
1293 3616 1404 3668 quod
1422 3615 1484 3668 in]
1505 3628 1565 3662 ex,
1587 3615 1741 3655 A.B.C.
