2436 4094
420 376 488 412 20
992 349 1747 405 PROLEGOMENA.

419 495 641 544 editionis
677 494 1024 556 exprimuntur,
1059 506 1101 537 V.
1137 505 1177 537 c.
1204 487 1292 535 IV.
1319 503 1359 535 c.
1389 502 1467 548 34.
1492 501 1539 549 p.
1577 487 1688 546 285.
1722 484 1798 534 ed.
1835 494 1979 546 1753,
2015 483 2202 531 vallant
2233 496 2324 546 pro

415 584 607 640 vadunt,
650 581 738 629 IV.
777 597 815 629 c.
864 590 937 640 15.
974 594 1021 641 p.
1070 588 1180 636 225.
1225 575 1450 623 editionis
1491 573 1770 637 posterioris
1812 572 1974 620 motalz'
2004 587 2095 635 pro
2137 570 2332 619 mortali

419 679 468 720 et
491 678 662 720 cetera.
731 667 1039 716 Paucissimis
1063 666 1114 712 in
1136 665 1256 712 locis
1282 678 1468 711 errores
1493 662 1676 726 aliquot
1701 662 2006 725 conjecturae
2041 674 2137 724 ope
2162 673 2328 708 emen-

419 759 516 807 dati
543 765 667 816 sunt,
693 772 766 804 ex.
795 771 864 818 gr.
890 754 978 801 IV.
1008 769 1083 801 10.
1109 768 1155 816 p.
1196 767 1305 813 209.
1342 751 1418 799 ed.
1451 761 1593 812 1753.
1619 757 1748 799 recte
1783 749 1998 813 positum
2031 754 2105 797 est
2127 746 2328 796 verbum

406 848 601 911 propius
624 859 712 909 pro
737 859 855 892 voce
872 843 1113 905 proprius,
1133 849 1181 889 et
1205 838 1442 904 quaedam
1467 839 1649 889 similia.
2308 834 2311 837 ’

1316 1068 1442 1128 ΙΙΙ.

640 1235 837 1296 Libri
861 1255 1052 1295 manu
1081 1233 1331 1294 exarati
1367 1234 1430 1293 T
1421 1233 1730 1313 rz'alogum
1758 1229 2108 1291 exhibente&

486 1374 554 1424 Ut
578 1375 836 1437 Trialogus
870 1371 1169 1421 emendatior
1201 1379 1249 1419 et
1281 1385 1430 1434 quam
1460 1370 1672 1418 maxime
1705 1369 1918 1431 genuina
1949 1366 2119 1424 forma,
2152 1379 2250 1429 qua
2271 1365 2335 1414 ab

418 1463 526 1528 ipso
553 1470 748 1510 auctore
773 1461 977 1525 scriptus
1002 1467 1086 1517 est,
1112 1459 1397 1516 restituatur,
1423 1458 1570 1506 libros
1595 1472 1744 1506 manu
1776 1463 1999 1505 exaratos
2023 1454 2335 1503 consulamus

419 1566 618 1599 necesse
642 1558 728 1598 est.
799 1549 863 1597 Et
894 1548 1189 1612 gratulamur
1221 1548 1376 1606 nobis,
1403 1546 1537 1610 quod
1564 1562 1668 1594 non
1698 1561 1825 1594 unus
1858 1546 1989 1594 solus
2021 1544 2108 1594 sed
2130 1553 2336 1608 quatuor

421 1639 526 1687 libri
554 1640 796 1701 integrum
820 1637 1108 1700 Trialogum
1140 1637 1436 1694 exhibentes,
1463 1635 1573 1683 Deo
1605 1633 1901 1697 providente,
1926 1633 2057 1682 hunc
2086 1647 2241 1696 usque
2273 1631 2338 1681 ad

423 1727 552 1774 diem
577 1726 843 1775 conservati
868 1726 974 1773 sint.
1047 1724 1145 1783 Qui
1170 1739 1342 1772 omnes
1366 1723 1691 1772 Vindobonae
1715 1724 1765 1770 in
1788 1723 2077 1771 bibliotheca
2103 1721 2338 1785 imperiali

423 1823 469 1863 et
505 1815 657 1862 aulica
693 1821 1005 1861 asservantur.
1077 1812 1303 1874 Namque
1339 1812 1414 1860 ille
1451 1813 1581 1870 liber,
1620 1812 1702 1874 qui
1737 1812 1787 1858 in
1821 1811 2113 1859 bibliotheca
2148 1810 2337 1874 collegii

424 1903 833 1965 Cantabrigiensis
870 1911 1062 1950 sanctae
1096 1902 1344 1949 Trinitatis
1381 1901 1630 1964 quondam
1666 1901 1766 1959 fuit,
1799 1899 1983 1949 dudum
2017 1900 2230 1964 perditus
2265 1907 2338 1949 est

426 1990 694 2055 (SHIRLEY,
725 1990 770 2038 A
814 1990 1067 2052 Calalogue
1100 1990 1162 2053 of
1190 1991 1263 2037 the
1299 1989 1525 2052 Orzgrz’nal
1566 1990 1724 2038 Works
1758 1989 1820 2053 qs
1831 1988 1964 2052 sohn
2006 1988 2186 2052 Wyelg‘f,
2222 1987 2337 2038 Oxf.

429 2081 573 2141 1865,
611 2096 657 2143 p.
698 2077 764 2145 9).
850 2078 1001 2138 Quod
1047 2094 1174 2126 verov
1209 2087 1280 2126 tot
1326 2079 1432 2126 libri
1478 2093 1629 2126 manu
1675 2078 1870 2136 exarati,
1917 2078 2000 2141 qui
2048 2078 2338 2140 Trialogum

425 2168 667 2226 exhibent,
693 2167 942 2229 hucusque
982 2166 1251 2215 conservati
1286 2173 1411 2225 sunt,
1441 2165 1645 2229 Joannis
1677 2165 1815 2214 Husz'
1842 2166 2037 2214 asseclis
2060 2165 2338 2214 Bohemicis

426 2264 680 2318 acceptum
706 2255 968 2303 referimus.
1040 2255 1269 2318 Namque
1293 2263 1344 2302 ut
1369 2254 1620 2318 Johannes
1644 2253 1759 2302 Hus
1782 2255 1901 2317 ipse,
1926 2255 1992 2303 ita
2015 2254 2152 2303 multi
2177 2254 2338 2304 Bohe-

426 2359 621 2392 morum
652 2344 815 2407 ipsum
839 2344 989 2391 secuti
1021 2344 1161 2392 variis
1195 2343 1371 2391 Wiclifi
1402 2344 1680 2391 tractatibus
1713 2343 2115 2392 transscribendis
2138 2358 2339 2406 operam

427 2434 678 2483 dederunt.
749 2432 1050 2481 Bibliotheca
1090 2433 1223 2494 regia
1258 2432 1544 2481 Holmensis
1579 2433 1754 2480 librum
1788 2432 1936 2480 habet
1970 2432 2134 2480 medio
2171 2433 2338 2482 seculo

426 2522 590 2571 XVII.
629 2538 690 2571 ex
726 2538 834 2570 arce
870 2522 1102 2585 Pragensi
1143 2518 1465 2587 (Hradschz'n)
1505 2522 1714 2580 allatum,
1745 2523 1828 2585 qui
1863 2499 2077 2586 quinque
2111 2530 2339 2571 tractatus

427 2611 603 2660 Wiclifi
644 2611 1009 2674 philosophicos
1051 2611 1285 2659 exhibens
1327 2611 1496 2673 procul
1537 2611 1685 2659 dubio
1734 2626 1763 2658 a
1808 2610 2001 2674 Joanne
2047 2610 2186 2659 Huso
2229 2612 2339 2675 ipso

426 2709 648 2750 exaratus
690 2710 764 2750 est
815 2702 896 2761 (cf.
941 2701 1138 2760 Donuz,
1181 2700 1516 2764 Forsclzungen
1556 2703 1606 2748 in
1647 2699 1898 2749 Schweden
1918 2702 2025 2766 fiir
2062 2701 2341 2750 Maehren’s

432 2790 708 2850 Gesclzz‘clzte,
728 2791 909 2850 Briinn,
936 2795 1080 2853 1852,
1103 2808 1150 2855 p.
1183 2795 1275 2854 198
1304 2794 1411 2854 sq.).
1483 2792 1547 2840 Et
1571 2793 1633 2840 ab
1658 2793 1826 2841 amicis
1846 2792 2186 2857 discipulisque
2209 2793 2348 2842 Husi

427 2893 600 2927 omnes
635 2880 700 2927 illi
738 2895 1005 2939 sermones,
1042 2889 1286 2939 tractatus,
1322 2881 1444 2939 libri,
1482 2896 1608 2943 quos
1643 2880 1818 2928 Latino
1860 2896 2086 2930 sermone
2121 2881 2341 2931 Wiclifus

428 2976 782 3030 composuerat,
810 2984 1001 3017 summa
1033 2985 1145 3018 cum
1176 2969 1409 3017 industria
1433 2978 1480 3018 et
1503 2970 1802 3032 transscripti
1838 2978 1885 3017 et
1917 2969 2186 3033 perlustrati
2214 2978 2337 3019 sunt.

428 3055 613 3103 Verum
637 3073 700 3105 ne
735 3058 964 3106 minimus
997 3059 1195 3121 quidem
1226 3066 1453 3106 tractatus
1477 3074 1506 3106 a
1530 3062 1541 3082 ‘
1558 3058 1757 3106 doctore
1790 3059 2087 3121 evangelico'
2114 3074 2340 3108 sermone

429 3145 674 3191 vernaculo
708 3146 912 3208 scriptus
948 3147 999 3194 in
1032 3147 1162 3195 libris
1194 3146 1486 3195 Husitarum
1522 3161 1672 3209 opera
1708 3147 1913 3196 exaratis
1949 3146 2339 3210 deprehenditur.

431 3232 491 3280 Id
515 3233 648 3295 quod
680 3249 988 3297 nequaquam
1020 3234 1295 3283 mirandum
1328 3250 1434 3283 esse
1467 3235 1666 3292 videtur,
1693 3235 1805 3297 quia
1835 3236 1977 3298 pauci
2010 3234 2232 3294 Boherni‚
2258 3235 2341 3298 qui

433 3321 700 3369 studiorum
719 3338 865 3371 causa
885 3323 1137 3372 Oxonium
1160 3332 1404 3382 venerant,
1431 3324 1622 3386 linguae
1647 3323 1880 3386 Anglicae
1904 3322 2043 3385 periti
2066 3323 2339 3383 extiterunt,

435 3408 624 3470 plurimi
642 3424 770 3466 vero,
791 3426 996 3472 quorum
1015 3412 1065 3459 in
1088 3427 1232 3460 usum
1250 3411 1354 3460 libri
1378 3411 1442 3459 illi
1468 3411 1610 3459 scribi
1634 3410 1868 3469 solebant,
1885 3409 2077 3473 Anglici
2102 3412 2341 3460 sermonis

434 3504 656 3559 expertes
682 3497 885 3546 fuerunt.
958 3499 1141 3548 Nostro
1168 3508 1330 3549 autem
1353 3508 1574 3564 tempore
1593 3499 1698 3548 libri
1721 3500 1784 3548 illi
1809 3516 1837 3548 a
1861 3499 2092 3548 Bohemis
2115 3499 2341 3563 exscripti

436 3590 516 3632 aut
553 3584 602 3631 in
632 3585 873 3634 nonnullis
904 3586 1103 3636 Sueciae
1137 3588 1439 3637 bibliothecis
1476 3597 1555 3636 aut
1590 3588 1774 3650 Pragae
1813 3595 1893 3636 aut
1926 3586 2146 3636 Viennae
2179 3588 2344 3637 adser-
