2436 4094
56 383 57 387 ’
132 410 133 413 “
180 419 331 450 mn.
771 399 884 449 ΤΚ
901 400 993 450 [Α
1016 401 1063 449 L
1086 402 1130 452 ο
1152 401 1199 452 G
1223 399 1341 451 US.
2084 409 2150 469 73

176 534 384 598 concipi,
403 533 610 584 variat0¹
628 544 728 584 tam
745 536 939 599 objecto
958 550 1107 599 quam
1124 543 1358 598 tempore.
1431 534 1631 584 Certum
1650 542 1723 584 est
1747 542 1927 594 tamen,

175 615 313 680 quod
336 616 406 664 sic
428 618 734 679 geminantes
756 617 1028 680 intelligunt
1051 617 1293 680 superflue
1326 625 1469 680 atque
1501 617 1642 676 male,
1668 625 1716 665 et
1738 624 1792 666 ut
1817 618 1928 666 sub-

173 697 353 751 tiliores
374 699 677 760 grammatici
710 698 999 758 concedunt,
1024 699 1287 762 loquuntur
1317 699 1600 762 incongrue.
1670 698 1735 747 Et
1757 698 1809 747 in
1832 699 1926 748 isto

172 793 334 827 errore
357 779 579 828 laborant
600 787 841 842 ponentes
865 795 1072 828 vacuum
1103 781 1360 840 infinitum,
1384 789 1433 829 et
1464 781 1534 829 sic
1558 788 1659 829 tam
1682 795 1926 844 gramma-

170 859 268 909 tica
308 874 458 924 quam
497 860 815 923 metaphisica
850 861 1140 910 destrueret2
1174 863 1322 911 talem
1356 863 1666 926 vagationem
1703 861 1926 912 frivolam

169 940 295 990 ultra
316 941 492 991 limites
513 941 724 990 rationis·
794 942 1126 1006 Intelligamus
1149 959 1268 1007 ergo
1291 959 1381 1003 res,
1407 959 1532 1007 quae
1556 960 1643 1008 per
1666 960 1777 994 suas
1802 946 1928 994 exis-

169 1023 344 1073 tentias
374 1030 573 1072 movent
603 1024 841 1088 objective
873 1025 1170 1074 intellectum
1201 1034 1436 1084 nostrum,
1463 1034 1512 1075 et
1544 1027 1604 1075 de
1628 1026 1718 1076 illis
1748 1026 1926 1076 habere

169 1119 430 1169 possumus
451 1105 672 1154 notitiam
690 1107 1081 1169 consequenter3.
1153 1108 1253 1156 Sed
1276 1109 1398 1157 sicut
1422 1109 1472 1155 in
1496 1109 1697 1157 materia
1720 1109 1925 1158 calcula-

167 1187 292 1236 toria
313 1185 451 1235 multi
473 1186 699 1246 labuntur
721 1187 974 1250 perdendo
1007 1204 1058 1238 se
1090 1190 1223 1252 ipsos
1247 1191 1298 1238 in
1321 1186 1523 1253 pelagus
1547 1190 1829 1250 intellectuS,
1856 1193 1924 1241 sic

166 1269 218 1318 in
241 1268 444 1317 materia
467 1267 529 1316 de
551 1267 727 1317 talibus
750 1270 1018 1319 rationibus
1049 1272 1307 1334 geminatis
1332 1279 1380 1320 et
1412 1272 1516 1320 aliis
1549 1272 1924 1335 cogitationibus

166 1349 408 1414 superflue
431 1350 742 1412 introductis3
778 1360 831 1400 ut
855 1349 1017 1400 multi4
1041 1353 1287 1415 sophistae
1311 1352 1543 1412 dubitant,
1567 1355 1605 1403 si
1623 1354 1760 1403 Deus
1783 1355 1920 1404 intel-
1978 1372 2061 1401 Num
2075 1374 2162 1404 neus

164 1431 268 1495 ligit
285 1446 460 1481 omnes
476 1431 701 1481 homines
719 1448 845 1496 quos
867 1442 1028 1497 potest
1051 1434 1346 1498 producere3
1383 1444 1430 1484 et
1450 1444 1560 1484 sunt
1576 1437 1921 1499 responsiones
1975 1442 2179 1512 ffissgsstssg‘gssgm

86 1521 93 1523 ’
163 1514 323 1562 variae
347 1513 686 1577 sophistarum,
710 1523 764 1563 ut
792 1515 993 1578 quidam
1025 1516 1204 1575 dicunt,
1230 1517 1366 1581 quod
1399 1533 1516 1576 non,
1547 1533 1607 1566 eo
1633 1519 1768 1581 quod
1791 1516 1920 1567 non⁵

164 1602 374 1660 possunt
396 1596 634 1660 intelligi⁶,
654 1597 768 1660 quia
792 1597 990 1660 signatis
1014 1597 1118 1656 inis,
1146 1607 1257 1647 sunt
1277 1599 1368 1647 alia
1391 1599 1640 1648 individua
1664 1600 1919 1648 hominum

162 1692 313 1741 quam
335 1677 416 1726 illa
439 1677 678 1741 signanda
690 1694 703 1738 ;
747 1686 795 1727 et
817 1679 922 1741 pari
957 1679 1197 1728 evidentia
1220 1695 1318 1743 qua
1352 1688 1513 1744 potest
1536 1681 1674 1730 Deus
1707 1682 1918 1746 aliquem

161 1759 354 1808 illorum
375 1760 662 1823 producere,
685 1767 848 1824 potest
870 1759 945 1809 et⁷
975 1761 1241 1824 quemlibet
1273 1761 1490 1821 aliorum,
1516 1769 1565 1810 et
1596 1763 1664 1811 sic
1687 1763 1738 1810 in
1762 1763 1920 1811 infini-

160 1848 284 1893 tum„
352 1840 460 1891 Nec
483 1849 557 1891 est
578 1842 700 1890 ratio
725 1855 874 1905 quare
907 1842 1104 1905 aliquod
1137 1858 1241 1891 non
1265 1858 1354 1892 ens
1378 1850 1540 1907 potest
1562 1843 1776 1907 intelligi,
1802 1845 1920 1908 quin

159 1935 250 1986 per
269 1922 402 1972 idem
433 1922 554 1972 alius
585 1938 816 1972 numerus
848 1923 1106 1972 hominum
1140 1940 1291 1988 quam
1323 1926 1412 1974 iste
1441 1933 1603 1989 potest
1633 1926 1846 1989 intelligi,
1873 1935 1920 1976 et

160 2005 231 2054 sic
254 2003 305 2052 in
334 2004 589 2054 infinitum.
659 2004 768 2054 Nec
800 2013 874 2054 est
904 2007 1027 2055 ratio
1059 2006 1325 2070 signanda⁸
1358 2007 1568 2067 ulteriuS‚
1600 2023 1750 2071 quare
1780 2008 1918 2058 Deus

157 2093 320 2150 potest
344 2086 405 2136 de
427 2086 510 2136 illo
534 2100 740 2137 numero
767 2102 916 2151 quem
939 2103 1042 2137 non
1066 2089 1318 2152 producet,
1340 2089 1636 2153 singularem
1661 2090 1915 2139 hominem

157 2168 444 2232 producere,
469 2169 588 2234 quin
618 2185 706 2233 per
737 2169 868 2218 idem
904 2170 966 2219 de
999 2170 1094 2220 alio
1126 2187 1333 2220 numero
1368 2171 1635 2236 signando⁹
1667 2181 1915 2222 extraneO.

155 2250 280 2300 Ideo
305 2251 473 2300 dicunt
498 2251 787 2316 sophistae¹⁰
818 2253 1106 2315 negativam,
1132 2254 1268 2317 quod
1291 2254 1428 2303 Deus
1460 2270 1563 2303 non
1592 2263 1752 2318 potest
1776 2255 1915 2304 intel-

154 2331 303 2396 ligere
338 2347 514 2383 omnes
545 2333 771 2383 homines
806 2349 932 2398 quos
966 2344 1127 2398 potest
1161 2335 1445 2399 producere,
1483 2333 1597 2400 quia
1636 2344 1755 2386 tunc
1790 2337 1915 2386 foret

154 2429 243 2464 sua
264 2416 482 2479 potentia
512 2417 785 2465 necessario
816 2416 1030 2477 limitata,
1055 2426 1103 2466 et
1128 2418 1196 2466 sic
1223 2417 1361 2468 Deus
1393 2434 1495 2467 non
1519 2419 1738 2482 intelligit
1760 2420 1914 2468 maxi-

152 2511 291 2545 mum
308 2511 567 2546 numerum
589 2497 844 2546 hominum
863 2514 1011 2562 quem
1029 2499 1231 2562 potest11
1255 2500 1416 2550 facere
1441 2499 1595 2549 esse¹²
1620 2501 1774 2559 simul,
1802 2502 1915 2564 quia

152 2585 270 2628 tunc
294 2593 398 2627 non
425 2586 590 2642 posset
622 2594 783 2628 creare
816 2579 963 2628 alium
994 2580 1247 2630 hominem
1284 2597 1396 2630 cum
1420 2582 1520 2630 istis
1546 2581 1785 2630 mundum
1808 2598 1913 2630 ma-

148 2661 326 2725 jorare,
350 2659 426 2709 vel
460 2659 651 2708 illorum
685 2659 895 2723 aliquem
930 2661 1200 2722 minorare;
1250 2670 1298 2710 et
1323 2663 1439 2711 sic¹⁸
1463 2662 1752 2722 concedunt,
1779 2664 1913 2726 quod

152 2742 292 2806 plura
312 2750 474 2806 potest
497 2742 765 2805 producere
790 2757 939 2805 quam
962 2751 1122 2806 potest
1146 2743 1409 2806 intelligere
1433 2751 1481 2792 et
1505 2759 1532 2791 e
1558 2752 1739 2793 contra.
1813 2744 1912 2793 Sed

152 2823 352 2888 quando
377 2824 591 2887 arguitur
612 2823 715 2882 illis,
743 2823 783 2872 si
806 2823 942 2873 Deus
973 2832 1135 2888 potest
1165 2825 1304 2888 plura
1327 2825 1598 2888 producere
1623 2840 1773 2888 quam
1796 2832 1926 2890 pro-‘

152 2905 355 2966 ducet¹⁴‚
380 2921 499 2970 ergo
523 2905 684 2970 aliqua
706 2914 755 2954 et
778 2906 958 2969 aliquid
981 2914 1141 2969 potest
1164 2906 1433 2970 producere
1457 2906 1591 2970 quod
1615 2922 1718 2956 non
1744 2916 1909 2971 potest

57 3025 62 3036 ,
150 2986 464 3052 producere¹³
476 3003 490 3048 ς
526 2995 575 3037 et
599 2987 638 3037 si
661 2987 877 3051 praecise
905 2995 978 3037 tot
1009 2988 1341 3051 produceret¹⁶
1365 3004 1490 3052 quae
1514 2997 1561 3037 et
1592 2997 1713 3052 quot
1745 2997 1907 3053 potest

206 3123 223 3150 ¹
250 3123 429 3178 variato]
448 3123 617 3171 variata,
636 3123 693 3165 D.
795 3123 812 3147 ²
839 3120 1083 3178 destrueret]
1105 3123 1326 3171 destruent,
1347 3125 1502 3167 A.B.C.
1522 3124 1585 3166 ed.
1605 3137 1667 3177 pr.
1765 3123 1781 3149 ³
1808 3139 1906 3167 con-

150 3178 385 3233 sequenter]
405 3179 704 3232 consequentis,
723 3178 787 3219 ed.
807 3192 869 3232 pr.
1034 3178 1050 3202 ⁴
1078 3179 1217 3233 multi]
1237 3180 1403 3227 multae,
1424 3179 1487 3220 ed.
1508 3192 1569 3232 pr.
1679 3178 1695 3202 ³
1722 3191 1772 3220 eo
1793 3181 1903 3233 quod

150 3233 257 3329 ιιοέἒ
277 3246 360 3275 om.
380 3233 445 3274 ed.
463 3246 526 3287 pr.
689 3233 706 3256 ⁶
733 3232 929 3286 intelligi]
950 3232 1189 3286 intelligere,
1209 3234 1272 3274 ed.
1292 3247 1354 3287 pr.
1479 3233 1496 3257 ⁷
1524 3238 1662 3286 potest
1681 3233 1743 3286 et]
1763 3240 1902 3287 potest

148 3299 201 3342 pr
256 3298 389 3329 ucere.
509 3287 526 3311 ⁸
558 3286 778 3340 signanda]
798 3287 1002 3340 fingenda,
1023 3288 1130 3329 C.D.
1151 3289 1214 3328 ed.
1234 3302 1295 3341 pr.
1419 3288 1435 3312 ⁹
1464 3288 1666 3340 signando
1686 3294 1879 3331 extraneo

148 3347 343 3383 extraneo
361 3340 583 3395 assignato.
604 3341 660 3382 D.
734 3341 767 3366 ¹⁰
793 3341 1023 3395 sophistae]
1044 3342 1277 3395 sophistice,
1298 3342 1451 3384 A.B.C.
1472 3343 1535 3383 ed.
1555 3355 1616 3395 pr.
1684 3342 1714 3366 ²¹
1742 3348 1879 3396 potest

149 3395 268 3438 Deus
284 3400 435 3450 potest,
455 3396 504 3437 C.
524 3396 588 3437 ed.
608 3409 670 3449 pr.
846 3396 878 3420 ¹²
905 3395 1037 3437 facere
1055 3396 1162 3449 esse]
1183 3396 1327 3443 facere,
1348 3397 1411 3437 ed.
1431 3410 1492 3450 pr.
1658 3395 1689 3420 ¹³
1716 3397 1794 3450 sic]
1816 3412 1900 3439 om.

149 3450 214 3492 ed.
234 3463 297 3504 pr.
480 3449 511 3474 ²⁴
536 3450 754 3506 producet]
776 3450 979 3504 producit,
999 3451 1062 3492 ed.
1083 3464 1145 3504 pr.
1338 3451 1367 3475 ¹⁶
1394 3449 1639 3504 producere]
1659 3451 1898 3504 producere,

148 3502 524 3601 stabatdgtghannes,
543 3505 599 3547 D.
916 3505 947 3529 ¹⁶
975 3504 1238 3559 produceret]
1263 3505 1487 3558 producere
1500 3510 1650 3558 potest,
1670 3505 1734 3546 ed.
1754 3519 1830 3559 pr„
1850 3507 1899 3549 C.

149 3570 273 3601 secun
368 3571 525 3601 manus.

1974 1408 2063 1441 plura
2069 1410 2243 1442 producere
2322 1414 2325 1418 ’
