2496 4108
399 447 506 502 314

1089 425 1512 489 JOANNIS
1582 426 1930 475 WICLIF
2236 443 2391 474 manv.

641 561 730 609 sibi
767 561 841 608 vel
882 560 980 608 suis
1021 559 1326 622 proceribus1
1371 560 1665 607 contrarium
1706 560 1850 623 hujus
1893 561 2175 620 sententiae,
2217 561 2392 625 quibus

640 642 867 704 applicari
891 649 1051 703 potest
1074 641 1189 688 illud
1214 641 1392 689 Psalmi
1416 642 1552 689 xvii:
1591 645 1603 667 ⁴
1619 642 1701 689 filii
1725 637 1894 689 alieni2
1917 643 2103 691 mentiti
2126 651 2236 691 sunt
2258 641 2392 700 mihi,

638 724 719 770 filii
743 723 883 770 alieni
919 723 1166 770 inveterati
1202 731 1313 771 sunt
1349 732 1396 771 et
1432 724 1820 772 claudicaverunt
1856 740 1885 772 a
1920 725 2101 772 semitis
2135 723 2258 773 tuis.'
2328 723 2394 772 Et

638 820 698 851 ex
733 805 835 851 istis
872 804 1121 866 colligitur,
1148 805 1282 867 quod
1317 820 1402 852 rex
1439 813 1487 853 et
1521 820 1728 867 regnum
1764 820 1906 853 suum
1943 806 2123 853 debent
2150 819 2392 874 paQes

637 885 942 948 presbyteros
973 886 1337 948 promulgantes
1370 887 1512 934 istam
1546 887 1836 934 sententiam
1868 885 2128 936 defendere
2151 894 2200 934 et
2223 893 2394 935 contra

637 983 953 1030 quoscunque
996 977 1043 1016 et
1085 978 1255 1016 contra
1296 969 1463 1035 fratres
1506 984 1621 1017 suos
1659 977 1930 1031 protegere,
1973 969 2087 1032 quia
2124 969 2258 1018 aliter
2300 973 2312 994 ‘
2329 984 2392 1017 ex

637 1050 954 1111 sanguinibus
989 1049 1063 1096 vel
1100 1066 1160 1097 ex
1197 1050 1443 1098 voluntate
1481 1051 1638 1098 carnis
1673 1050 1747 1097 vel
1789 1066 1850 1097 ex
1885 1050 2131 1098 voluntate
2164 1050 2251 1098 viri
2291 1051 2392 1098 nati

637 1138 748 1177 sunt
772 1139 818 1178 et
842 1145 943 1177 non
968 1146 1029 1178 ex
1052 1131 1207 1178 Deo³’
1234 1139 1282 1179 et
1314 1147 1400 1194 per
1436 1146 1742 1194 consequens
1777 1146 1879 1178 non
1911 1132 2011 1179 nati
2047 1138 2158 1179 sunt
2191 1130 2273 1178 filii
2296 1130 2391 1178 Dei

636 1212 708 1258 vel
727 1212 863 1273 regni
889 1212 1138 1259 coelorum
1159 1213 1244 1260 sed
1262 1213 1389 1274 regis
1410 1212 1617 1270 Tartari,
1639 1227 1751 1260 cum
1774 1212 1884 1274 plus
1905 1219 2071 1260 amant
2094 1212 2219 1260 filios
2241 1212 2392 1274 patris

637 1294 889 1352 mendacii,
915 1294 996 1356 qui
1021 1294 1359 1342 machinantur
1383 1296 1455 1342 sui
1479 1294 1828 1356 dispendium&
1848 1308 1997 1355 quam
2021 1293 2144 1342 filios
2165 1294 2390 1344 veritatis».

638 1376 801 1423 Potest
843 1376 974 1423 enim
1012 1390 1120 1423 esse
1161 1376 1295 1438 quod
1342 1374 1700 1438 pseudofratres
1748 1382 1796 1422 et
1841 1375 1917 1422 alii
1963 1382 2188 1437 potentes
2232 1373 2393 1423 clerici

638 1472 898 1518 regnorum
923 1465 1091 1504 contra
1119 1457 1481 1519 promulgantes
1513 1457 1801 1504 sententiam
1836 1446 1980 1504 istam
2012 1455 2318 1519 conspirent⁵
2341 1464 2392 1504 et

637 1535 795 1600 quod6
836 1546 1043 1584 mortem
1085 1553 1254 1585 eorum
1296 1553 1381 1600 per
1424 1545 1703 1585 commenta
1744 1537 2000 1585 falsissima
2037 1536 2391 1586 machinentur.

640 1619 736 1667 Sed
777 1620 883 1681 quis
925 1619 1076 1667 fidelis
1112 1619 1240 1666 non⁷
1277 1620 1491 1666 horreret
1526 1618 1910 1680 corruptionem8
1947 1619 2212 1687 sententiae
2247 1618 2392 1681 hujus

638 1701 905 1749 veridicae?
981 1700 1127 1748 Unde
1175 1701 1214 1749 si
1255 1716 1357 1748 non
1406 1709 1651 1762 sperarent
1697 1701 1747 1747 in
1796 1700 2078 1749 defensione
2121 1700 2299 1750 Christi
2344 1708 2393 1749 et

639 1783 940 1845 protectione
965 1782 1073 1840 Dei,
1106 1782 1412 1844 promulgare
1442 1784 1584 1830 istam
1618 1783 1906 1830 sententiam
1930 1782 2261 1844 evangelicam
2288 1796 2392 1830 non

642 1864 883 1911 auderent.
957 1863 1250 1925 Quicunque
1275 1864 1406 1910 enim
1431 1865 1746 1911 contrariatur
1769 1863 1882 1911 huic
1916 1865 2194 1923 sententiae,
2219 1879 2393 1927 accep-

642 1945 814 1993 tandus
840 1953 913 1993 est
936 1945 1131 1992 indubie
1156 1953 1389 2007 tanquam
1412 1945 1716 1993 antichristus
1733 1942 1893 1992 verbis
1909 1945 2086 1994 Christi
2110 1947 2392 1994 contrarius.

643 2026 786 2074 Unde
805 2041 890 2073 vae
911 2026 1012 2083 illis,
1033 2027 1114 2087 qui
1138 2027 1426 2088 impugnant
1446 2027 1586 2073 istam
1605 2027 1894 2074 sententiam
1913 2026 2201 2076 catholicam
2225 2035 2392 2075 ettam

644 2108 827 2155 cunctis
841 2107 1060 2154 fidelibus
1077 2107 1331 2154 salutarem
1350 2109 1359 2154 Ι
1403 2106 1521 2154 Non
1537 2108 1667 2154 enim
1683 2115 1754 2155 est
1772 2108 1925 2156 fidelis
1942 2108 2113 2170 aliquis
2126 2109 2392 2171 praescitus
2456 2110 2461 2123 ⁸

644 2190 741 2236 sive
779 2188 1012 2245 diabolus,
1049 2187 1174 2249 quin'
1209 2188 1446 2235 sententia
1485 2189 1576 2235 ista
1615 2189 1704 2235 sibi
1740 2189 2006 2250 proficeret,
2044 2190 2159 2252 quia
2199 2179 2392 2238 cuilibet

645 2270 1000 2331 praedestinato
1047 2270 1301 2331 proficeret
1348 2284 1450 2316 non
1498 2269 1654 2316 solum
1702 2269 1764 2316 ad
1811 2271 1998 2317 bonum
2043 2271 2148 2318 viae
2195 2271 2283 2319 sed
2328 2270 2392 2319 ad

646 2353 831 2399 bonum
866 2351 1048 2413 patriae
1072 2350 1442 2412 impetrandum,
1470 2351 1583 2412 quia
1607 2351 1883 2399 timentibus
1908 2351 2071 2399 Deum
2106 2353 2273 2400 omnia
2306 2366 2391 2401 co-

564 2438 569 2495 ξ
645 2440 905 2495 operantur
938 2433 989 2478 in
1024 2430 1248 2488 bonum⁹,
1276 2439 1324 2478 et
1349 2431 1541 2478 cuilibet
1575 2432 1832 2494 praescito,
1857 2434 2003 2480 etiam
2039 2434 2248 2492 diabolo,
2274 2449 2391 2498 pro-

504 2528 516 2539 ·’
567 2524 570 2561 ἱ
644 2515 804 2562 desset
838 2515 888 2560 in
922 2513 1017 2571 illo,
1053 2512 1187 2575 quod
1223 2513 1508 2560 demeritum
1551 2528 1722 2560 eorum
1763 2515 2060 2564 abbreviaret
2098 2523 2145 2564 et
2179 2530 2392 2579 poenam

643 2595 814 2643 inferni
838 2595 1204 2658 quodammodo
1229 2595 1481 2655 mitigaret.

698 2740 712 2762 1
741 2736 997 2791 proceribus]
1018 2737 1216 2789 partibus,
1238 2737 1291 2776 A.
1565 2735 1582 2758 ²
1609 2736 1751 2789 alieni]
1773 2737 2000 2791 alienigeni,
2021 2739 2069 2780 C.
2083 2754 2093 2786 ;
2106 2782 2109 2783 ⁷
2124 2739 2175 2780 cf.
2196 2740 2263 2780 Ps.
2282 2740 2390 2781 xviii.

646 2794 777 2845 (xvii.)
792 2803 843 2845 45
862 2804 920 2843 sq.
1030 2792 1045 2814 3
1073 2791 1124 2831 cf.
1142 2791 1237 2843 Joh.
1250 2791 1276 2830 i.
1299 2802 1360 2841 13.
1470 2789 1485 2812 ⁵
1514 2791 1793 2844 dispendium]
1808 2793 2067 2844 stipendium,
2084 2794 2181 2834 C.B.
2191 2795 2392 2835 secundae

644 2861 801 2888 manus.
913 2847 928 2870 ⁵
956 2845 1210 2898 conspirent]
1233 2845 1526 2897 conspicerent,
1548 2847 1610 2884 ed.
1631 2858 1690 2896 pr.
1801 2847 1817 2869 ⁶
1846 2847 1974 2899 quod]
1996 2849 2216 2900 quomodo,
2233 2848 2390 2890 A.B.C.

645 2903 843 2942 secundae
862 2914 1018 2947 manus,
1038 2901 1102 2940 ed.
1122 2914 1182 2952 pr.
1198 2914 1207 2945 ;
1238 2900 1361 2951 quod,
1383 2900 1430 2939 C.
1451 2899 1607 2951 primae
1626 2913 1783 2940 manus.
1972 2902 1988 2925 ⁷
2015 2902 2119 2955 non]
2141 2916 2223 2943 om.
2244 2903 2308 2944 ed.
2328 2916 2390 2956 pr.

645 2958 659 2980 8
689 2955 1011 3010 corruptionem]
1033 2968 1184 3001 casum,
1205 2954 1260 2993 D.
1281 2954 1480 2994 secundae
1499 2966 1656 2994 manus.
1828 2955 1845 2978 ⁹
1872 2955 1924 2996 cf.
1944 2956 2065 2998 Rom.
2085 2957 2167 2997 viii.
2191 2959 2254 2998 28.
