2436 4094
706 337 825 387 PR
850 337 1467 389 OLEGOMENA.
1981 352 2048 407 29

13 532 16 535 ,
91 466 362 616 *JQQ
408 479 597 522 ceteros
645 487 820 522 omnes
866 474 1220 538 improbandos
1273 489 1382 524 esse
1435 474 1773 523 censebamus·
1864 472 1930 521 Et
1975 473 2050 521 in-

226 584 248 601 -·
275 595 278 598 -
313 559 618 619 confitemur,
644 576 758 610 cum
788 562 925 611 initio
958 570 1056 612 tres
1092 563 1288 662 codices
1311 562 1373 611 A.
1399 562 1457 611 B.
1482 561 1539 611 C.
1565 561 1787 662 conferre
1820 561 2048 662 licuisset,

99 835 264 960 'wim-
317 914 426 964 libri
471 915 754 964 auctoritate
802 916 1141 966 confirmatam
1186 918 1462 967 restituisse.
1531 889 1686 981 Igitur
1727 933 1840 967 curn
1886 919 2050 982 primo

84 995 113 998 “’
107 1003 230 1068 με
258 1002 424 1063 libros,
448 1003 631 1067 aliquot
665 1005 915 1053 mensibus
950 1013 1064 1068 post
1097 1021 1251 1054 unum
1286 1007 1463 1055 librum
1497 1006 1842 1067 conferremus,
1866 1005 2050 1057 factum

48 1148 57 1160 x
86 1084 218 1155 'sm
238 1098 295 1143 ut
327 1091 390 1142 de
425 1094 654 1142 omnibus
689 1093 823 1152 locis,
850 1109 1059 1157 quorum
1092 1095 1236 1145 lectio
1273 1096 1420 1145 dubia
1453 1097 1704 1156 videretur,
1732 1097 1809 1145 bis
1845 1096 2051 1146 deliber-

124 1179 329 1240 nndum,
367 1181 444 1230 bis
479 1181 803 1245 judicandum
845 1190 986 1231 esset.
1057 1182 1173 1243 Qua
1213 1200 1265 1233 re
1307 1185 1596 1233 sententiam
1637 1200 1666 1234 a
1712 1186 1856 1234 nobis
1901 1185 2051 1235 latam

57 1263 79 1326 „L
127 1269 442 1322 &nutriorem
487 1270 697 1319 evasisse
748 1271 1023 1334 opinamur.
1118 1271 1350 1322 Ceterum
1396 1274 1499 1322 fieri
1551 1288 1660 1322 non
1709 1275 1881 1337 potuit,
1931 1274 2050 1337 quin

70 1363 81 1409 Γ,
124 1357 376 1410 'mullis
425 1358 478 1406 111
524 1358 645 1407 10013
692 1359 928 1408 dubitatio
975 1361 1335 1424 relinqueretur,
1388 1370 1496 1411 utra
1541 1362 1684 1411 lectio
1731 1361 2050 1426 praeferenda

85 1451 90 1514 j
119 1451 270 1500 wat.
340 1444 507 1494 Nihilo
541 1447 704 1496 minus
738 1463 816 1497 res
853 1449 1163 1499 decernenda
1196 1450 1298 1499 fuit.
1371 1450 1470 1500 Sed
1504 1451 1613 1513 quis
1647 1458 1721 1499 est
1754 1450 2046 1510 mortalium,

2 1563 8 1570 ·
63 1542 93 1595 j
115 1535 215 1603 qni
258 1535 392 1586 nullo
437 1537 490 1585 in
535 1538 684 1586 verbo
731 1539 987 1588 erraverit?
1081 1539 1310 1588 Ceterum
1365 1548 1420 1588 ut
1470 1541 1668 1604 cuique
1690 1539 1859 1589 lectori
1904 1540 2048 1603 copia
2130 1560 2138 1567 ··

75 1610 83 1626 ³
129 1628 454 1699 praeberetur,
503 1643 594 1676 suo
642 1628 838 1677 arbitrio
881 1630 1146 1692 judicandi,
1190 1645 1316 1693 quae
1357 1630 1501 1679 lectio
1542 1631 1755 1693 genuina
1793 1630 2046 1688 videretur,

60 1712 85 1786 ,ζ
128 1717 183 1769 in
236 1718 634 1768 annotationibus
686 1719 892 1768 breviter
949 1720 1150 1782 quidem
1207 1721 1296 1768 sed
1349 1721 1603 1783 diligenter
1655 1721 2046 1784 significavimuS‚

127 1808 332 1874 quinam
371 1808 568 1858 codices
602 1809 863 1858 lectionem
898 1810 1080 1858 variam
1121 1811 1417 1859 exhiberent.
1489 1810 1613 1870 Quis
1648 1827 1763 1859 vero
1797 1812 1917 1860 liber
1950 1811 2048 1861 lec-

68 1923 70 1956 ;
129 1896 314 1948 fiunem
359 1913 390 1946 a
434 1897 579 1946 nobis
626 1899 948 1962 approbatam
988 1907 1218 1959 tueretur,
1266 1901 1537 1963 exprimere
1584 1915 1694 1948 eam
1742 1901 1809 1948 ob
1847 1915 2050 1949 causam

61 2006 64 2014 ·
128 1978 428 2051 superfluum
451 1986 712 2046 videbatur,
738 1987 887 2051 quod,
914 2003 1028 2037 cum
1063 1988 1261 2036 nonnisi
1289 1997 1498 2052 quatuor
1530 1989 1595 2037 illi
1630 1997 1777 2038 testes
1813 1996 2048 2047 extarent,

60 2084 62 2091 '
127 2072 182 2125 111
213 2082 413 2138 promtu
446 2082 587 2134 esset,
623 2076 826 2138 quinam
860 2075 966 2124 libri
1002 2084 1192 2139 praeter
1227 2077 1424 2126 codices
1458 2077 1511 2125 in
1545 2078 1864 2127 annotatione
1900 2079 2049 2141 signi-

48 2167 63 2223 f
127 2162 298 2215 fientes
331 2163 728 2228 relinquerentur.

59 2234 61 2237 ,
139 2288 142 2290 -
195 2250 298 2301 Ubi
340 2253 600 2302 verborum
646 2254 796 2302 series
841 2261 891 2303 et
936 2255 1220 2304 consecutio
1268 2255 1362 2304 alia
1401 2256 1452 2304 in
1491 2255 1622 2305 libris
1663 2271 1814 2304 manu
1861 2256 2051 2320 scriptis

48 2327 58 2346 ⁷
128 2341 224 2393 ὼ
272 2341 325 2391 111
371 2342 586 2392 editione
636 2343 856 2407 principe
910 2344 1254 2404 inveniebatur,
1303 2345 1588 2410 plerumque
1645 2345 1765 2394 nihil
1811 2354 2051 2396 annotan-

39 2435 59 2470 ³
128 2430 251 2484 m
293 2447 402 2483 esse
445 2432 687 2492 duximuS,
729 2434 823 2483 nisi
868 2432 993 2483 forte
1040 2436 1279 2502 sententia
1325 2435 1433 2499 ipsa
1478 2436 1829 2501 aliquantulum
1874 2436 2051 2485 mutari

43 2518 46 2590 J
89 2579 94 2588 ⁴
127 2521 383 2572 videretur.
415 2569 434 2589 x

62 2678 67 2682 .
195 2611 392 2660 Praeter
413 2611 755 2660 annotationes
777 2626 910 2660 mere
929 2612 1119 2661 criticas
1136 2613 1341 2662 lectores
1357 2613 1582 2663 brevibus
1599 2614 1729 2663 notis
1746 2614 2050 2678 adjuvandos

42 2721 47 2723 -
131 2715 240 2751 esse
281 2699 524 2759 duximus,
558 2700 642 2748 ubi
683 2708 766 2749 aut
805 2715 952 2749 voces
999 2701 1243 2764 quaedam
1288 2702 1494 2750 rariores
1535 2711 1583 2751 et
1624 2703 1864 2751 sermonis
1905 2703 2050 2752 scho-

129 2789 286 2841 hstici
317 2788 544 2854 propriae
577 2789 881 2848 usitarentur,
917 2797 999 2838 aut
1029 2791 1311 2854 conjunctio
1347 2793 1607 2840 verborum
1639 2792 1878 2841 difficilior
1906 2801 2052 2857 atque

42 2923 49 2934 .,
131 2878 324 2928 insolita
345 2886 487 2940 esset,
513 2886 595 2928 aut
619 2878 880 2943 scriptores
903 2880 1102 2942 quidam
1125 2880 1447 2929 laudarentur.

32 2963 34 2972 '
201 2967 496 3032 Legentium
518 2967 628 3016 usui
658 2975 713 3017 ut
743 2968 1100 3027 inserviremuS,
1131 2970 1517 3033 quotiescunque
1551 2969 1898 3018 sententiarum
1922 2984 2052 3018 nova

33 3097 44 3128 3
132 3057 283 3116 series
312 3056 543 3121 explicari
575 3057 823 3121 inciperet,
849 3058 1110 3107 discrimen
1142 3057 1339 3122 aliquod
1362 3058 1515 3107 oculis
1548 3058 1870 3121 conspicuum
1901 3066 2051 3107 statu-

133 3146 318 3196 endum
339 3161 448 3196 esse
472 3146 712 3196 duximus.

43 3219 47 3230 ,
203 3234 283 3284 De
323 3237 500 3285 ratione
537 3236 860 3284 vocabulorum
907 3235 959 3283 in
1004 3235 1296 3284 editionibus
1332 3236 1506 3284 criticis
1551 3235 1892 3284 scribendorum
1928 3236 2053 3286 inter

21 3343 46 3350 ¹-
134 3323 265 3374 viros
288 3323 463 3374 doctos
486 3332 680 3373 nostrae
706 3325 875 3374 aetatis
908 3339 1011 3373 non
1043 3325 1248 3373 omnino
1282 3332 1486 3373 constat.
1559 3324 1680 3373 Sunt
1713 3324 1795 3388 qui
1818 3325 2052 3375 librorum

133 3424 287 3463 manu
325 3421 634 3462 exaratorum
675 3414 988 3477 scriptionem
1030 3428 1177 3476 quam
1212 3414 1568 3462 accuratissime
1609 3413 1963 3463 observandam
2004 3422 2053 3463 et

134 3500 451 3566 repetendam
468 3517 575 3551 esse
595 3502 827 3566 judicent.
901 3502 999 3551 Sed
1021 3510 1074 3550 ut
1098 3510 1375 3551 nostrorum
1399 3502 1624 3552 codicum
1648 3503 2051 3552 consuetudinem

3 3642 11 3667 s
137 3591 275 3655 quasi
320 3590 479 3655 legem
525 3599 574 3640 et
619 3606 845 3640 normam
893 3591 1132 3641 scribendi
1179 3590 1482 3651 haberemuS,
1529 3607 1559 3641 a
1605 3592 1747 3641 nobis
1794 3592 2050 3656 impetrare
