2496 4108
1067 451 1498 516 sOANNIS
1555 451 1906 502 WJCLJF
2211 469 2369 502 mm.

614 590 783 652 primo,
810 603 922 635 cum
946 587 1081 635 Deus
1105 587 1165 635 sit
1189 586 1428 634 infinitum
1452 602 1636 649 pronus
1661 586 1723 634 ad
1746 586 2076 649 puniendum;
2114 586 2226 634 ideo
2252 600 2365 635 cum

621 673 672 719 in
695 669 970 733 punitione1
990 684 1076 716 sua
1096 670 1154 717 sit
1180 684 1370 716 summa
1389 669 1584 731 justitia,
1602 669 1788 717 videtur
1807 669 1940 731 quod
1958 683 2061 716 non
2085 669 2145 716 sit
2167 667 2367 731 pronior

622 753 684 800 ad
725 750 962 814 aliquem²
1002 750 1383 813 praemiandum.
1456 750 1577 798 Ideo
1619 751 1694 798 vel
1734 749 1830 797 hoc
1872 749 2054 797 dictum
2091 734 2366 811 magistrale

622 843 761 882 taceo
803 834 878 881 vel
918 833 1084 895 glosso
1131 832 1248 880 illud
1296 832 1565 880 secundum
1609 830 1868 880 termin0s⁸
1909 831 2066 893 magis
2114 838 2272 879 certos
2317 838 2366 878 et

622 917 782 963 minus
805 914 1175 977 impugnabiles,
1203 914 1316 976 quia
1340 929 1442 960 non
1467 913 1608 961 video
1633 928 1864 975 magnam
1888 912 2196 975 prudentiam
2219 911 2367 960 verba

619 996 897 1061 hujusmodi
922 995 1245 1044 defendendo.
1319 994 1416 1043 Sed
1440 1002 1674 1057 quantum
1699 995 1761 1042 ad
1783 995 2039 1052 secundum,
2064 1008 2166 1042 non
2196 992 2365 1041 dubito

619 1081 736 1142 quin
761 1079 924 1142 passio
951 1077 1127 1126 Christi
1151 1086 1252 1125 tam
1276 1077 1338 1124 ad
1362 1077 1601 1138 posterius
1625 1076 1870 1138 tempore4
1909 1090 2057 1138 quam
2081 1075 2291 1123 anterius
2314 1074 2366 1122 in

619 1161 800 1208 fructus
825 1160 1037 1207 efficacia
1061 1174 1113 1206 se
1147 1157 1387 1216 extendit3
1431 1165 1478 1204 et
1501 1158 1567 1204 ita
1599 1157 1801 1205 concedi
1827 1164 2000 1219 potest,
2027 1156 2161 1219 quod
2195 1155 2364 1219 passio

620 1242 795 1290 Christi
819 1250 892 1290 est
915 1241 1065 1288 modo
1090 1255 1191 1287 non
1215 1240 1266 1286 in
1298 1239 1494 1301 propria
1529 1239 1781 1286 existentia
1814 1239 1901 1287 sed
1923 1240 1973 1286 in
1997 1237 2154 1286 fructu
2167 1254 2180 1297 ;
2223 1245 2273 1286 et
2295 1236 2366 1285 sic

618 1324 832 1386 intelligo
874 1322 990 1370 illud
1030 1320 1234 1383 Apocal.
1277 1321 1398 1368 xiv.:
1455 1324 1466 1344 ‘
1483 1320 1649 1382 Opera
1690 1320 1821 1368 enim
1861 1320 2053 1368 illorum
2100 1326 2367 1382 sequuntur

619 1405 736 1453 illos’
762 1413 809 1452 et
832 1404 960 1461 illud,
988 1407 999 1427 ‘
1016 1402 1149 1465 quod
1173 1401 1314 1465 Jesus
1339 1402 1531 1449 occisus
1556 1410 1629 1449 est
1653 1418 1682 1449 a
1705 1402 1943 1464 principio
1967 1401 2194 1449 mundi⁵.'
2256 1399 2366 1448 Nec

618 1487 833 1549 sequitur
879 1486 1227 1533 inconveniens
1274 1499 1333 1531 ex
1382 1483 1521 1531 dictis
1568 1484 1682 1536 istis,
1727 1484 1812 1531 sed
1858 1483 2050 1531 libertas
2096 1481 2366 1546 loquentis⁶

618 1569 931 1617 conformiter
968 1566 1030 1614 ad
1069 1566 1368 1628 scripturam.
1440 1563 1539 1623 Qui
1578 1572 1740 1612 autem
1782 1565 1894 1612 dicit
1935 1563 2070 1627 quod
2109 1563 2272 1612 infans
2314 1563 2366 1610 in

617 1666 733 1699 casu
764 1650 924 1712 posito
962 1648 1231 1704 salvabitur,
1262 1647 1385 1694 sicut
1419 1647 1555 1709 pium
1591 1654 1662 1701 est
1696 1646 1907 1704 credere,
1940 1645 2050 1708 plus
2085 1660 2234 1708 quam
2272 1644 2364 1693 sibi

617 1731 830 1795 proderit
863 1730 1101 1793 superflue
1135 1744 1186 1777 se
1218 1728 1443 1776 intricat⁷.
1517 1727 1638 1775 Sunt
1669 1735 1829 1775 autem
1862 1727 2021 1789 aliqua
2049 1727 2100 1773 in
2123 1733 2366 1788 potestate

618 1821 887 1876 parentum,
911 1813 1021 1860 licet
1046 1812 1140 1860 sint
1162 1811 1299 1873 lapsa
1322 1811 1372 1857 in
1396 1810 1718 1872 praeteritum,
1743 1817 1942 1871 propter
1965 1823 2091 1873 quae
2117 1808 2247 1871 justo
2269 1806 2366 1856 Dei

617 1895 797 1958 judicio
822 1893 1149 1941 necessarium
1173 1900 1246 1940 est
1269 1892 1338 1940 sic
1363 1892 1569 1939 evenire.
1640 1891 1761 1938 Ideo
1796 1891 1879 1952 qui
1903 1890 2088 1948 diffinit,
2115 1889 2250 1952 quod
2273 1904 2366 1937 nec

620 1984 847 2039 parentes
871 1990 962 2022 nec
986 1974 1196 2036 populus
1222 1974 1290 2021 sic
1313 1980 1635 2036 peccaverunt
1658 1980 1711 2019 ut
1739 1973 1803 2019 ita
1826 1971 2028 2030 eveniat,
2053 1987 2200 2034 supra
2222 1978 2368 2033 caput

552 2095 571 2101 -
622 2072 737 2105 suae
783 2057 979 2104 notitiae
1025 2056 1235 2117 loquitur
1282 2055 1404 2102 sicut
1451 2055 1573 2116 pica.
1645 2053 1901 2101 Credimus
1942 2061 2106 2101 tamen
2151 2068 2213 2102 ex
2254 2052 2366 2110 fide,

621 2139 755 2202 quod
789 2138 907 2186 nihil
942 2138 1179 2199 contingit
1213 2137 1399 2184 homini
1433 2144 1546 2199 post
1581 2136 1788 2198 primam
1822 2135 2041 2197 gratiam,
2077 2134 2170 2191 nisi
2207 2134 2367 2197 aliqua

620 2236 732 2283 pars
754 2219 954 2268 humani
978 2218 1170 2281 generis
1195 2217 1291 2266 hoc
1314 2218 1540 2266 meruerit
1564 2217 1637 2265 vel
1662 2215 1973 2265 demeruerit⁸
1999 2217 2067 2265 sic
2091 2217 2296 2265 evenire.

1328 2580 1484 2630 CAP.
1522 2580 1664 2628 XIII.

881 2710 958 2758 De
981 2711 1243 2775 infantibus
1266 2713 1362 2759 sine
1376 2717 1559 2773 peccalo
1581 2711 1763 2759 actuali
1780 2709 2099 2758 decedentibus.

681 2840 884 2889 Alitlzz‘a.
955 2842 1117 2890 Placet
1149 2843 1266 2890 mihi
1299 2842 1431 2905 quod
1463 2859 1491 2891 a
1522 2851 1569 2890 te
1601 2843 1785 2890 excutis
1817 2841 1930 2890 talia
1961 2846 2363 2904 praesumptuosa

614 2923 759 2970 dubia
805 2932 852 2971 et
897 2939 1134 2987 responsa
1179 2925 1435 2971 hominum
1475 2939 1577 2971 non
1623 2923 1836 2972 fundata.
1876 2921 2007 2970 sed
2050 2921 2209 2969 adhuc
2250 2928 2386 2968 sunt·

613 3005 770 3066 aliqua
807 3005 978 3053 dubia:
1032 3006 1286 3067 quomodo
1327 3006 1509 3052 animae
1549 3005 1716 3052 talium
1757 3004 2015 3068 z'rffantz'um
2055 3003 2155 3049 sine
2185 3006 2363 3063 peccato

612 3087 794 3133 actuali
823 3087 1118 3134 decedentium
1154 3086 1428 3148 punientur,
1471 3093 1517 3133 et
1559 3093 1720 3132 utrum
1760 3099 1951 3147 poenae
1985 3098 2158 3132 omnes
2193 3082 2360 3130 talium

613 3167 707 3215 sint
748 3168 987 3230 aequales,
1029 3182 1142 3215 cum
1179 3166 1478 3229 punientur⁹‚
1516 3174 1569 3214 ut
1606 3166 1805 3224 videtur,
1845 3165 2158 3214 solummodo
2198 3179 2362 3227 poena

613 3249 791 3297 damni.

667 3376 680 3399 ¹
709 3376 751 3414 in
770 3376 1004 3428 punitione]
1025 3377 1197 3428 punitio,
1219 3375 1375 3415 A.B.C.
1512 3374 1528 3397 ²
1555 3374 1754 3426 aliquem]
1776 3374 1944 3426 aliquid,
1964 3374 2028 3414 ed.
2049 3388 2111 3427 pr.
2237 3374 2254 3398 ⁸
2281 3380 2359 3415 ter-

611 3429 764 3481 minos]
787 3443 870 3469 om.
891 3431 954 3470 ed.
976 3444 1037 3482 pr.
1229 3429 1244 3452 ⁴
1274 3429 1478 3482 tempore]
1501 3435 1674 3480 tempus,
1695 3429 1750 3468 D.
1949 3429 1964 3452 ⁵
1992 3429 2043 3469 cf.
2064 3429 2198 3481 Apoc.
2217 3429 2298 3468 xiii.
2320 3430 2359 3468 8.

612 3482 627 3505 ⁶
656 3483 879 3536 loquentis]
902 3484 1117 3536 sequentis,
1138 3483 1200 3523 ed.
1221 3497 1282 3536 pr.
1446 3482 1461 3505 ⁷
1490 3483 1673 3534 intricat]
1694 3483 1880 3528 incertat,
1902 3483 1965 3523 ed.
1985 3496 2048 3535 pr.
2185 3483 2201 3505 ⁸
2228 3496 2360 3523 meru-

614 3536 687 3574 erit
707 3537 772 3575 vel
792 3538 1054 3589 demeruerit]
1075 3538 1234 3583 meruit,
1254 3537 1318 3577 vel
1337 3537 1548 3582 demeruit,
1570 3537 1725 3577 A.B.C.
1943 3537 1959 3560 ⁹
1987 3542 2027 3577 et
2047 3537 2358 3589 utrum—puni-

614 3589 750 3641 entur]
772 3604 853 3630 om.
875 3593 935 3638 B„
957 3593 1009 3631 A.
1030 3591 1197 3644 primae,
1219 3592 1266 3633 C.
1289 3591 1490 3631 secundae
1509 3603 1666 3630 manus.

2108 3674 2292 3708 WICLIF
