2436 4094
347 457 448 508 140
1024 438 1448 503 JOANNIS
1518 440 1871 490 WICLIF
2170 459 2334 488 mam.

588 574 647 621 de
672 572 982 620 excusatione
1007 571 1221 619 clamosa
1245 571 1498 619 hominum
1524 587 1623 635 quo
1649 573 1710 620 ad
1743 581 1948 636 tempus,
1973 581 2166 636 oportet
2198 574 2336 636 quod

587 654 786 701 finaliter
806 653 868 701 ad
887 654 1102 715 regulam
1123 654 1413 716 judicentur.
1486 654 1582 702 Sed
1607 671 1759 702 unum
1783 657 1926 704 breve
1951 656 2167 714 dubium,
2187 670 2334 719 super

584 750 681 797 quo
706 750 877 797 pamm
913 737 1129 792 mussito,
1156 735 1303 797 rogo1
1330 735 1529 797 detegas
1565 736 1682 783 mihi
1717 737 1870 784 clare:
1918 745 2106 786 constat
2135 737 2333 800 quidem

586 816 851 864 secundum
893 816 1227 878 philosophos,
1264 816 1397 879 quod
1435 818 1628 865 virtutes
1666 825 1714 865 et
1753 819 1866 865 vitia
1904 819 2142 866 contrarie
2176 833 2336 881 oppo-

584 906 760 944 nuntur
773 913 786 956 3
824 898 1062 960 numquid
1081 913 1198 960 ergo
1223 898 1324 946 istis
1348 897 1526 946 tribus2
1545 899 1793 947 virtutibus
1812 899 2098 962 theologicis
2122 908 2195 948 est
2218 900 2333 948 dare

583 987 783 1041 peccata
801 980 1052 1037 contraria,
1074 995 1212 1042 quae,
1231 988 1284 1027 ut
1302 980 1495 1028 virtutes
1514 987 1624 1028 sunt
1648 982 2032 1044 prosequendae,
2051 981 2147 1045 sint
2163 981 2336 1030 etiam⁸

583 1061 1003 1123 proportionaliter
1028 1060 1344 1109 detestanda?

264 1157 512 1221 ffiietztrufficsffil
649 1141 919 1189 Phronesz‘s.
992 1142 1198 1190 Videtur
1233 1142 1365 1200 mihi,
1393 1143 1526 1205 quod
1561 1151 1818 1205 peccatum
1854 1143 2037 1192 dictum
2072 1143 2334 1193 formaliter

582 1238 684 1270 non
710 1224 769 1271 sit
786 1223 942 1271 virtuti
967 1225 1274 1282 contrarium,
1295 1225 1409 1287 quia
1425 1232 1540 1272 tunc
1565 1224 1689 1272 foret
1713 1232 1928 1273 creatura
1945 1233 1993 1273 et
2016 1240 2094 1274 res
2111 1226 2332 1288 positiva,

582 1305 700 1353 sicut
725 1312 835 1353 sunt
860 1320 1033 1353 omnes
1050 1305 1258 1364 habituS,
1284 1306 1366 1368 qui
1392 1306 1514 1354 sicut
1533 1314 1643 1354 sunt
1662 1307 1914 1368 qualitates
1933 1307 2001 1355 sic
2026 1315 2139 1356 sunt
2162 1322 2331 1356 neces-

582 1387 705 1434 sario
732 1394 992 1444 creaturae,
1013 1393 1062 1433 et
1085 1387 1151 1434 ita
1175 1401 1278 1434 non
1304 1386 1427 1435 foret
1450 1397 1720 1449 peccatum,
1741 1388 1832 1435 nisi
1852 1387 1991 1436 fuerit
2014 1404 2044 1437 a
2060 1387 2171 1437 Deo
2195 1389 2330 1437 bono

580 1476 793 1516 creatum
817 1474 868 1515 et
901 1468 1200 1516 aeternaliter
1232 1468 1523 1526 ordinatum,
1549 1469 1684 1530 quod
1717 1476 1789 1516 est
1822 1477 1990 1517 contra
2014 1469 2162 1518 fidem
2185 1485 2330 1519 evan-

579 1549 690 1611 gelii
715 1549 952 1613 Johannis
984 1551 1170 1612 primo:
1210 1554 1221 1575 ‘
1240 1550 1354 1599 Sine
1387 1551 1495 1613 ipso
1529 1550 1709 1598 factum
1741 1559 1814 1598 est
1846 1550 1989 1599 nihil?
2059 1551 2123 1600 Et
2145 1552 2331 1601 videtur

579 1631 695 1678 mihi
732 1631 943 1690 ulterius,
980 1632 1114 1694 quod
1152 1640 1409 1694 peccatum
1450 1632 1631 1679 dietum
1669 1631 1932 1680 formaliter
1965 1647 2068 1680 non
2103 1633 2330 1695 privative

577 1713 734 1760 virtuti
758 1713 1035 1775 opponitur,
1056 1714 1274 1775 quamvis
1294 1713 1467 1761 inferat
1491 1714 1764 1762 necessario
1789 1714 2108 1776 privationem
2131 1715 2327 1777 gratiae.

577 1794 640 1841 Et
663 1795 783 1842 ratio
810 1803 883 1842 est
907 1795 1036 1852 ista⁴‚
1059 1796 1172 1857 quia
1191 1796 1374 1858 justum
1400 1802 1472 1843 est
1496 1803 1542 1843 et
1562 1795 1808 1843 decretum
1833 1811 1862 1843 a
1879 1795 2003 1854 De0,
2023 1796 2158 1858 quod
2175 1796 2328 1844 homo

577 1876 784 1938 privetur
818 1875 938 1924 Dei5
961 1877 1115 1938 gratia
1149 1892 1238 1938 pro
1275 1885 1492 1938 peccato,
1519 1876 1605 1924 sed
1640 1876 1824 1924 nullum
1859 1885 2114 1939 peccatum
2147 1877 2328 1926 dictum

577 1957 838 2005 formaliter
861 1966 934 2005 est
953 1958 1138 2020 justum
1163 1959 1243 2004 aut
1268 1957 1513 2005 decretum
1539 1973 1568 2004 a
1585 1957 1711 2016 Deo,
1733 1958 1843 2006 ideo
1869 1958 2053 2006 nullum
2070 1967 2327 2021 peccatum

579 2039 758 2086 dictum
790 2038 1051 2087 formaliter
1081 2047 1243 2101 potest
1276 2039 1369 2087 dici
1401 2040 1617 2100 privatio,
1645 2039 1781 2088 licet⁶
1811 2041 2128 2102 privationem
2159 2055 2329 2103 proce·

580 2120 801 2168 dentem⁷
824 2136 883 2167 ex
907 2120 1001 2167 Dei
1022 2121 1203 2183 judicio
1238 2120 1525 2168 antecedat&
1596 2120 1741 2168 Unde
1768 2121 2026 2169 scrutando
2060 2123 2329 2184 categorias

578 2202 839 2249 Arzklotelz's
858 2217 959 2249 non
984 2203 1178 2249 invenio
1198 2201 1330 2264 quod
1348 2210 1617 2265 peccatum,
1639 2202 1699 2250 de
1724 2217 1823 2264 quo
1851 2203 2083 2264 scriptura
2099 2202 2326 2266 loquitur,

579 2282 755 2331 directe
781 2284 831 2330 in
857 2284 1018 2346 aliquo
1055 2285 1225 2332 decem
1258 2300 1493 2347 generum
1526 2285 1810 2332 continetur.
1881 2284 2026 2333 Unde
2058 2286 2327 2334 secundum

578 2363 897 2427 Augustz‘num
922 2380 1023 2412 non
1047 2366 1192 2413 habet
1218 2382 1416 2414 causam
1440 2366 1727 2414 efficientem
1752 2366 1839 2414 sed
1863 2366 2183 2426 deficientem,
2209 2368 2325 2429 quia

579 2462 690 2495 cum
716 2446 834 2495 fides
858 2447 1092 2510 evangelii
1118 2448 1255 2495 dieit⁹
1274 2449 1408 2510 quod
1432 2449 1591 2496 omnis
1614 2449 1783 2507 homo,
1809 2449 1891 2511 qui
1915 2449 2027 2497 facit
2050 2457 2324 2511 peccatum,

579 2542 741 2575 servus
764 2536 835 2575 est
869 2529 1070 2590 peccati,
1096 2537 1143 2576 et
1179 2530 1428 2592 apostolus
1465 2531 1684 2577 meminit
1716 2530 1776 2578 de
1811 2530 1944 2593 ‘lege
1980 2529 2251 2593 peccati¹⁰,’
2277 2540 2325 2580 et

578 2611 645 2658 sic
671 2610 730 2657 de
756 2609 858 2657 aliis
883 2611 1097 2672 positivis
1123 2611 1598 2659 denominationibus
1623 2626 1743 2674 quas
1777 2620 1971 2675 oportet
2004 2613 2238 2675 consequi
2262 2612 2326 2661 ad

576 2699 843 2754 peccatum.
931 2690 1053 2739 Ideo
1102 2701 1288 2740 servata
1334 2694 1731 2755 aequivocatione
1784 2701 1975 2755 oportet
2027 2693 2324 2742 descendere

575 2773 843 2820 secundum
879 2787 1049 2821 sensus
1085 2774 1391 2836 aequivocos,
1428 2774 1646 2822 notando
1689 2775 1861 2837 prim0‚
1897 2775 2032 2837 quod
2067 2782 2323 2838 peccatum

575 2869 704 2902 nunc
741 2854 970 2916 accipitur
1004 2854 1266 2903 formaliter
1300 2871 1390 2918 pro
1426 2855 1630 2913 defectu,
1667 2863 1715 2903 et
1750 2856 1826 2903 ille
1863 2856 2078 2904 defectus
2113 2870 2215 2905 non
2250 2863 2324 2904 est

574 2935 773 2997 privatio
807 2935 894 2983 sed
925 2935 1082 2997 ipsam
1114 2937 1424 2998 praecedens,
1451 2951 1541 2984 nec
1574 2944 1647 2984 est
1670 2937 1834 2984 vitium
1866 2937 1952 2985 sed
1984 2938 2144 2999 ipsum
2176 2938 2321 2999 origi-

574 3032 711 3064 nans.
785 3016 882 3064 Sed
916 3025 1105 3079 praeter
1140 3025 1395 3079 peccatum
1432 3017 1613 3065 dictum
1649 3017 1924 3076 formaliter,
1951 3018 2084 3080 quod
2119 3033 2211 3066 nec
2246 3027 2321 3067 est

575 3098 716 3160 culpa
740 3113 832 3145 nec
856 3097 1071 3157 reatusfl,
1098 3106 1353 3160 peccatum
1378 3098 1638 3160 aliquando
1664 3098 1893 3160 accipitur
1925 3113 2015 3160 pro
2047 3099 2207 3147 hostia
2229 3115 2318 3162 pro

574 3187 790 3240 peccato,
840 3187 886 3226 et
933 3180 1025 3226 isto
1071 3179 1222 3227 modo
1271 3178 1491 3227 Christus
1547 3178 1718 3226 dicitur
1764 3187 2031 3241 peccatum,
2079 3188 2133 3227 ut
2186 3189 2319 3243 patet

628 3307 641 3330 ¹
671 3306 792 3358 rogo]
815 3318 918 3358 rogo
939 3306 1062 3358 quod,
1084 3306 1238 3346 A.B.C.
1259 3306 1322 3347 ed.
1343 3319 1404 3358 pr.
1595 3306 1611 3329 ²
1639 3306 1788 3358 tribus]
1810 3306 1873 3346 his
1893 3307 2034 3352 tribus,
2054 3308 2117 3347 ed.
2137 3320 2198 3360 pr.
2210 3322 2220 3354 ;
2251 3308 2316 3349 his

575 3360 690 3405 veris,
712 3361 866 3401 A.B.C.
1072 3361 1087 3383 3
1115 3360 1258 3412 etiam]
1279 3374 1302 3401 e
1322 3373 1531 3406 converso,
1554 3360 1707 3400 A.B.C.
1727 3361 1790 3400 ed.
1811 3374 1872 3413 pr.
2074 3361 2089 3384 ⁴
2115 3361 2212 3414 ista]
2234 3375 2317 3403 om.

576 3414 728 3454 A.B.C.
895 3415 911 3438 ⁵
937 3415 1038 3467 Dei]
1060 3428 1141 3454 om.
1163 3415 1218 3454 D.
1397 3415 1413 3438 ⁶
1441 3414 1556 3467 licet]
1578 3415 1661 3461 sed,
1683 3415 1729 3453 B.
1748 3415 1903 3467 primae
1921 3427 2076 3462 manus,
2099 3415 2152 3454 D.
2173 3416 2236 3455 ed.
2256 3429 2317 3468 pr.

574 3465 588 3488 ⁷
617 3469 924 3520 procedentem]
946 3469 1268 3521 praecedentem,
1290 3469 1336 3509 B.
1358 3469 1420 3509 ed.
1441 3481 1501 3520 pr.
1646 3521 1650 3524 Δ
1726 3469 1741 3491 ⁸
1767 3468 2001 3520 antecedat]
2022 3469 2237 3515 antecedit,
2260 3470 2314 3510 D.

576 3521 636 3558 ed.
669 3534 749 3572 pr.;
794 3524 1052 3569 antec-ederit,
1075 3523 1121 3562 B.
1394 3523 1408 3545 ⁹
1438 3522 1556 3574 dicit]
1589 3523 1699 3567 dicit,
1734 3522 1826 3574 Joh.
1857 3522 1937 3562 viii.
1969 3522 2123 3563 A.B.C.
2157 3523 2220 3563 ed.
2255 3537 2315 3576 pr.

575 3574 605 3596 ¹⁰
634 3574 753 3614 Rom.
773 3577 841 3616 vii.
866 3588 885 3615 2
892 3589 926 3627 3.
1092 3578 1121 3602 ¹²
1150 3590 1224 3617 nec
1244 3577 1398 3629 reatus]
1419 3589 1494 3617 nec
1514 3583 1575 3616 est
1595 3582 1740 3623 reatus,
1762 3576 1915 3617 A.B.C.
