2436 4094
359 437 428 487 94
1040 412 1461 478 JOANNIS
1520 415 1865 465 WICLIF
2176 437 2315 465 mnu.

569 549 770 610 aliquid¹
798 550 857 595 sit
882 548 1155 604 dicendum,
1182 549 1449 610 specialiter
1472 563 1584 596 cum
1609 564 1779 597 sensus
1811 550 1875 597 illi
1907 551 2076 613 juvant
2106 550 2316 599 intellec-

568 637 669 676 tum
696 638 742 676 et
766 636 1054 691 praeparant
1079 629 1140 676 ad
1166 644 1362 677 sensum
1386 631 1641 693 mysticum
1667 632 2020 694 scripturarum.

255 721 498 783 22¹}ss5,¹,3?¹¹¹¹¹¹¹'⁵
633 710 903 757 phronesis.
977 708 1183 771 Oportet
1225 725 1397 771 capere
1440 727 1470 760 a
1510 712 1805 760 naturalibus
1853 712 1980 760 hanc
2026 713 2314 771 doctrinam,

534 791 890 858 jsupponendo
941 791 1211 838 secundum
1259 791 1618 854 philosophiam
1664 792 1944 852 Aristotelis,
1995 794 2129 856 quod
2183 794 2315 843 solus
2383 839 2390 844 ‚

534 924 536 935 Ι
565 872 717 919 homo
754 873 814 919 de
851 887 1055 919 numero
1092 873 1372 920 animalium
1408 883 1623 922 erectum
1658 875 1803 922 habet
1839 884 1984 938 caput
2008 876 2071 924 ad
2107 876 2312 925 coelum.

533 974 536 998 a
566 953 716 1015 Cujus
742 969 888 1001 causa
913 962 985 1001 est
1009 954 1278 1001 secundum
1303 954 1575 1016 theologos,
1602 964 1654 1003 ut
1678 956 1831 1003 homo
1857 956 2066 1004 elevetur
2091 972 2120 1004 a
2144 965 2314 1005 terres-

534 1035 712 1082 ³tribus
760 1035 822 1082 ad
865 1035 1091 1082 coelestia
1139 1036 1412 1097 aspirando.
1504 1036 1782 1084 Secundum
1823 1037 2111 1085 Aristotelem
2152 1045 2314 1086 autem

533 1119 536 1143 ¹
563 1122 700 1177 caput
721 1116 928 1164 hominis
954 1124 1026 1164 est
1051 1116 1276 1164 elevatius
1301 1125 1498 1179 propter
1517 1117 1884 1180 depurationem
1911 1119 2178 1181 spirituum,
2199 1134 2312 1167 cum

565 1199 740 1260 quibus
781 1199 860 1245 illa
899 1199 1058 1245 divina
1096 1199 1375 1255 substantia,
1413 1213 1538 1260 quae
1580 1207 1652 1247 est
1691 1199 1853 1247 anima
1887 1199 2099 1248 hominis
2134 1200 2185 1247 in
2220 1200 2312 1248 illis

565 1280 953 1342 operationibus²
977 1281 1148 1328 clarius
1181 1289 1418 1343 operetur.
1493 1280 1653 1343 Caput
1686 1289 1848 1329 autem
1874 1281 2143 1329 secundum
2167 1281 2315 1330 Aris-

532 1391 534 1396 ι
563 1363 728 1408 totelem
765 1377 824 1409 ex
861 1363 1089 1410 relatione
1127 1360 1468 1424 capitationisss,
1505 1370 1552 1410 et
1588 1377 1689 1410 non
1725 1378 1786 1410 ex
1823 1362 1979 1411 forma
2014 1363 2315 1412 substantiali

564 1445 808 1492 contrahit
849 1445 1112 1492 formaliter
1147 1445 1263 1492 illud
1306 1460 1503 1503 nomen,
1541 1453 1687 1509 caput
1722 1445 1853 1492 enim
1895 1445 2162 1494 secundum
2199 1461 2312 1495 eum

565 1526 735 1573 dicitur
783 1526 977 1587 capitati
1030 1534 1188 1588 caput,
1238 1535 1284 1574 et
1332 1527 1575 1574 abscisum
1632 1541 1734 1574 non
1790 1527 1960 1574 dicitur
1989 1535 2172 1590 'caput‚
2220 1529 2313 1576 nisi

530 1659 531 1662 Ἴ
566 1607 684 1654 forte
735 1609 1013 1669 aequivoce.
1102 1608 1183 1655 Ad
1225 1623 1330 1655 esse
1374 1616 1536 1656 tamen
1580 1608 1748 1670 capitis
1789 1608 2092 1670 requiruntur
2133 1608 2310 1656 multae

565 1688 749 1735 formae
800 1689 1151 1747 substantiales,
1201 1704 1312 1737 cum
1362 1697 1507 1751 caput
1556 1690 1615 1737 sit
1662 1697 1978 1752 etrogeneum
2026 1690 2078 1736 in
2126 1697 2310 1738 natura.

250 1785 506 1847 pxffggregnsus
565 1769 686 1816 Sunt
727 1778 887 1817 autem
931 1771 1143 1832 quinque
1186 1786 1344 1817 sensus
1384 1771 1653 1829 extrinseci,
1697 1771 1877 1819 scilicet
1917 1771 2060 1828 visus,
2105 1771 2330 1829 auditus,—

530 1859 532 1918 ζ
563 1851 807 1908 odoratus,
851 1860 1018 1914 gustus
1055 1860 1102 1898 et
1140 1859 1321 1909 tactus;
1376 1860 1423 1898 et
1465 1852 1685 1899 omnium
1733 1851 1922 1899 illorum
1964 1867 2195 1900 sensuum
2233 1868 2311 1901 or-

530 1922 533 1969 l
562 1948 690 1993 gana
724 1934 773 1979 in
810 1934 964 1994 capite
1002 1934 1250 1980 situantur.
1323 1932 1507 1980 Tactus
1544 1940 1705 1980 autem
1741 1941 1939 1995 propter
1972 1933 2311 1981 necessitatem

563 2029 701 2060 suam
743 2029 828 2075 per
869 2029 1100 2076 magnam
1141 2021 1328 2075 partem
1379 2013 1609 2074 corporis,
1646 2014 1696 2060 in
1743 2014 1958 2076 quodam
1999 2029 2148 2062 nervo
2188 2014 2310 2062 retili

530 2139 532 2160 3
563 2095 863 2156 expanditur.
951 2095 1011 2141 In
1067 2110 1254 2155 organo
1313 2103 1474 2141 autem
1530 2095 1655 2142 visus
1710 2094 1886 2142 residet
1939 2095 2109 2143 virtus*
2164 2095 2312 2144 visiva

529 2162 533 2181 ¹
563 2184 794 2237 tanquam
837 2176 1108 2237 speculator
1150 2177 1294 2222 totius
1337 2176 1568 2237 corporis,
1611 2184 1842 2238 tanquam
1885 2176 2104 2225 indicans
2139 2192 2169 2225 a
2202 2177 2308 2224 lon-

561 2257 745 2318 ginquo
787 2266 885 2304 tam
905 2258 1221 2312 “conveniens
1256 2257 1441 2304 homini
1481 2272 1628 2319 quam
1663 2257 1904 2305 nocivum.
1990 2258 2067 2306 De
2108 2258 2310 2306 anatho-

567 2339 664 2385 mia
699 2353 812 2385 vero
854 2338 995 2395 oculi,
1035 2338 1287 2400 quomodo
1329 2339 1637 2400 componitur
1678 2354 1738 2385 ex
1781 2339 1951 2386 decem
1991 2340 2220 2402 partibus,
2262 2350 2311 2388 et

530 2449 534 2521 l
564 2420 816 2481 quomodo
837 2420 1048 2477 situatur,
1071 2435 1182 2466 cum
1202 2419 1303 2466 aliis
1330 2418 1699 2473 difficultatibus,
1717 2428 1910 2482 oportet
1931 2420 2010 2469 hic
2035 2436 2308 2484 supponere

529 2501 830 2570 ,specialiter
880 2517 938 2548 ex
988 2501 1092 2548 aliis
1141 2500 1503 2547 diffinitionibus
1520 2497 1538 2525 ⁵
1584 2500 1860 2559 Avicennae,
1907 2510 1955 2550 et
2003 2502 2062 2550 de
2111 2503 2309 2566 organis

528 2571 759 2645 ‚laliorum
807 2598 1050 2631 sensuum.
1145 2581 1410 2628 Cerebrum
1458 2590 1619 2628 autem
1668 2582 1838 2630 dicitur
1883 2583 2008 2632 intra
2055 2585 2308 2632 craneum⁶

527 2648 530 2724 2³
558 2666 726 2728 capitis
763 2666 812 2712 in
848 2666 929 2728 pia
964 2673 1130 2722 matre,
1162 2679 1285 2726 quae
1322 2672 1394 2711 est
1428 2664 1523 2711 tela
1556 2664 1737 2711 subtilis
1773 2666 2020 2715 involvens
2044 2656 2306 2714 ‘cerebrum

526 2727 821 2810 {situaliter‘R
907 2747 1076 2808 Ipsum
1125 2754 1285 2793 autem
1328 2746 1580 2792 cerebrum
1622 2746 1846 2794 dividitur
1890 2748 1942 2795 in
1988 2755 2098 2796 tres-
2131 2756 2306 2812 partes,

524 2822 528 2915 ξ
557 2829 734 2876 scilicet
760 2829 808 2875 in
833 2829 1052 2890 primam,
1078 2827 1303 2884 mediam,
1330 2836 1375 2874 et
1401 2835 1679 2875 extremam.

246 2921 501 2984 ffissugssssssgssfnsus
626 2909 752 2957 Cum
795 2918 956 2957 autem
1000 2917 1111 2957 sunt
1157 2917 1251 2956 tres
1293 2909 1532 2955 maneries
1581 2910 1847 2970 spirituum,
1890 2910 2071 2959 scilicet
2111 2911 2305 2974 spiritus

557 2992 775 3039 animalis
804 2993 854 3039 in
887 2993 1100 3048 cerebro,
1127 2999 1173 3037 et
1207 2989 1397 3051 spiritus
1431 2989 1581 3036 vitalis
1616 2990 1664 3036 in
1690 2991 1851 3048 corde,
1877 2999 1924 3038 et
1948 2991 2140 3053 spiritus
2165 2999 2304 3039 natu-

526 3095 528 3119 ε
557 3073 666 3120 ralis
702 3074 751 3120 in
788 3082 942 3135 epate,
970 3073 1030 3120 de
1067 3072 1238 3133 spiritu
1275 3069 1479 3126 animali,
1506 3071 1555 3116 in
1592 3086 1690 3132 quo
1715 3072 1844 3134 viget
1879 3072 2026 3120 virtus
2063 3073 2302 3126 sensitiva,

526 3160 527 3200 ἓ
557 3154 605 3200 in
639 3156 836 3202 cerebro
871 3153 1129 3201 dicendum
1154 3160 1236 3200 est.
1309 3151 1368 3197 In
1401 3151 1606 3212 ancipite
1632 3160 1808 3210 autem,
1833 3168 1959 3215 quae
1990 3162 2062 3201 est
2093 3154 2303 3202 anterior

525 3245 527 3256 ⁴
556 3250 666 3296 pars
692 3236 871 3283 cerebri
899 3235 1046 3282 divisa
1071 3235 1120 3280 in
1145 3233 1263 3280 duas
1288 3240 1460 3294 parteS,
1486 3232 1638 3293 viget⁸
1662 3234 1950 3282 mineraliter
1974 3250 2144 3283 sensus
2166 3249 2302 3282 com-

524 3396 527 3442 }
609 3402 622 3424 ¹
651 3401 822 3454 aliquid]
845 3417 925 3442 om.
946 3403 1008 3443 ed.
1030 3417 1089 3455 pr.
1207 3403 1222 3425 ²
1251 3402 1330 3442 illis
1349 3400 1674 3454 operationibus]
1697 3403 2003 3455 operationibus
2022 3403 2296 3452 sensibilibus,

556 3454 660 3494 C.D.
682 3457 743 3494 ed.
765 3470 824 3508 pr.
936 3457 950 3479 3
979 3456 1256 3509 capitationis]
1279 3455 1553 3508 capitalitatis‚
1574 3456 1637 3496 ed.
1659 3470 1718 3508 pr.
1836 3457 1851 3479 ⁴
1871 3457 2016 3509 virtus]
2039 3471 2120 3497 om.
2141 3457 2297 3499 A.B.C.

524 3546 525 3558 2
554 3507 567 3528 ⁵
596 3509 922 3562 diffinitionibus]
945 3511 1263 3555 difficultatibus,
1286 3511 1338 3549 A.
1672 3511 1687 3533 ⁶
1717 3511 1927 3563 craneum]
1949 3524 2130 3557 caveum,
2150 3511 2212 3552 ed.
2234 3525 2294 3566 pr.

523 3568 525 3613 ,ζ
554 3560 567 3582 ⁷
597 3562 809 3614 situaliter]
833 3565 984 3611 situm-i,
1007 3565 1059 3603 D.
1171 3566 1185 3588 ⁸
1213 3564 1341 3616 viget]
1364 3563 1513 3614 vigent,
1535 3566 1597 3606 ed.
1620 3579 1679 3616 pr.
