2436 4094
0 2351 12 2537 Ξ

0 3476 12 3805 κ-,ψπ-ἠ--Ἶ-ς-ν-μν
0 3310 9 3315 ;
0 3247 5 3295 -ν
0 3090 6 3118 .-
2 3041 7 3044 -
0 2997 16 3021 Η
0 2823 13 2937 ,μμ-νων
0 2760 9 2796 ι»,

0 3964 12 4005 ,ψ
0 3918 6 3954 ..2
0 3843 9 3907 μη-,ψ
0 3817 5 3829 -

77 372 84 379 ’
157 420 321 470 cm„
751 403 863 452 TR
880 404 970 452 [Α
995 405 1042 452 L
1066 406 1109 455 ο
1130 405 1178 455 G
1205 404 1322 455 σε.

156 534 400 598 complete
423 537 651 585 causavit.
722 537 849 585 Item
867 538 1044 586 misera
1062 548 1280 587 creatura
1297 538 1443 587 habet
1466 547 1758 602 potestatem
1784 555 1911 604 opus

155 629 299 664 suum
322 616 536 665 futurum
561 633 853 681 proponere,
878 627 926 667 et
950 619 1196 668 subductis
1229 621 1605 683 impedimentiS‚
1632 622 1912 670 considera-

153 697 286 746 tione
300 699 478 753 ¹erroris
496 707 544 747 et
563 700 826 748 variatione
845 700 1101 748 voluntatis
1126 710 1172 749 et
1190 702 1437 764 temporis,
1457 702 1580 750 foret
1596 703 1911 751 determinate

83 789 90 793 ”
153 793 336 838 verum,
360 780 499 843 quia¹
528 781 645 829 illud
677 783 878 830 eveniet.
949 782 1084 844 Ergo
1117 783 1269 831 multo
1302 785 1460 845 magis
1493 793 1655 847 potest
1678 784 1816 832 Deus
1850 785 1913 833 ad

152 868 380 909 eventum
414 861 652 910 futurum²
687 878 739 911 se
775 863 1107 911 determinare.
1180 864 1307 913 Cum
1341 881 1458 928 ergo
1495 867 1795 929 ignorantia3
1818 866 1912 914 Dei

151 940 204 988 in
237 942 496 991 variatione
532 958 648 991 suae
683 944 924 993 volitionis
948 945 1022 992 vel
1057 946 1124 992 rei
1160 946 1467 1007 impedientis
1504 963 1606 995 non
1634 956 1797 1010 potest
1822 949 1912 996 ob-

151 1022 389 1072 staculum
424 1024 628 1090 evenire,
654 1025 934 1088 relinquitur
969 1026 1103 1088 quod
1134 1028 1439 1089 propositum
1463 1029 1556 1076 Dei
1593 1037 1787 1091 oportet
1825 1045 1911 1077 ne—

152 1103 364 1152 cessario
412 1104 677 1167 adimpleri,
719 1114 767 1154 et
810 1107 878 1154 sic
927 1122 1075 1155 omne
1123 1108 1336 1156 futurum
1386 1110 1661 1158 necessario
1710 1111 1909 1158 eveniet.

151 1183 281 1233 Cum
315 1185 460 1248 ergo*
494 1187 800 1248 propositum
834 1188 1035 1236 hominis
1072 1189 1146 1238 vel
1183 1205 1271 1238 sua
1307 1190 1642 1241 determinatio
1678 1191 1792 1239 facit
1828 1192 1912 1239 ali-

150 1265 345 1328 qualem
367 1266 642 1315 firmitatem
666 1268 718 1315 in
750 1269 1027 1318 futuritione
1061 1272 1134 1318 sui
1172 1272 1344 1334 operis,
1371 1272 1555 1320 videtur
1590 1273 1724 1335 quod
1758 1273 1913 1321 deter-

149 1347 351 1395 minatio
376 1346 477 1395 Dez'
495 1348 608 1396 facit
644 1364 888 1398 summam
924 1352 1198 1400 firmitatem
1230 1337 1283 1400 'in
1319 1353 1598 1401 futuritione
1637 1354 1710 1401 sui
1735 1355 1911 1416 operis.

149 1427 276 1476 Item
311 1438 550 1492 repugnat
585 1430 679 1478 Dei
715 1432 1012 1490 existentiae,
1039 1434 1171 1496 quod
1208 1449 1310 1481 non
1346 1435 1578 1496 intelligat
1614 1450 1789 1483 omnes
1823 1435 1912 1482 ho-

148 1509 307 1558 mines
338 1510 670 1573 intelligibiles,
697 1528 810 1560 cum
841 1513 994 1562 homo
1027 1515 1133 1562 illos
1166 1515 1413 1578 intelligit;
1463 1525 1510 1563 et
1547 1525 1753 1574 constat,
1780 1517 1914 1579 quod

147 1589 297 1654 longe
328 1591 490 1653 plures
522 1601 570 1640 et
599 1593 738 1655 plura
770 1594 888 1642 alia⁵
923 1610 1071 1657 quam
1104 1595 1326 1644 homines
1355 1597 1492 1644 Deus
1525 1598 1773 1660 intelligit;
1818 1599 1912 1660 sig-

147 1673 273 1721 natis
295 1688 415 1735 ergo
451 1673 540 1722 illis
573 1673 867 1733 hominibus,
894 1685 1026 1738 patet
1050 1678 1185 1739 quod
1218 1678 1403 1725 nullum
1437 1678 1690 1727 hominem
1722 1688 1912 1741 praeter

147 1753 358 1817 aliquem
394 1754 585 1802 illorum
609 1755 746 1804 Deus
782 1765 943 1819 potest
978 1758 1264 1819 producere,
1291 1774 1404 1806 curn
1440 1759 1626 1806 nullum
1659 1760 1911 1808 hominem

146 1835 240 1883 nisi
275 1850 424 1898 quem
458 1835 594 1884 Deus
629 1845 792 1899 potest
826 1838 1104 1901 intelligere,
1130 1847 1290 1901 potest
1326 1840 1431 1901 ipse
1467 1840 1739 1902 producere
1755 1857 1769 1901 3
1825 1842 1913 1890 sed

146 1916 332 1965 nullum
366 1915 619 1964 hominem
653 1918 745 1966 nisi
780 1918 990 1981 aliquem
1025 1920 1228 1967 istorum
1258 1919 1394 1968 Deus
1431 1929 1592 1982 potest
1627 1921 1909 1984 intelligere,

146 2013 260 2052 cum
283 1997 420 2046 Deus
452 1997 670 2061 intelligit
705 1999 872 2047 omnia
906 2015 1031 2063 quae
1067 2009 1225 2063 potest
1261 2001 1540 2064 intelligere,
1565 2017 1684 2065 ergo
1721 2003 1910 2051 nullum

145 2078 398 2128 hominem
421 2088 611 2142 praeter
634 2080 846 2144 aliquem
865 2074 1067 2129 istorum
1085 2081 1222 2130 Deus
1247 2091 1408 2144 potest
1433 2083 1715 2146 producere.
1786 2083 1912 2132 Eva-

146 2161 310 2210 siones
332 2170 495 2210 autem
520 2161 826 2224 sophisticae,
852 2177 978 2225 quae
1010 2171 1218 2225 possunt
1251 2164 1352 2211 fieri
1377 2164 1428 2211 in
1463 2165 1554 2212 ista
1578 2165 1794 2223 materia,
1819 2181 1911 2214 nec

146 2251 260 2291 sunt
293 2243 492 2305 sapidae
526 2258 618 2291 nec
653 2243 829 2307 dignae
853 2245 1090 2292 memoria
1104 2261 1116 2304 ;
1167 2244 1284 2297 ideo
1317 2246 1553 2294 animaret
1589 2255 1636 2294 et
1675 2248 1912 2309 quietaret

145 2324 357 2372 viantem
380 2323 443 2372 ad
467 2324 694 2373 standum
718 2341 808 2388 pro
835 2325 1122 2374 defensione
1142 2326 1369 2388 justitiae,
1396 2327 1532 2390 quod
1567 2336 1760 2390 oportet
1784 2344 1910 2376 mer-

145 2404 318 2453 cedem
360 2419 499 2454 suam
541 2407 817 2455 necessario
860 2408 1065 2465 evenire,
1110 2407 1233 2455 sicut
1274 2416 1468 2470 oportet
1506 2407 1670 2455 Deum
1712 2410 1910 2471 punire⁶

144 2485 365 2534 aemulos
387 2487 608 2535 veritatis.
680 2488 744 2536 Et
781 2489 849 2536 sic
885 2503 988 2535 non
1024 2496 1216 2550 oportet
1252 2489 1446 2551 evagari
1483 2489 1533 2536 in
1563 2489 1910 2552 imaginatione

144 2582 307 2615 rerum
347 2582 470 2630 quas
510 2569 739 2630 ponimus
780 2569 1052 2631 possibiles,
1093 2568 1364 2616 dummodo
1415 2585 1519 2617 non
1566 2577 1640 2618 est
1680 2571 1758 2619 ita.
1846 2570 1910 2619 Et

144 2648 312 2696 tollere
346 2663 611 2711 possumus
647 2650 984 2711 quaestionem
1019 2665 1116 2711 qua
1152 2650 1407 2711 quaeritur,
1446 2665 1595 2712 quare
1630 2650 1768 2699 Deus
1806 2666 1909 2699 non

144 2729 290 2778 efficit
329 2729 425 2778 hoc
465 2729 540 2778 vel
586 2730 717 2787 illud,
766 2730 990 2787 dicendo,
1035 2730 1169 2792 quod
1218 2730 1344 2788 ideo,
1389 2732 1501 2791 quia
1548 2730 1642 2778 hoc
1692 2746 1794 2778 non
1836 2741 1909 2780 est

143 2809 398 2858 effectibile
423 2818 470 2858 et
492 2810 604 2859 licet
627 2810 802 2858 falsum
827 2811 1083 2873 fingamuS‚
1108 2811 1204 2858 hoc
1238 2826 1340 2858 non
1374 2820 1447 2859 est
1480 2809 1796 2874 intelligibile⁷
1811 2828 1824 2871 3
1861 2821 1927 2861 et*

144 2891 292 2941 claret
322 2889 444 2940 ratio
477 2891 746 2955 Augustini
776 2900 823 2940 et
856 2892 993 2940 locus
1030 2907 1059 2940 a
1092 2892 1246 2950 simili,
1272 2893 1385 2955 quia
1418 2893 1539 2940 sicut
1564 2892 1714 2951 Deus,
1742 2893 1781 2941 si
1805 2909 1907 2954 non

62 3035 65 3037 -
144 2973 436 3037 produceret
452 2973 672 3021 Verb‘um
696 2973 759 3021 ad
779 2973 915 3031 intra,
937 2981 1052 3021 tunc
1077 2974 1323 3036 impotens
1348 2973 1471 3021 foret
1496 2974 1570 3021 vel
1595 2974 1821 3033 invidus⁸,
1841 2976 1908 3023 ita

145 3056 188 3103 si
229 3070 332 3103 non
373 3055 662 3118 produceret
704 3055 932 3103 effectum
975 3055 1038 3102 ad
1079 3063 1229 3112 extra,
1267 3056 1371 3118 ipse
1411 3056 1658 3118 impotens
1695 3055 1819 3104 foret
1858 3064 1906 3104 et

145 3136 374 3186 invidus⁹.
443 3136 735 3200 Imaginatio
779 3144 943 3184 autem
986 3145 1154 3184 nostra
1195 3144 1242 3184 et
1278 3152 1411 3185 error
1447 3137 1715 3185 intellectus
1755 3139 1905 3186 nostri

201 3278 216 3302 ¹
246 3277 361 3331 quia]
383 3278 508 3331 quod,
529 3278 589 3318 D.
782 3277 798 3301 ²
826 3278 1026 3331 futurum]
1049 3278 1186 3325 futuri,
1207 3279 1270 3319 ed.
1291 3259 1562 3331 p1.³
1590 3278 1842 3331 ignorantia]
1864 3279 1905 3319 in

143 3331 388 3384 ignorantia,
404 3332 468 3372 ed.
484 3346 546 3385 pr.
643 3331 659 3355 ⁴
684 3345 778 3373 cum
791 3333 910 3385 ergo]
929 3333 962 3372 si
978 3346 1089 3385 ergo,
1106 3333 1158 3371 D.
1173 3333 1235 3372 ed.
1250 3346 1311 3385 pr.
1420 3331 1436 3356 ⁵
1462 3331 1599 3385 plures
1614 3338 1654 3372 et
1668 3333 1787 3386 plura
1802 3333 1902 3385 alia]

50 3433 55 3437 ⁴
142 3385 282 3463 plures
314 3391 355 3426 et
383 3386 503 3439 plura
534 3386 739 3432 animalia,
772 3388 894 3433 A.B.;
936 3387 1073 3439 plures
1108 3399 1170 3426 res
1203 3393 1244 3426 et
1276 3387 1393 3439 plura
1423 3387 1629 3433 animalia,
1662 3387 1715 3426 D.
1746 3387 1810 3427 ed.
1844 3400 1904 3439 pr.

189 3439 353 3492 punire]
374 3440 518 3492 punire
538 3441 781 3488 necessario,
802 3441 904 3480 A.B.
928 3441 1128 3480 secundae
1143 3454 1300 3485 manus,
1318 3442 1366 3480 C.
1532 3440 1547 3465 ⁷
1576 3447 1616 3482 et
1636 3440 1904 3482 licet—intel-

144 3491 332 3587 }{gviilgltlss}
342 3494 510 3587 olamssed.
532 3507 592 3547 pr.
833 3496 847 3518 ⁸
876 3494 1055 3546 invidus]
1077 3494 1274 3540 invidens,
1297 3495 1401 3533 Α.Β.
1679 3496 1695 3519 ⁹
1723 3495 1902 3548 invidus]

2055 423 2156 482 159
