2436 4094
275 1211 404 1251 Primum
415 1211 529 1239 instans

273 1250 428 1279 temporis.

556 1235 559 1256 l

557 1258 559 1270 ι

550 3059 554 3106 ἑ

551 3534 556 3587 ἱ

554 3592 557 3607 Ι

1036 409 1457 474 JOANNIS
1528 410 1873 460 WICLIF
2198 429 2341 459 mnu.

592 548 749 609 aliqua
773 554 906 608 parte
931 546 1096 607 magni
1121 545 1379 606 temporis;
1418 553 1464 592 et
1490 545 2071 607 supponendosecundo‚
2099 546 2234 610 quod
2259 561 2337 594 res

591 637 704 675 ωηο
741 627 917 688 incepit
954 641 1074 683 esse,
1113 626 1309 687 quando
1345 641 1436 688 pro
1473 626 1633 688 aliquo
1670 626 1864 674 instanti
1900 629 2132 691 temporis
2167 635 2255 686 est,
2291 635 2339 675 et

591 716 700 756 ante
736 707 850 754 illud
885 722 986 754 non
1023 706 1134 765 fuit;
1187 715 1302 754 tunc
1338 722 1428 769 pro
1463 708 1621 770 primo
1657 708 1852 755 instanti
1887 709 2082 756 mundi¹
2119 709 2334 757 mundus

590 790 768 851 incipit,
794 789 906 850 quia
931 803 1019 850 pro
1045 788 1125 835 illo
1159 788 1355 835 instanti
1388 788 1598 836 mundus
1632 798 1716 847 est,
1743 798 1790 836 et
1823 799 1933 838 ante
1966 790 2083 838 illud
2106 789 2336 839 nonfuit.

589 871 722 918 Deus
750 878 908 917 autem
929 870 1037 916 licet
1064 870 1123 917 sit
1147 870 1197 916 in
1221 869 1301 916 illo
1327 870 1537 927 instanti,
1564 878 1610 918 et
1636 879 1747 918 ante
1771 870 1886 918 illud
1910 872 2094 920 instans
2118 886 2220 919 non
2246 870 2336 918 fuit

589 952 856 999 secundum
889 950 1035 998 fuisse
1069 951 1407 1008 successivum,
1434 966 1536 998 non
1569 959 1733 999 tamen
1759 953 1875 999 mihi
1908 953 2094 1002 videtur
2117 953 2333 1015 incipere

587 1032 720 1080 esse²
744 1047 832 1094 pro
856 1032 936 1079 illo
960 1032 1170 1088 instanti,
1198 1047 1308 1079 cum
1333 1047 1435 1079 non
1466 1040 1626 1094 potest
1650 1028 1869 1096 ternpore
1894 1034 1968 1082 vel
1992 1035 2188 1082 instanti
2213 1041 2335 1082 tem·
2361 1059 2369 1063 -

557 1155 560 1160 .
588 1114 717 1176 poris
753 1113 1034 1161 mensurari.
1105 1112 1166 1160 Et
1202 1114 1270 1160 sic
1307 1113 1436 1161 aliud
1471 1122 1544 1161 est
1579 1130 1686 1162 esse
1724 1117 1772 1162 in
1807 1116 2002 1163 instanti
2032 1115 2266 1178 temporis
2290 1121 2338 1162 et

587 1211 692 1244 esse
726 1204 818 1257 pro
857 1195 1051 1242 instanti
1087 1195 1332 1256 temporis.
1403 1194 1619 1243 Mundus
1662 1204 1822 1243 autem
1858 1205 1905 1245 et
1941 1196 2183 1260 quaelibet
2222 1211 2338 1259 pars

552 1309 556 1313 -
586 1279 690 1341 ejus
725 1285 798 1325 est
834 1291 921 1339 pro
956 1276 1036 1324 illo
1073 1276 1257 1338 primo³
1291 1276 1484 1324 instanti
1520 1279 1766 1339 temporis,
1793 1279 1879 1326 sed
1914 1294 2017 1326 non
2040 1278 2192 1336 Deus,
2223 1293 2336 1326 cum

587 1358 825 1422 quaelibet
848 1373 959 1420 pars
992 1357 1160 1405 mundi
1194 1366 1392 1415 creatur,
1420 1367 1466 1405 et
1498 1358 1633 1407 Deus
1664 1367 1736 1407 est
1770 1360 2053 1418 increabilis,
2079 1375 2192 1407 cum
2224 1374 2329 1406 non

584 1448 744 1503 potest
769 1441 979 1502 incipere
1004 1440 1221 1496 existere,
1247 1439 1320 1486 vel
1345 1439 1523 1487 habere
1549 1455 1656 1488 esse
1689 1448 1799 1488 ante
1832 1442 2138 1489 existentiam
2171 1449 2334 1489 actua-

585 1522 694 1571 lem.
768 1520 987 1569 Concedi
1006 1529 1170 1568 tamen
1189 1528 1363 1582 potest,
1387 1521 1519 1583 quod
1540 1522 1768 1570 continue
1787 1531 1899 1584 post
1919 1523 2130 1585 primum
2149 1523 2338 1572 instans

586 1619 691 1652 esse
716 1603 884 1651 mundi
909 1610 982 1650 est
1005 1617 1184 1660 verum,
1211 1602 1344 1664 quod
1367 1602 1502 1651 Deus
1526 1602 1613 1651 fuit
1636 1609 1740 1651 ante
1764 1603 1880 1651 illud
1903 1605 2102 1662 instans,
2124 1604 2211 1652 sed
2234 1618 2336 1651 non

585 1685 909 1748 temporaliter
933 1684 1007 1731 vel
1043 1684 1336 1741 variabiliter,
1374 1684 1473 1731 imo
1508 1686 1783 1733 naturaliter
1814 1693 1862 1733 et
1898 1686 2152 1734 causaliter
2187 1686 2334 1748 prius.

586 1766 934 1814 Verumtamen
961 1766 998 1812 si
1022 1780 1239 1813 essemus
1271 1766 1320 1812 in
1354 1767 1512 1827 primo
1546 1767 1742 1814 instanti
1776 1768 1959 1825 mundi,
1985 1775 2102 1816 tunc
2135 1782 2237 1815 non
2263 1776 2335 1815 est

586 1848 664 1905 ita,
692 1847 775 1895 sed
801 1847 963 1907 incipit
983 1847 1047 1893 ita
1079 1861 1200 1903 esse,
1227 1847 1360 1908 quod
1385 1846 1519 1894 Deus
1544 1847 1630 1895 fuit
1655 1857 1765 1895 ante
1791 1849 1964 1911 quam4
1988 1848 2200 1896 mundus
2232 1848 2335 1896 fuit.

586 1929 647 1976 Et
673 1929 740 1975 sic
766 1927 949 1975 videtur
983 1927 1194 1974 mundus
1225 1936 1271 1974 et
1303 1935 1460 1989 partes
1493 1929 1688 1976 mundi5
1719 1930 1849 1991 prius
1883 1930 2158 1978 naturaliter
2189 1929 2336 1978 fuisse

587 2018 696 2057 ante
721 2010 835 2057 illud
853 2010 1052 2065 instans,
1078 2017 1124 2056 et
1144 2009 1211 2055 sic
1230 2009 1412 2067 melior,
1433 2011 1635 2068 brevior,
1658 2026 1715 2059 ac
1736 2012 2126 2060 convenientior⁶
2150 2011 2336 2060 videtur

585 2107 692 2139 esse
724 2092 802 2138 illa
834 2091 1063 2152 loquutio‚
1099 2105 1246 2152 quam
1279 2091 1510 2152 pictaciae
1544 2092 1878 2154 superadditae
1911 2093 2230 2156 expositioni⁷
2262 2093 2334 2140 in-

587 2173 842 2235 ceptionis,
880 2171 1012 2234 quod
1052 2172 1130 2218 illa
1171 2166 1456 2233 propositio,
1504 2171 1665 2220 ‘Deus
1707 2174 1873 2236 incipit
1914 2171 2041 2222 esse’
2081 2174 2224 2222 debet
2246 2175 2335 2234 >sic

585 2254 777 2316 exponi,
805 2258 815 2277 ‘
832 2253 966 2300 Deus
993 2261 1076 2310 est,
1098 2260 1143 2300 et
1175 2266 1275 2299 non
1306 2252 1405 2310 fuit,
1428 2254 1466 2300 si
1499 2254 1676 2316 aliquid
1708 2254 1793 2302 fuit
1808 2255 1837 2314 ;'
1874 2264 1976 2303 tum
2001 2257 2114 2319 quia
2140 2261 2151 2280 ‘
2169 2248 2335 2318 incep-

584 2333 749 2383 tionis’
798 2335 1083 2397 significatio
1131 2335 1348 2391 variatur,
1397 2349 1507 2381 cum
1551 2335 1688 2397 juxta
1740 2337 1881 2385 istam
1930 2337 2334 2399 significationem

586 2416 826 2479 quaelibet
850 2424 1065 2463 creatura
1098 2430 1289 2476 semper
1318 2414 1560 2476 inciperet,
1587 2425 1689 2464 tum
1724 2419 1866 2465 etiam
1901 2420 2015 2481 quia
2046 2419 2335 2481 generaliter

586 2506 656 2546 est
681 2498 890 2559 inceptio
915 2498 1119 2545 univoce
1145 2495 1504 2546 describenda⁸.'
1569 2498 1631 2546 Et
1664 2500 1730 2546 ita
1762 2500 1851 2547 ista
1883 2501 2152 2562 propositio
2177 2503 2189 2524 ‘
2206 2498 2333 2548 ante?

585 2579 698 2626 dicit
746 2579 1007 2640 aequivoce
1056 2592 1185 2624 nunc
1212 2577 1530 2645 ¹prioritatem
1575 2580 1761 2628 ordinis
1810 2581 2063 2630 naturalis⁹
2109 2590 2155 2630 et
2202 2597 2333 2630 nunc

583 2661 877 2723 prioritatem
916 2660 1159 2721 temporis,
1197 2667 1248 2706 ut
1283 2660 1333 2709 in
1372 2662 1674 2724 expositione
1710 2663 2012 2725 inceptionis.
2087 2663 2136 2711 Si
2171 2672 2332 2712 autem

583 2743 690 2804 quis
716 2741 1018 2788 contenderit
1037 2741 1162 2788 circa
1186 2744 1553 2805 repugnantiam
1575 2744 1677 2806 jam
1702 2744 1953 2803 dictorum,
1973 2753 2132 2808 potest
2150 2745 2335 2792 latius¹⁰

583 2823 850 2885 exprimere
874 2822 1003 2870 illam
1028 2825 1490 2884 aequivocationem,
1517 2833 1567 2872 ut
1593 2826 1630 2871 si
1656 2840 1731 2872 res
1765 2826 1931 2888 incipit
1963 2841 2085 2884 esse,
2110 2836 2226 2873 tunc
2259 2835 2332 2874 est

583 2919 672 2966 pro
705 2904 864 2966 aliquo
897 2904 1090 2951 instanti
1122 2906 1367 2966 temporis,
1401 2914 1447 2952 et
1483 2921 1583 2953 non
1618 2915 1728 2953 ante
1755 2907 1869 2954 illud
1903 2907 2229 2968 temporaliter
2257 2916 2331 2954 est

550 3043 553 3057 ¹
582 2985 654 3032 vel
680 2987 924 3042 instanter,
951 2986 1064 3047 quia
1087 2986 1298 3033 mundus
1324 2995 1395 3034 est
1421 2996 1530 3035 ante
1556 2987 1672 3034 illud
1696 2988 1894 3045 instans,
1923 2986 2075 3050 quia¹¹
2103 2995 2176 3035 est
2199 2988 2331 3050 prius

637 3182 649 3205 ¹
679 3183 840 3236 mundi]
863 3196 944 3223 om.
966 3184 1028 3223 ed.
1050 3197 1110 3236 pr.
1385 3184 1399 3205 2
1428 3184 1527 3223 mihi
1547 3183 1705 3222 videtur
1725 3183 1903 3236 incipere
1923 3183 2031 3235 esse]
2052 3183 2212 3224 videtur
2230 3184 2330 3224 mihi

551 3221 553 3234 ,
582 3249 680 3282 esse,
702 3237 770 3283 D.‚
793 3238 855 3277 ed.
877 3251 937 3290 pr.
1208 3237 1223 3260 ³
1251 3237 1323 3278 illo
1343 3238 1497 3291 primo]
1519 3238 1665 3290 primo,
1687 3251 1768 3277 om.
1789 3238 1852 3277 ed.
1873 3251 1957 3289 pr.;
1978 3238 2051 3277 illo
2072 3251 2153 3277 om.
2175 3239 2330 3279 A.B.C.

581 3289 594 3311 ⁴
621 3297 717 3330 ante
737 3291 878 3343 quam]
899 3297 968 3332 aut
989 3292 1112 3343 quod,
1133 3291 1196 3332 ed.
1217 3304 1278 3344 pr.
1497 3292 1512 3315 ⁵
1539 3291 1713 3331 mundus
1732 3297 1772 3331 et
1792 3299 1928 3343 partes
1949 3291 2112 3344 mundi]
2133 3292 2331 3331 mundum

583 3349 622 3382 et
644 3346 780 3395 partes
800 3346 954 3391 mundi,
977 3346 1022 3385 B.
1044 3346 1106 3385 ed.
1127 3359 1214 3398 pr.;
1247 3359 1340 3398 pars
1360 3346 1514 3391 mundi,
1535 3346 1588 3385 A.
1677 3345 1692 3368 ⁶
1721 3345 2043 3397 convenientior]
2065 3346 2331 3391 communior,

582 3397 644 3436 ed.
665 3411 725 3450 pr.
889 3399 904 3422 ⁷
932 3399 1195 3452 expositioni]
1217 3396 1502 3452 expositiones,
1524 3400 1577 3439 D.
1687 3398 1703 3421 Β
1730 3398 2013 3450 describenda]
2035 3399 2328 3444 distribuenda,

584 3451 643 3495 B„
664 3452 712 3491 C.
733 3452 795 3492 ed.
812 3466 873 3504 pr.
1022 3454 1037 3476 ⁹
1066 3453 1443 3505 nunc—naturalis]
1463 3467 1571 3494 nunc
1590 3453 1842 3505 prioritatem
1861 3452 2025 3498 ordinis,
2045 3451 2145 3493 alias
2163 3453 2332 3505 originis

582 3505 787 3550 naturalis,
808 3507 870 3546 ed.
891 3521 951 3558 pr.
968 3520 977 3550 ;
1007 3508 1173 3559 originis
1192 3507 1398 3552 naturalis,
1419 3509 1470 3547 A.
1582 3509 1612 3531 ¹⁰
1640 3507 1780 3559 latius]
1801 3507 1971 3558 logicus,
1993 3507 2046 3545 D.
2157 3507 2186 3531 ¹¹
2215 3507 2328 3559 quia]

583 3558 704 3608 quod,
726 3560 787 3598 ed.
808 3573 868 3612 pr.
890 3574 983 3600 cum
1004 3562 1050 3601 C.
1072 3562 1226 3613 primae
1244 3575 1399 3601 manus.
