2424 4120
366 395 471 462 428

1048 391 1472 456 JoANNJS
1543 390 1895 441 WJCLJF
2220 409 2352 446 m...
2422 432 2424 434 ,

679 527 909 588 Operariz'
928 534 1090 574 autem
1114 535 1160 574 et
1184 533 1285 573 tota
1308 525 1510 574 ecclesia
1528 525 1852 573 addiscerent¹
1873 524 2032 587 legem
2050 523 2354 573 obedientiae

606 609 914 670 repugnandO,
957 607 1071 669 quia
1111 622 1224 655 cum
1264 606 1533 669 praetendit
1575 621 1627 654 se
1669 621 1774 654 esse
1817 605 1994 655 Christi
2033 605 2262 654 vicarium
2307 611 2356 653 et

608 689 866 737 defendere
908 689 1068 751 legem
1107 703 1259 746 suam,
1299 688 1477 736 debent
1516 687 1746 750 prosequi
1786 686 1913 735 istud
1949 686 2132 735 dictum
2168 692 2220 733 et
2253 699 2356 733 non

607 770 964 818 communicare
995 785 1107 817 cum
1138 770 1220 817 tali
1244 768 1439 817 diabolo
1464 769 1556 816 nisi
1579 767 1914 830 repugnando.
1990 767 2172 816 Clerici
2195 773 2358 815 autem

608 851 786 898 debent
827 852 1011 899 acutius
1049 851 1294 914 publicare
1332 851 1474 899 istam
1513 851 1778 908 materiam,
1817 858 1865 898 et
1905 864 2098 898 narrare
2145 847 2357 896 dominis

610 947 666 980 ac
720 932 889 980 mundi
935 933 1244 995 principibus,
1292 932 1544 994 quomodo
1590 931 1820 994 patientia
1866 946 1954 979 sua
1997 929 2250 979 temeraria
2300 942 2358 975 ac

610 1029 852 1062 consensu
877 1029 979 1071 suo,
1000 1028 1097 1075 quo
1118 1017 1128 1037 ‘
1145 1028 1246 1060 non
1267 1013 1446 1076 J’uvant’
1463 1020 1666 1060 matrem
1691 1027 1829 1060 suam
1848 1016 1860 1036 ‘
1876 1027 1967 1060 nec
1985 1009 2358 1074 reprehendunt'

609 1095 727 1144 tales
764 1095 996 1152 diabolos,
1035 1094 1121 1142 sed
1155 1095 1316 1156 potius
1351 1109 1437 1141 eos
1479 1094 1692 1141 nutriunt
1727 1101 1774 1142 et
1809 1093 2087 1152 defendunt,
2121 1091 2215 1155 ipsi
2249 1097 2361 1139 sunt

591 1172 757 1225 ‘causa
776 1175 1076 1234 damnabilis,
1097 1190 1244 1237 quare
1263 1183 1450 1223 tantum
1469 1175 1650 1222 malum
1669 1176 1826 1222 evenit
1844 1175 1982 1223 matri
2001 1188 2132 1231 suae,
2148 1180 2196 1230 et
2211 1186 2360 1235 quare

610 1273 759 1320 regna
784 1272 871 1305 sua
896 1265 1004 1306 sunt
1030 1257 1096 1305 sic
1121 1257 1446 1320 depauperata
1469 1264 1516 1304 et
1540 1271 1626 1319 per
1651 1255 1870 1306 diabolos
1896 1255 2194 1304 conturbata.

1366 1635 1523 1684 CAP.
1560 1637 1622 1684 V.

1141 1767 1216 1814 De
1235 1768 1467 1831 religiosis
1482 1768 1842 1829 possessz'onalzlr.

687 1893 1058 1957 Consequenter
1083 1896 1145 1943 ad
1171 1896 1298 1944 dicta
1321 1905 1395 1944 est
1427 1896 1632 1959 aliquid²
1655 1897 1706 1943 de
1739 1896 1972 1958 relzgrz'oszlr
2002 1895 2180 1944 nostris
2191 1902 2368 1956 posses-

504 1971 564 2032 igfi
618 1978 810 2023 sz‘onalz's
835 1985 882 2024 et
906 1978 1090 2025 clericis
1115 1979 1508 2040 supponendum.
1567 1978 1669 2041 Ipsi
1693 1979 1824 2025 enim
1848 1994 1907 2026 ex
1933 1977 2194 2036 dotatione,
2221 1991 2370 2039 quam

621 2066 791 2106 contra
814 2059 973 2120 legem
999 2059 1174 2115 Christi
1199 2060 1489 2122 suscipiunt3
1513 2068 1559 2108 et
1587 2059 1866 2116 defendunt,
1892 2066 2004 2106 sunt
2022 2062 2034 2083 ‘
2049 2058 2370 2107 meridianum

623 2137 988 2197 daemonium&
1009 2148 1060 2187 ut
1085 2141 1372 2202 supponitur
1397 2156 1458 2187 ex
1483 2140 1593 2187 alibi
1618 2140 1883 2188 declaratis.
1944 2138 2051 2187 Nec
2076 2138 2235 2187 solum
2259 2145 2372 2186 sunt

621 2220 846 2268 haeretici
884 2221 1073 2279 novelli,
1118 2222 1202 2269 sed
1243 2222 1305 2268 ad
1347 2219 1604 2270 damnum⁶
1644 2221 1875 2269 ecclesiae
1917 2220 2096 2269 diaboli
2135 2219 2343 2268 indurati
2357 2234 2370 2278 3

622 2302 756 2365 quod
790 2309 920 2364 patet
955 2318 1017 2350 ex
1054 2317 1142 2350 suo
1180 2318 1328 2364 opere
1364 2311 1411 2350 et
1446 2318 1534 2350 sua
1570 2302 1887 2351 sollicitudine
1923 2315 2072 2364 quam
2105 2300 2285 2349 habent
2308 2299 2373 2348 ad

623 2398 761 2432 suam
792 2383 1030 2430 haeresim
1064 2383 1439 2442 defendendum,
1466 2399 1578 2431 cum
1611 2399 1755 2446 supra
1786 2383 1908 2431 vires
1938 2382 2176 2431 humanas
2198 2381 2372 2430 vellent

623 2465 709 2511 niti
740 2463 907 2511 fideles
941 2464 1209 2526 deprimere
1241 2472 1342 2512 tam
1373 2465 1620 2512 laboribus
1652 2479 1799 2527 quam
1832 2454 2072 2527 expensis,
2097 2464 2180 2527 qui
2202 2464 2371 2512 innue-

622 2545 752 2593 rent⁶
792 2546 927 2607 ipsos
974 2546 1037 2593 ad
1084 2546 1301 2608 regulam
1344 2545 1520 2594 Christi
1566 2546 1810 2604 reducere,
1858 2554 1905 2593 et
1950 2560 2148 2604 errores,
2195 2545 2370 2608 quibus

624 2627 815 2684 instant,
842 2627 1094 2689 expellere.
1167 2626 1266 2675 Sed
1290 2643 1414 2690 quae
1446 2628 1685 2676 conditio⁷
1718 2627 1874 2689 magis
1905 2628 2132 2689 opposita
2155 2622 2371 2675 caritati?

627 2711 638 2732 ‘
656 2707 841 2755 Caritas
884 2708 1016 2755 enim
1057 2708 1246 2771 patiens
1287 2709 1382 2756 est'
1428 2709 1703 2758 sufferendo
1750 2708 2034 2771 personales,
2069 2707 2280 2772 injurias,
2320 2715 2374 2756 ut

626 2797 757 2851 patet
801 2804 821 2835 1
863 2788 1079 2837 Corinth.
1118 2790 1241 2850 xiii.;
1297 2798 1343 2838 et
1379 2799 1511 2853 patet
1552 2791 1612 2838 de
1654 2789 1861 2847 Christo,
1903 2797 1957 2837 ut
1999 2789 2166 2837 Petrus
2206 2789 2373 2837 recitat

634 2885 654 2916 1
697 2870 824 2917 Petri
867 2871 1111 2919 secundo:
1162 2876 1173 2895 ‘
1190 2887 1301 2919 cum
1342 2873 1719 2929 malediceretur,
1755 2886 1856 2918 non
1891 2870 2222 2929 maledicebat,
2258 2885 2372 2918 cum

628 2959 868 3014 pateretur
905 2967 1007 2999 non
1044 2953 1459 3001 comminabatur.’
1531 2952 1678 3001 Tales
1713 2961 1877 3000 autem
1912 2952 2156 3000 inveterati
2191 2951 2372 3000 diaboli

629 3047 731 3080 non
778 3032 937 3079 solum
983 3048 1085 3080 non
1131 3034 1374 3095 patiuntur
1415 3033 1625 3096 injurias,
1669 3033 1756 3081 sed
1802 3048 1905 3080 non
1950 3033 2193 3095 patiuntur
2237 3031 2374 3094 quod

631 3111 825 3176 aliquis⁸
869 3121 1036 3176 tangat
1077 3122 1213 3162 sanet
1247 3114 1322 3162 vel
1362 3115 1554 3177 adJuvet
1596 3129 1737 3162 suum
1771 3114 2011 3161 morbum.
2080 3112 2144 3160 Et
2177 3114 2268 3161 ista
2301 3120 2377 3160 est

631 3195 845 3243 conditio
893 3210 1085 3243 summa
1131 3195 1334 3256 diaboli;
1388 3211 1503 3243 nam
1550 3196 1763 3244 conditio
1810 3195 1932 3243 foret
1979 3194 2200 3253 caritatiS,
2247 3209 2374 3257 quae

687 3354 702 3377 ¹
729 3352 1004 3406 addiscerent]
1024 3353 1234 3399 edisceret,
1254 3353 1346 3392 A.a.
1537 3351 1553 3375 ²
1581 3351 1754 3403 aliquid]
1774 3350 1899 3398 aliud,
1919 3350 1967 3391 C.
2086 3349 2103 3373 ³
2129 3347 2374 3402 suscipiunt]

635 3408 846 3453 sustinent,
867 3408 916 3448 C.
1094 3406 1110 3430 ⁴
1137 3408 1188 3448 cf.
1210 3409 1276 3447 Ps.
1296 3407 1373 3447 xci.
1394 3405 1432 3452 6,
1454 3406 1577 3458 Vulg.
1705 3406 1720 3429 ⁵
1747 3404 1965 3456 damnum]
1985 3403 2304 3449 damnationem,
2324 3402 2374 3443 C.

633 3461 909 3555 ⁶linnugrent]
930 3461 1159 3508 innuerunt,
1181 3463 1229 3502 C.
1392 3460 1408 3484 ⁷
1437 3459 1639 3512 conditio]
1661 3459 1942 3505 contradictiO,
1955 3459 2003 3500 C.
2167 3457 2184 3482 ⁸
2208 3455 2376 3510 aliquis]

634 3529 658 3555 a
675 3528 748 3562 lus,
807 3546 815 3556 .
