2496 4108
325 767 507 786 uuuuuuuuu

1081 412 1510 476 JOANNIS
1581 414 1933 464 WICLIF
2231 435 2390 465 ΜΕΝ.

645 546 706 593 ad
730 547 967 593 honorem
991 545 1085 592 Dei
1110 554 1156 593 et
1180 546 1431 594 utilitatem
1462 547 1741 595 universalis
1773 549 2017 596 ecclesiae.
2089 548 2234 598 Unde
2258 549 2391 598 vide-

644 635 718 674 tur
753 627 884 684 mihi,
923 626 1057 688 quod
1097 628 1367 675 notabiliter
1405 628 1564 676 deficit
1600 644 1627 676 a
1664 629 1857 677 caritate
1892 629 2107 691 perfecta
2141 637 2190 678 et
2224 645 2391 678 amore
2419 650 2422 654 ·

644 708 769 770 regis
814 708 886 755 sui
930 716 976 755 et
1018 709 1168 770 regni,
1208 711 1290 771 qui
1333 710 1474 772 prae1
1516 711 1686 757 timore
1729 710 2002 758 amissionis
2049 711 2390 774 temporalium

645 797 690 836 et
739 789 976 836 amicitiae
1026 797 1335 851 satraparum,
1386 791 1485 837 imo
1534 791 1615 852 qui
1663 798 1860 852 propter
1909 791 2223 839 amissionem
2269 791 2393 839 vitae

646 870 861 931 corporis
893 870 1014 918 haec
1046 871 1269 918 obmittit.
1340 871 1388 918 N
1392 887 1447 919 ec
1482 872 1681 919 dubium
1715 873 1832 934 quin
1865 873 2074 935 apostoli
2107 881 2154 920 et
2178 873 2257 920 alii
2289 887 2394 920 cor-

645 952 742 998 dati
779 951 954 999 Christi
991 952 1210 1015 discipuli
1245 968 1399 1015 usque
1436 954 1499 1000 ad
1537 961 1744 1000 mortem
1780 954 1922 1000 istam
1958 954 2249 1002 sententiam
2279 968 2396 1017 pro-

643 1029 956 1095 mulgarunt2.
1028 1033 1136 1080 Rex
1173 1041 1335 1082 autem
1374 1042 1421 1081 et
1458 1050 1663 1096 regnum
1701 1036 1752 1081 in
1789 1035 1908 1082 isto3
1946 1043 2056 1083 sunt
2096 1035 2396 1083 damnabiles

643 1129 702 1161 ex
745 1129 1002 1161 consensu.
1092 1114 1214 1173 Quis
1256 1131 1373 1178 ergo
1412 1116 1565 1163 fidelis
1604 1116 1707 1178 ejus
1749 1116 1930 1179 legius4
1966 1117 2017 1163 in
2059 1116 2155 1165 hoc
2191 1124 2397 1180 peccato

642 1196 855 1242 maximo
897 1196 1146 1252 reticeret?
1217 1196 1493 1262 Auctorisat
1533 1199 1665 1244 enirn
1705 1213 1789 1244 rex
1829 1206 2085 1259 peccatum
2127 1199 2397 1247 maximUffl

643 1277 755 1323 cleri
782 1277 854 1324 sui
882 1284 928 1323 et
953 1277 1020 1324 sic
1046 1277 1257 1325 radicem
1281 1279 1482 1339 peccati,
1509 1293 1594 1339 per
1618 1278 1753 1339 quod
1778 1293 1983 1339 regnum
2007 1279 2142 1341 quod
2165 1278 2396 1344 regeret⁵‚

644 1366 717 1405 est
752 1358 996 1405 infectum.
1066 1358 1128 1406 Et
1165 1375 1277 1406 cum
1304 1359 1366 1423 ad
1389 1374 1558 1406 verum
1594 1359 1807 1422 seculare
1847 1359 2118 1407 dominium
2147 1359 2399 1422 requiritur

641 1440 822 1502 justitia
862 1440 1169 1499 dominantis,
1207 1456 1331 1503 quae
1373 1450 1611 1503 repugnat
1652 1430 1764 1488 huic
1805 1429 2010 1499 crimini,
2047 1441 2232 1488 videtur
2263 1439 2399 1504 quod

644 1538 728 1569 rex
762 1530 814 1572 ,et
849 1523 986 1584 regni
1030 1523 1101 1570 sui
1142 1539 1369 1590 proceres
1406 1523 1549 1571 nimis
1586 1522 1909 1584 perfunctorie
1947 1523 2272 1591 dominantur.
2345 1521 2397 1569 Si

646 1605 776 1650 enim
802 1605 1068 1652 secundum
1101 1605 1261 1666 legem
1285 1593 1507 1667 Anghae,⁴
1533 1611 1731 1651 tenente*
1761 1603 2015 1651 frustrante
2049 1603 2293 1651 servitium
2325 1603 2399 1650 sui

648 1686 862 1746 capitalis
906 1686 1091 1733 domini
1133 1702 1219 1748 per
1260 1687 1526 1744 biennium,
1565 1687 1673 1733 licet
1717 1685 1908 1747 capitali
1949 1684 2150 1733 domino
2194 1685 2255 1733 de
2293 1685 2425 1748 jure

647 1768 776 1829 regis
817 1768 1023 1830 Angliae
1073 1784 1244 1830 capere
1286 1769 1401 1816 illud
1449 1769 1719 1815 dominium
1767 1768 1830 1814 ad
1875 1782 1990 1815 usus
2039 1767 2128 1815 sibi
2173 1767 2422 1830 proprios:

648 1850 905 1910 tanquam⁶
931 1850 1129 1911 indigne
1154 1866 1240 1912 per
1264 1866 1405 1898 suurn
1431 1851 1677 1897 subditum
1701 1857 2009 1911 occupatum,
2035 1856 2220 1911 quanto
2242 1839 2422 1910 magiss'

648 1930 757 1977 licet
781 1932 883 1992 regi
908 1947 1078 1993 regum
1105 1932 1370 1996 confiscare
1407 1932 1622 1978 dominia
1646 1945 1924 1992 regnorum,
1951 1930 1989 1977 si
2015 1929 2232 1978 debitum
2254 1944 2397 1977 suum

651 2012 892 2059 servitium
933 2029 1019 2074 per
1060 2013 1308 2074 multiplex
1349 2013 1598 2060 biennium
1637 2012 1694 2059 sit
1732 2012 1984 2059 dimissum
1998 2027 2031 2070 3«
2067 2026 2179 2059 cum
2221 2011 2401 2059 debent

650 2094 823 2140 servire
866 2093 1058 2141 Christo
1100 2109 1202 2141 non
1244 2093 1621 2141 consentiendo⁷
1662 2092 1923 2154 proditorie
1973 2092 2268 2151 antichristo,
2314 2090 2401 2140 sed

650 2175 878 2237 operibus
905 2176 1000 2223 suis
1027 2174 1219 2223 Christo
1254 2175 1503 2222 contrariis
1537 2182 1772 2236 quantum
1806 2173 2049 2221 sufficiunt
2069 2173 2369 2222 adversando
2384 2189 2398 2233 ;

651 2264 795 2319 patet,
832 2272 918 2318 per
954 2265 1187 2318 quantum
1224 2265 1415 2318 tempus
1457 2264 1589 2303 tante
1633 2256 1848 2303 debitum
1884 2252 2004 2302 Dei⁸
2039 2256 2289 2303 *servitium
2328 2263 2400 2303 est

652 2338 932 2384 obmissum.
1021 2338 1084 2385 Et
1131 2346 1184 2385 ut
1224 2339 1408 2385 videtur
1454 2337 1586 2395 mihi,
1630 2337 1763 2398 quod
1811 2336 1887 2383 ille
1934 2336 2087 2398 legius
2131 2337 2274 2399 regis,
2317 2337 2400 2400 qui

652 2419 976 2467 detectionem
1009 2420 1153 2469 talem
1189 2420 1458 2476 dimitteret,
1483 2419 1605 2466 foret
1639 2433 1807 2465 vecors
1831 2414 2078 2479 proditor⁹
2098 2418 2240 2480 regis,
2263 2418 2401 2481 regni

651 2508 697 2547 et
720 2500 825 2547 Dei.
898 2501 961 2547 Et
985 2509 1218 2563 quantum
1243 2501 1305 2548 ad
1340 2500 1467 2548 istud
1499 2499 1632 2562 quod
1666 2498 1862 2556 invehiS,
1890 2499 2023 2561 quod
2051 2499 2194 2547 timor
2216 2507 2401 2562 pertur-

652 2582 858 2629 bationis
891 2597 1154 2643 regnorum
1182 2582 1375 2629 retrahit
1409 2582 1470 2629 ab
1504 2581 1790 2628 executione
1820 2581 1955 2628 istius
1981 2581 2259 2639 sententiae,
2284 2595 2402 2628 con-

654 2662 851 2710 sidera1⁰
898 2664 1148 2725 quomodo
1191 2663 1494 2711 antichristus
1535 2679 1622 2725 per
1665 2677 1779 2710 suos
1820 2662 2062 2724 principes
2105 2661 2314 2711 caecavit
2354 2669 2402 2710 et

653 2744 967 2792 vecordavit¹¹
994 2753 1185 2792 nostros
1210 2746 1382 2804 milites
1406 2745 1456 2791 in
1480 2744 1572 2791 hac
1597 2751 1746 2805 parte.
1817 2742 1950 2790 Nam
1980 2743 2043 2791 ad
2074 2743 2401 2792 invadendum

653 2842 803 2889 regna
832 2827 923 2874 alia
946 2827 997 2873 in
1030 2842 1177 2874 causa
1211 2827 1407 2889 propria
1432 2833 1479 2873 et
1513 2826 1624 2873 satis
1659 2825 1888 2887 ambigua
1921 2831 2035 2873 sunt>
2062 2824 2403 2883 audaces,·sed

654 2909 716 2955 ad
741 2909 1087 2971 complendum
1122 2923 1246 2955 onus
1279 2908 1380 2955 leve
1417 2915 1463 2954 et
1492 2907 1760 2969 juvandum
1795 2907 2035 2955 caritative
2059 2906 2243 2954 incolas
2266 2907 2403 2969 regni

656 2990 742 3047 sui,
768 3004 891 3051 quos
915 2990 1071 3051 magis
1097 2989 1275 3036 debent
1306 2988 1516 3049 diligere,
1542 2988 1593 3035 in
1622 3002 1769 3035 causa
1791 2987 1992 3036 Domini
2026 2995 2134 3035 sunt
2156 2988 2402 3038 vecordes,

655 3070 761 3119 Nec
795 3071 994 3119 dubium
1020 3071 1136 3133 quin
1162 3069 1464 3119 antichristus
1490 3084 1600 3118 cum
1626 3069 1723 3118 suis
1749 3068 2044 3132 principibus
2068 3069 2211 3118 istam
2235 3083 2401 3119 vecor-

708 3229 722 3252 1
752 3229 819 3280 qui
839 3228 955 3281 prae]
978 3228 1072 3280 quia
1090 3241 1179 3280 pro,
1201 3227 1264 3268 ed.
1284 3241 1345 3280 pr.
1554 3225 1571 3249 ²
1598 3224 1930 3280 promulgarunt]
1951 3223 2269 3279 promulgarent,
2293 3225 2400 3267 C.D.

655 3282 717 3321 ed.
737 3295 799 3334 pr.
975 3283 991 3305 ³
1018 3283 1116 3334 isto]
1140 3282 1220 3322 isto
1239 3286 1422 3335 peccato,
1444 3281 1598 3322 A.B.C.
1619 3281 1682 3320 ed.
1702 3293 1763 3332 pr.
1941 3280 1956 3302 4
1982 3279 2131 3332 legius]
2153 3279 2328 3332 longius,
2348 3281 2401 3320 A.

655 3337 855 3376 secundae
873 3349 1030 3382 manus,
1051 3336 1150 3376 B.C.
1313 3337 1328 3358 ⁵
1355 3335 1532 3387 regeret]
1548 3341 1718 3388 regerat,
1738 3334 1802 3374 ed.
1825 3347 1887 3386 pr.
2059 3334 2075 3357 ⁶
2102 3333 2180 3374 sibi
2198 3334 2401 3386 proprios,

655 3391 867 3442 tanquam]
890 3391 968 3430 sibi
987 3391 1176 3443 proprios
1195 3390 1285 3436 sibi,
1305 3389 1461 3429 A.B.C.
1477 3404 1486 3435 ;
1518 3403 1612 3429 suos
1632 3389 1832 3442 proprios,
1852 3388 1943 3434 sibi,
1963 3387 2028 3428 ed.
2048 3401 2110 3440 pr.
2273 3387 2289 3410 ⁷
2316 3400 2402 3428 non

655 3445 967 3496 consentiendo]
988 3446 1031 3484 in
1049 3458 1133 3485 non
1153 3444 1458 3489 consentiendo,
1479 3444 1533 3484 D.
1554 3444 1617 3483 ed.
1637 3457 1698 3495 pr.
2009 3442 2026 3466 ⁸
2053 3441 2154 3494 Dei]
2175 3441 2225 3487 ei,
2243 3441 2400 3482 A.B.C.

654 3498 669 3519 ⁹
697 3499 902 3550 proditor]
923 3499 1095 3544 debitor,
1117 3499 1170 3538 A.
1292 3499 1322 3523 ¹⁰
1351 3498 1581 3551 considera]
1603 3497 1829 3545 considero,
1850 3496 2005 3538 A.B.C.
2146 3496 2176 3520 Π
2203 3501 2245 3536 et
2263 3507 2399 3536 vecor-

656 3551 786 3603 davit]
808 3553 1048 3599 vecorditer,
1068 3553 1223 3593 A.B.C.
1245 3552 1308 3592 ed.
1329 3566 1391 3604 pr.
