2456 4088
132 485 284 523 cmm.
732 469 1302 522 TRIALOGUS.

131 602 489 664 separationem
513 604 704 652 animae
729 620 759 653 a
782 620 1004 668 corpore,
1028 615 1081 655 ut
1106 607 1279 657 diffuse
1304 607 1486 657 dictum
1517 617 1592 657 est
1615 610 1665 657 in
1688 611 1891 659 materia

129 680 192 730 de
235 683 570 733 incarnatione
617 701 677 733 ex
723 687 1004 736 testimonio
1052 688 1328 752 Augustini.
1417 689 1524 738 Nec
1573 692 1801 754 sequitur,
1849 692 1890 740 si

130 762 352 812 Verbum
388 768 647 830 assumpsit
687 769 829 816 istam
865 778 1100 828 naturam,
1139 779 1187 819 et
1226 772 1318 820 ista
1358 780 1529 820 natura
1565 781 1638 821 est
1678 789 1890 836 persona

127 845 295 905 Verbi,
320 847 480 910 quod¹
504 848 724 897 Verbum
743 852 1005 913 assumpsit
1024 867 1288 914 personam
1307 853 1486 913 Verbi3
1523 862 1577 902 ut
1601 870 1702 903 non
1728 857 1887 918 sequi-

126 935 218 987 tur,
238 929 278 976 si
296 928 518 978 Verbum
543 931 805 994 assumpsit
829 932 1197 992 humanitatem,
1218 949 1343 997 quae
1363 944 1436 983 est
1460 944 1632 984 natura
1655 936 1885 995 humana,

125 1009 375 1059 Verbum²
397 1026 504 1060 esse
528 1012 795 1071 hominem,
822 1014 955 1077 quod
979 1013 1200 1063 Verbum
1219 1025 1477 1078 propterea
1497 1019 1757 1081 assumpsit
1775 1035 1886 1081 per-

125 1106 299 1141 sonam
323 1092 548 1156 aliquam,
575 1095 664 1143 sed
695 1097 856 1157 coepit
888 1111 994 1144 esse
1027 1112 1237 1158 persona
1267 1097 1480 1157 hominis,
1507 1107 1555 1147 et
1588 1115 1690 1147 non
1725 1101 1887 1163 coepit

124 1187 232 1224 esse
277 1190 504 1238 persona,
552 1177 674 1224 sicut
721 1177 858 1226 Deus
905 1178 1112 1240 incepit³
1157 1194 1265 1227 esse
1308 1179 1444 1229 Deus
1490 1196 1645 1240 meUS,
1689 1190 1737 1230 et
1783 1197 1886 1229 non

123 1253 332 1320 incepit⁴
378 1272 486 1306 esse
532 1257 684 1307 Deus.
775 1258 840 1307 Et
887 1259 1130 1308 discordat
1176 1261 1268 1308 ista
1314 1263 1552 1310 sententia
1606 1265 1669 1311 ab
1723 1279 1885 1311 errore

122 1337 331 1403 Pelagii,
378 1339 511 1397 Arii,
559 1348 607 1389 et
654 1340 857 1389 aliorum
903 1341 1272 1400 haereticorum,
1317 1345 1400 1406 qui
1448 1345 1498 1391 in
1543 1345 1636 1393 ista
1683 1347 1886 1394 materia

125 1430 416 1480 erraverunt,
436 1430 490 1470 ut
515 1437 743 1485 suppono
769 1422 857 1470 ex⁵
876 1423 1127 1472 declaratis
1151 1425 1201 1470 in
1225 1432 1429 1474 tractatu
1453 1426 1514 1474 de
1538 1427 1884 1475 incarnatione.

122 1501 231 1551 Nec
265 1503 423 1562 vide0,
459 1505 712 1566 quomodo
755 1520 896 1553 casus
939 1520 1228 1554 communes
1270 1507 1417 1569 positi
1455 1508 1516 1556 de
1553 1510 1884 1571 assumptione

120 1583 382 1633 multarum
405 1593 686 1634 naturarum
709 1586 965 1634 hominum
990 1595 1195 1649 possunt
1219 1590 1415 1650 probari
1434 1590 1509 1637 vel
1534 1589 1678 1638 credi.
1736 1589 1882 1639 Unde

120 1680 224 1714 non
270 1675 463 1730 oportet
510 1682 691 1730 negare
737 1668 1017 1731 hujusmodi
1066 1669 1623 1732 syllogismos‚——omnis
1673 1688 1884 1735 persona

121 1747 274 1796 Verbi
311 1757 386 1797 est
409 1748 594 1808 Petrus,
621 1750 782 1797 omnis
808 1749 984 1797 Paulus
1021 1758 1094 1797 est
1129 1766 1342 1812 persona
1371 1752 1539 1811 Verbi,
1566 1769 1684 1815 ergo
1721 1755 1883 1802 omnis

122 1828 303 1878 Paulus
328 1838 402 1879 est
425 1830 610 1879 Petrus.
682 1830 789 1879 Nec
813 1831 955 1879 video
981 1832 1098 1894 quin
1123 1831 1248 1880 foret
1273 1834 1588 1895 superfluum,
1615 1836 1750 1897 quod
1774 1851 1882 1898 per-

121 1925 249 1960 sona
272 1911 423 1973 Verbi
448 1913 623 1962 multas
647 1912 970 1961 humanitates
995 1921 1274 1972 assumeret,
1300 1915 1376 1962 vel
1412 1915 1545 1978 quod
1569 1916 1748 1964 multae
1773 1932 1882 1979 per-

119 2007 271 2042 sonae
291 1994 502 2043 eandem
518 1994 869 2043 humanitatem
889 2002 1217 2055 assumerent3
1257 2003 1303 2043 et
1322 2012 1410 2059 per
1434 2012 1745 2059 consequens
1770 2013 1883 2046 cum

117 2089 267 2123 omne
303 2076 601 2139 superfluum
636 2075 760 2124 foret
796 2077 847 2123 in
883 2076 994 2124 Deo
1038 2076 1316 2139 simpliciter
1357 2078 1671 2140 impossibile,
1709 2095 1883 2129 omnes

123 2156 243 2206 tales
267 2173 411 2208 casus
435 2158 641 2207 inaniter
664 2158 809 2221 positi
842 2166 953 2206 sunt
984 2158 1264 2221 simpliciter
1295 2160 1633 2222 impossibiles
1705 2162 1768 2209 Et
1793 2163 1884 2211 ista

119 2239 359 2288 sententia
403 2239 552 2290 habet
598 2240 815 2289 colorem
863 2256 924 2288 ex
968 2240 1121 2299 dictis,
1165 2241 1300 2303 quod
1342 2256 1491 2290 omne
1533 2244 1766 2305 possibile
1809 2254 1881 2293 est

115 2335 297 2380 verum,
333 2331 382 2372 et
415 2323 550 2387 quod
585 2338 688 2371 non
724 2330 915 2385 oportet
939 2324 990 2370 in
1013 2322 1124 2370 Deo
1161 2338 1350 2371 servare
1385 2325 1628 2386 potentias
1664 2317 1877 2375 infinitas

115 2402 379 2454 formaliter
408 2405 670 2469 loquendo,
695 2420 901 2468 quarum
935 2405 1066 2452 nulla
1097 2405 1319 2467 procedit
1351 2406 1427 2452 in⁶
1461 2415 1640 2462 actum,
1666 2416 1718 2456 ut
1742 2410 1878 2471 quod

115 2483 252 2536 Deus
287 2493 450 2549 potest
483 2501 730 2536 assumere
766 2494 990 2534 naturam
1013 2494 1148 2533 tuam
1173 2494 1220 2534 et
1245 2487 1362 2535 alias
1399 2488 1614 2537 infinitas
1627 2505 1640 2548 ;
1692 2498 1740 2538 et
1765 2507 1877 2539 cum

116 2566 367 2630 superfluit
389 2568 463 2616 vel
486 2569 649 2632 potius
673 2583 779 2616 non
806 2568 1010 2630 proficit,
1038 2568 1172 2630 quod
1195 2576 1359 2629 potest
1383 2584 1630 2618 assumere
1653 2580 1876 2619 naturam

115 2658 264 2709 tuam,
301 2658 350 2699 et
385 2651 455 2700 sic
491 2651 553 2699 de
589 2651 805 2708 caeteris,
831 2665 978 2712 quam
1014 2650 1176 2712 quod⁷
1197 2657 1358 2712 potest
1394 2650 1573 2714 negare
1610 2667 1661 2700 se
1697 2654 1874 2715 ipsum.

114 2733 178 2783 Et
202 2740 386 2782 certum
410 2743 497 2791 est,
523 2731 657 2795 quod
690 2746 862 2779 omnes
898 2731 1154 2779 adversarii
1186 2733 1407 2780 nesciunt
1435 2734 1643 2795 probare
1669 2735 1876 2796 possibi-

113 2815 297 2863 litatem
332 2813 499 2863 talium
535 2828 752 2871 casuum,
790 2821 840 2860 ut
876 2812 1009 2875 quod
1045 2812 1181 2860 Deus
1217 2820 1376 2876 potest
1412 2829 1518 2862 esse
1554 2814 1718 2863 asinus
1755 2823 1875 2874 etc.;
1922 2831 1928 2836 ⁸

115 2896 244 2949 bene
283 2903 449 2944 tamen
483 2903 558 2943 est
591 2910 772 2952 verum,
810 2894 945 2956 quod
986 2901 1147 2956 potest
1189 2894 1229 2941 si
1269 2894 1392 2942 velit.
1480 2894 1544 2942 Et
1584 2895 1674 2943 ista
1712 2896 1877 2958 glossa

6 3000 10 3001 ⁷
61 3035 64 3038 Δ
116 2976 403 3028 satisfaciet⁸
429 2977 702 3040 cuicunque
728 2977 858 3024 dicto
884 2976 958 3023 vel
982 2976 1154 3024 rationi
1180 2972 1257 3023 in⁹
1281 2977 1564 3039 oppositum
1588 2976 1846 3039 allegando
1860 2995 1873 3038 ;

114 3067 164 3110 et
196 3075 287 3124 per
307 3059 404 3108 hoc
441 3059 692 3107 exonerati
729 3073 896 3106 sumus
933 3073 962 3105 a
998 3057 1167 3106 studiis
1203 3066 1251 3106 et
1286 3058 1689 3120 occupationibus
1714 3059 1876 3108 multis

115 3141 381 3206 superfluiS,
421 3141 597 3204 quibus
641 3141 768 3188 circa
810 3154 953 3187 casus
995 3147 1042 3187 et
1080 3140 1426 3202 responsiones
1463 3139 1690 3187 haeretici
1728 3155 1875 3188 occu-

113 3231 303 3288 pantur.
376 3222 624 3271 Salubrius
664 3221 864 3285 quidem
905 3228 979 3269 est
1021 3221 1213 3270 studere
1249 3222 1470 3269 veritates
1512 3221 1690 3270 solidas
1727 3236 1875 3284 quam

168 3388 184 3414 ¹
241 3388 343 3441 uod]
365 3388 478 3442 quod
497 3394 607 3434 tunc,
628 3387 784 3428 A.C.B.
806 3387 1007 3427 secundae
1026 3399 1183 3426 manus.
1380 3386 1396 3409 ²
1422 3387 1612 3440 verbum]
1633 3388 1747 3428 verbi
1767 3389 1874 3440 quia,

115 3442 183 3490 A..
209 3400 257 3484 g.
277 3443 480 3484 secundae
498 3455 657 3482 manus.
878 3442 892 3464 ³
920 3440 1095 3493 incepit]
1116 3441 1272 3493 incipit,
1292 3441 1355 3480 ed.
1375 3454 1436 3494 pr.
1655 3441 1670 3465 ¹
1698 3442 1872 3496 incepit]

96 3487 271 3553 incipit,
291 3497 355 3537 ed.
375 3510 437 3550 pr.
631 3496 646 3519 ⁵
674 3508 723 3536 ex
764 3495 827 3541 de,
849 3496 953 3535 A.B.
1157 3496 1171 3515 ‘³
1200 3494 1262 3547 in]
1284 3495 1350 3540 ad,
1370 3495 1433 3535 ed,
1454 3509 1516 3548 pr.
1706 3495 1723 3519 '¹
1750 3509 1873 3550 quam

114 3551 246 3604 quod]
268 3552 392 3604 quod,
412 3551 475 3592 ed.
496 3564 558 3603 pr.
768 3549 1009 3601 satisfaciet]
1032 3548 1242 3595 satisfacit,
1265 3549 1319 3589 D.
1340 3549 1403 3590 ed.
1423 3562 1485 3603 pr.
1651 3549 1667 3574 ⁹
1695 3550 1756 3604 in]
1779 3564 1873 3592 cum

110 3605 167 3652 in,
186 3605 250 3648 ed.
270 3619 331 3659 pr.

183 3689 483 3725 anALoGUS.
988 3688 1018 3729 Q

2025 486 2129 541 225
