2424 4120
6 379 12 426 ³
77 388 83 412 ³
129 439 281 474 «μη
722 418 832 467 TR
850 419 940 467 [Α
967 420 1014 468 L
1038 420 1082 470 ο
1102 420 1150 470 G
1174 420 1291 470 US.
2026 418 2132 489 389

42 540 75 624 :J
126 545 372 603 liberalior
417 562 466 602 et
507 555 865 604 munificentior
906 571 1055 619 quam
1095 556 1268 618 aliquis
1306 556 1534 604 dominus
1575 555 1855 618 temporalis
1869 571 1883 614 ;

10 656 11 659 ’
112 636 220 686 ‘sed
242 635 430 684 domini
452 637 746 699 temporales
770 653 830 684 ex
855 637 1042 684 ratione
1068 637 1141 684 sui
1167 638 1369 685 dominii
1394 638 1443 684 in
1468 636 1589 685 fine¹
1615 637 1885 700 praemiant

59 739 81 761 1
130 719 297 767 servos
332 731 474 776 suos;
524 732 643 779 ergo
668 724 824 765 stante
848 718 1022 780 majori
1045 717 1258 766 ratione²
1281 734 1396 766 cum
1420 718 1679 767 infinitate³
1702 719 1884 767 virtutis

24 794 27 797 ¹
128 813 191 847 ex
226 805 363 860 parte
397 796 506 856 Dei,
542 798 757 860 sequitur
793 798 928 861 quod
966 799 1070 860 ipse
1110 814 1277 849 servos
1318 800 1458 847 suos⁴
1501 800 1703 848 finaliter
1746 815 1883 862 prae-

128 879 296 928 miabit
308 895 322 939 ;
377 878 468 927 sed
502 893 606 926 non
640 879 691 926 in
726 879 837 927 hac.
853 879 951 927 vita
975 880 1146 941 plene⁵,
1183 888 1236 927 ut
1270 889 1414 942 patet,
1452 897 1569 943 ergo
1605 881 1885 944 relinquitur

65 979 69 985 “
127 960 236 1012 talis
276 959 560 1023 praemiatio
601 974 691 1022 pro
733 959 908 1008 futuro,
980 960 1088 1010 Nec
1138 961 1311 1010 sufficit
1357 963 1640 1024 praemiatio
1689 963 1793 1010 sola
1833 963 1884 1012 in

128 1042 310 1105 spiritu,
335 1041 450 1105 quia
480 1048 652 1090 natura
682 1041 902 1104 corporis
927 1042 1050 1090 sicut
1075 1050 1148 1090 est
1179 1045 1506 1106 participative
1530 1045 1790 1103 rationaliS‚
1815 1045 1884 1093 sic

127 1129 338 1172 meretur
359 1138 575 1186 poenam
598 1123 672 1171 vel
695 1124 942 1186 gaudium,
968 1132 1020 1172 ut
1053 1133 1236 1173 tactum
1264 1133 1338 1174 est
1371 1126 1432 1174 de
1464 1126 1679 1175 homine.
1752 1126 1886 1174 Sicut

63 1239 72 1271 3
126 1219 246 1269 ergo
269 1212 506 1268 repugnat
529 1204 719 1253 divinae
743 1205 1010 1254 liberalitati
1036 1214 1180 1269 atque
1209 1207 1434 1270 justitiae,
1461 1208 1596 1270 quod
1620 1223 1723 1256 non
1747 1217 1886 1256 erunt

51 1276 67 1340 [ἶ
126 1285 366 1351 personae
389 1286 646 1334 hominum
670 1286 873 1334 finaliter
897 1288 1204 1349 praemiatae,
1232 1289 1301 1337 sic
1326 1286 1499 1337 etiam⁶
1522 1297 1761 1352 repugnat
1784 1305 1885 1351 quo

128 1366 192 1418 ad
232 1368 675 1416 remunerationem
716 1375 916 1416 naturae
961 1384 1240 1432 corporeae.
1330 1369 1476 1418 Unde
1518 1369 1628 1433 Job.
1667 1371 1765 1417 xix.
1807 1370 1885 1417 ille

53 1447 70 1519 ᾗ
128 1462 338 1512 magnus
373 1448 700 1512 ‘philosophus
742 1449 975 1498 audenter
1011 1452 1206 1499 asserit:
1258 1456 1269 1476 ‘
1289 1450 1402 1499 Scio
1438 1452 1573 1514 quod
1607 1450 1887 1514 redemptor

12 1558 16 1562 =
51 1546 65 1586 2
127 1542 268 1580 meus
291 1530 417 1589 vivit,
442 1538 491 1579 et
513 1531 566 1578 in
589 1531 858 1579 novissimo
885 1532 962 1580 die
988 1532 1048 1580 de
1082 1541 1208 1581 terra
1240 1541 1592 1581 resurrecturus
1618 1547 1740 1592 sum,
1765 1541 1812 1580 et
1835 1533 1886 1579 in

52 1610 61 1650 f
126 1628 272 1662 carne
296 1627 407 1661 mea
428 1612 606 1661 videbo
632 1610 793 1660 Deum
827 1613 1115 1662 salvatorem
1145 1612 1341 1662 meum!
1412 1613 1501 1662 Et⁷
1525 1614 1701 1662 talibus
1725 1613 1887 1661 multis

125 1695 415 1744 testimoniis
462 1709 575 1742 cum
622 1693 863 1742 evidentia
910 1695 1113 1743 naturali
1159 1696 1434 1757 quietantur
1482 1695 1648 1743 fideles
1696 1696 1746 1742 in
1793 1695 1887 1742 isto

42 1781 66 1826 ,ἴ
124 1776 328 1825 articulo
346 1775 475 1836 fidei,
493 1774 630 1839 quod
647 1775 809 1824 cuncti
834 1775 1058 1825 homines
1083 1785 1195 1825 sunt
1213 1784 1313 1825 tam
1332 1791 1536 1840 corpore
1557 1791 1706 1839 quam
1725 1777 1888 1824 anima

58 1867 61 1869 ’
125 1858 397 1907 surrecturi.

859 2101 1018 2150 CAP.
1056 2100 1160 2148 XL.

774 2224 850 2272 De
857 2225 1041 2288 judicio
1065 2225 1235 2271 ultimo.

49 2399 56 2412 ἱ
193 2349 400 2399 Almia.
471 2347 598 2396 Satis
623 2348 814 2410 quietor
838 2347 889 2394 in
913 2347 1007 2395 isto
1034 2346 1264 2405 articulo;
1304 2346 1391 2394 sed
1416 2346 1508 2404 dic,
1534 2362 1673 2409 rogo,
1700 2347 1886 2405 clarius,

59 2467 61 2469 ·
126 2443 276 2496 quare
311 2438 505 2494 oportet
539 2444 648 2478 esse
683 2444 838 2477 unum
863 2428 1123 2476 universale
1139 2427 1380 2490 judicium
1416 2428 1703 2486 ultimatum‚
1730 2437 1777 2477 et
1804 2429 1887 2476 ubi

41 2525 56 2570 -ἢ
125 2498 215 2561 erit
237 2520 287 2561 et
310 2511 525 2575 quand0.

101 2572 105 2583 ¹
133 2614 141 2619 ⁴
195 2593 466 2642 Phrenesis.
538 2592 656 2640 Non
681 2591 883 2640 dubium
907 2591 1025 2653 quin
1049 2591 1136 2638 erit
1159 2605 1313 2637 unum
1337 2590 1608 2638 ultimatum
1637 2591 1887 2653 judicium,
1944 2606 2098 2668 {22⁵⁶igm
2111 2607 2174 2634 uni.

40 2670 73 2722 s
125 2674 286 2742 quod⁸
317 2682 517 2723 vocatur
551 2677 563 2698 ‘
579 2673 683 2721 dies
706 2672 924 2720 Domini’
958 2672 1009 2718 in
1045 2671 1293 2733 scriptura,
1327 2671 1441 2732 quia
1477 2671 1597 2718 sicut
1630 2672 1888 2720 adversarii
1947 2681 2016 2702 ⁶⁵⁵2
2028 2675 2183 2709 Pmba‘u‘·

39 2787 56 2798 ι
84 2777 94 2787 ·
126 2764 390 2806 tractantes
423 2755 483 2804 de
516 2770 638 2818 pace
674 2769 846 2802 eorum
880 2754 1127 2801 ascribunt
1157 2752 1354 2799 habenti
1387 2766 1477 2814 pro
1511 2751 1588 2798 die
1620 2751 1701 2799 illo
1737 2753 1888 2801 victo-

38 2869 45 2879 ,
125 2839 263 2897 riam,
313 2838 444 2887 diem
491 2837 624 2885 illum
633 2834 666 2895 ⁹,
709 2843 841 2899 patet
887 2834 1241 2892 rationabiliter,
1285 2848 1397 2881 cum
1438 2832 1683 2880 Dominus
1729 2842 1844 2881 tunc
1853 2834 1889 2861 ¹⁰

129 2920 335 2970 finaliter
374 2919 671 2984 praevalebit
714 2925 886 2966 contra
922 2917 1172 2964 diabolum
1215 2931 1271 2962 ac
1318 2914 1486 2962 omnia
1527 2917 1748 2963 membra
1785 2932 1885 2975 sua,
1934 2981 1940 2988 „

25 2995 47 3063 J
126 3002 266 3066 quod
288 3002 368 3051 illa
385 3010 584 3051 vocetur
609 3005 621 3026 ‘
640 3001 744 3049 dies
762 2999 966 3048 Domini
979 2998 1007 3058 ;'
1046 3006 1094 3046 et
1118 2998 1209 3046 sub
1233 2998 1323 3045 ista
1349 3012 1434 3059 spe
1459 2997 1624 3044 fideles
1648 2997 1888 3046 humiliter

125 3083 333 3133 tolerant
366 3083 566 3147 injurias
603 3082 694 3130 sibi
728 3081 894 3138 factas,
929 3078 1182 3128 credentes
1218 3078 1352 3142 quod
1387 3087 1503 3126 tunc
1539 3086 1679 3126 erunt
1713 3079 1885 3128 rectifi-

127 3164 264 3215 Catae
305 3164 369 3214 ad
408 3165 609 3228 plenum
651 3171 699 3211 et
739 3162 1081 3225 gratiosissime
1120 3160 1376 3223 judicatae.
1448 3158 1510 3207 Et
1551 3168 1788 3221 quantum
1823 3160 1885 3217 ad

48 3307 54 3323 ι
182 3286 198 3312 ¹
225 3286 270 3328 in
287 3285 388 3339 fine]
408 3286 452 3326 in
469 3285 608 3331 finem,
627 3284 675 3324 B.
692 3283 757 3324 ed.
777 3296 840 3335 pr.
950 3282 967 3305 2
994 3281 1174 3334 ratione]
1193 3280 1451 3327 liberalitate,
1470 3279 1626 3320 A.B.C.
1755 3280 1770 3303 ³
1797 3279 1886 3320 infi-

58 3355 61 3358 ⁴
128 3341 282 3394 nitate]
309 3340 508 3386 infinitae,
537 3339 638 3380 B.C.
668 3338 825 3391 primae
852 3349 1012 3382 manus,
1041 3337 1104 3376 ed.
1133 3349 1195 3388 pr.
1478 3334 1493 3356 ⁴
1520 3334 1637 3386 suos]
1666 3347 1749 3374 om.
1779 3334 1884 3375 A.B.

127 3389 150 3421 5
171 3395 314 3450 plene]
335 3408 420 3435 om.
439 3394 504 3434 ed.
524 3406 588 3446 pr.
836 3389 852 3413 ⁶
879 3390 1024 3442 etiam]
1046 3396 1099 3436 et,
1119 3390 1181 3430 ed.
1202 3403 1263 3442 pr.
1356 3408 1369 3421 ·
1450 3442 1458 3450 ι
1528 3387 1545 3411 ⁷
1572 3387 1636 3451 et]
1657 3401 1719 3434 ex,
1737 3388 1802 3428 ed.
1822 3402 1884 3442 pr.

128 3446 146 3475 ⁸
172 3449 303 3504 quod]
321 3448 437 3505 cujus
455 3454 632 3500 tempus,
652 3445 715 3486 ed.
735 3458 798 3497 pr.
970 3445 986 3468 ⁹
1015 3442 1426 3495 adversarii—illum]
1448 3456 1473 3482 1.
1487 3455 1523 3483 e.
1542 3455 1611 3495 qui
1629 3442 1884 3484 bellaverunt

46 3517 55 3555 g
94 3543 95 3546 ,
129 3508 172 3546 et
190 3516 347 3558 pacem
377 3502 636 3557 pepigerunt,
669 3500 707 3540 ei
740 3499 808 3551 qui
838 3499 904 3539 die
934 3504 1046 3539 certo
1080 3497 1294 3538 victoriam
1329 3497 1565 3552 reportavit,
1594 3503 1604 3519 ‘
1618 3496 1739 3538 diem’
1766 3496 1883 3538 illum

42 3552 57 3598 ,''
129 3557 352 3600 ascribunt.
516 3556 548 3581 ¹⁰
576 3553 695 3606 tunc]
716 3566 799 3594 om.
821 3552 975 3603 A.B.C.
