2436 4094
1028 414 1452 482 JOANNJS
1495 415 1846 466 WJCLJF
2171 435 2311 466 um.

562 555 766 619 genuae,
792 566 911 615 quas
945 548 1249 608 clamamus1,
1275 549 1371 598 hoc
1403 557 1491 610 est,
1516 550 1741 613 opposita
1763 564 1932 598 eorum
1956 556 2163 614 possunt
2185 563 2304 599 con-

561 639 743 698 tingere
768 635 807 681 si
839 633 973 680 Deus
1005 632 1218 690 voluerit,
1245 631 1396 679 modo
1429 647 1527 695 quo
1559 631 1856 695 Augustinus
1887 631 2139 695 concepit²
2171 629 2307 695 quod

562 718 695 764 Deus
719 722 854 776 pater
877 720 1038 776 potest
1062 713 1125 761 ad
1147 714 1271 761 intra
1288 728 1520 776 generare
1545 713 1692 761 alium
1715 713 1892 773 filium3
1931 714 2066 762 etsie
2091 721 2165 762 est
2187 727 2307 762 con-

561 796 795 858 tingentia
813 810 910 857 quo
936 795 999 843 ad
1017 802 1222 857 tempuS‚
1243 802 1291 843 et
1309 810 1412 843 non
1431 796 1762 858 contingentia
1781 795 2057 858 simpliciter
2073 794 2307 844 absolute.

563 879 624 926 Et
656 886 820 925 tamen
853 884 1046 939 oportet
1077 876 1413 936 reconciliari³‚
1439 878 1698 939 negociari,
1732 877 1964 935 damnari,
1998 885 2046 926 et
2077 874 2312 940 quidquid

564 959 698 1006 Deus
738 957 813 1005 vel
854 965 1070 1006 creatura
1110 957 1274 1006 fecerit
1314 966 1396 1006 aut
1437 959 1650 1007 omiserit
1688 959 1739 1006 in
1779 958 1876 1007 hoc
1916 958 2117 1008 mundo·
2197 957 2312 1007 Scio

562 1049 740 1097 tamen,
767 1038 900 1102 quod
923 1039 1014 1088 ista
1036 1040 1113 1087 via
1136 1048 1208 1088 est
1230 1039 1367 1088 valde
1393 1039 1607 1099 difficilis,
1633 1049 1682 1089 et
1709 1039 1870 1088 multis
1905 1054 2031 1102 quae
2059 1038 2313 1103 quondam

564 1122 789 1184 opinatus
814 1136 935 1178 sum,
963 1121 1076 1169 satis
1102 1122 1341 1170 contraria
1354 1137 1367 1182 ;
1403 1130 1598 1185 paratus
1629 1130 1793 1171 tamen
1825 1136 2017 1184 semper
2041 1136 2152 1170 sum
2173 1135 2312 1170 revo-

567 1218 675 1251 care
708 1201 942 1264 quidquid
975 1202 1155 1261 dixero,
1190 1202 1363 1251 doctus
1395 1203 1528 1266 quod
1561 1204 1619 1252 sit
1652 1204 1948 1252 contrarium
1978 1204 2175 1252 veritati.
2245 1202 2311 1251 Et

566 1293 697 1347 patet
722 1284 896 1332 solutio
921 1282 1008 1332 ad4
1032 1285 1252 1347 objectus
1277 1285 1596 1333 concedendo
1606 1286 1636 1344 ⁵,
1670 1285 1805 1348 quod
1828 1285 1964 1334 Deus
1993 1285 2113 1334 nihil
2144 1291 2307 1349 potest

567 1365 835 1429 producere
870 1366 962 1413 nisi
997 1380 1086 1428 pro
1122 1380 1352 1414 mensura
1385 1366 1546 1429 aliqua.
1583 1367 1700 1415 illud
1736 1366 1987 1429 producat,
2024 1367 2138 1430 quia
2177 1365 2315 1415 aliter

568 1463 670 1495 non
695 1447 819 1495 clare
845 1447 1039 1495 solvitur
1057 1448 1177 1495 ratio
1201 1447 1467 1511 Augustini
1494 1448 1553 1495 de
1577 1447 1672 1496 Dei
1703 1448 1883 1496 invidia
1912 1449 1988 1496 vel
2010 1448 2310 1512 impotentia.

569 1529 689 1576 Ideo
715 1529 904 1591 signata
937 1544 1225 1592 quacunque
1258 1538 1487 1589 creatura,
1522 1529 1704 1578 doceo⁰
1728 1530 1863 1593 quod
1893 1530 1985 1578 ista
2015 1537 2176 1593 potest
2207 1544 2315 1579 esse

571 1612 668 1659 sive
692 1610 903 1674 intelligi,
930 1611 1164 1670 conced0,
1190 1611 1324 1674 quod
1346 1611 1482 1659 Deus
1507 1619 1666 1674 potest
1698 1611 1830 1659 illam
1860 1610 2146 1675 producere
2215 1609 2315 1660 Sed

571 1693 687 1741 nolo
712 1692 941 1740 multum⁷
964 1694 1125 1755 vagari
1148 1694 1275 1742 circa
1298 1693 1683 1756 intelligentiam8
1709 1694 1806 1743 sive
1830 1693 2099 1756 potentiam
2130 1691 2312 1755 produ-

574 1774 716 1822 cendi
739 1788 829 1831 reS‚
856 1789 980 1836 quae
1003 1789 1106 1822 non
1132 1783 1253 1832 sunt,
1281 1776 1573 1832 concedens,
1599 1775 1734 1837 quod
1765 1774 1883 1823 nihil
1915 1783 1988 1823 est
2018 1773 2318 1838 producibile

575 1856 667 1903 nisi
691 1854 825 1917 quod
849 1862 934 1912 est,
961 1870 1073 1902 cum
1097 1855 1136 1903 si
1160 1855 1254 1903 hoc
1280 1856 1339 1903 sit
1362 1856 1669 1918 intelligibile,
1695 1856 1770 1904 vel
1793 1855 2107 1919 producibile,
2124 1855 2222 1905 hoc
2245 1864 2320 1906 est

575 1951 652 1985 res
683 1950 807 1998 quae
838 1943 998 1998 potest
1028 1936 1226 1998 intelligi
1259 1937 1333 1985 vel
1364 1937 1581 1999 produci.
1651 1937 1715 1986 Et
1748 1938 1816 1986 sic
1838 1937 2108 1987 intellectus
2131 1937 2320 1987 divinus

577 2032 633 2065 ac
652 2017 756 2079 ejus
779 2017 947 2065 notitia
971 2024 1082 2064 sunt
1105 2018 1232 2080 paris
1257 2019 1480 2077 ambituS,
1501 2020 1623 2067 sicut
1645 2019 1912 2068 intellectus
1937 2026 2124 2068 creatus
2142 2027 2193 2068 et'
2214 2019 2321 2082 ejus

578 2099 765 2158 notitia3
803 2106 851 2147 et
875 2099 944 2147 sic
967 2099 1140 2146 falsum
1165 2100 1384 2158 assumis,
1410 2100 1543 2162 quod
1576 2100 1726 2148 multa
1748 2099 2009 2163 intelligis⁹,
2036 2115 2162 2163 quae
2184 2099 2323 2149 Deus

579 2196 680 2229 non
703 2187 867 2243 potest
889 2180 1164 2243 intelligere.
1237 2181 1348 2229 Imo
1371 2183 1590 2244 quamvis
1614 2197 1762 2230 omne
1785 2181 1902 2230 illud
1926 2181 2164 2244 intelligis,
2188 2181 2323 2245 quod

578 2261 714 2309 Deus
732 2269 892 2324 potest
909 2262 1172 2324 intelligere
1180 2262 1216 2289 ¹⁰
1234 2270 1281 2311 et
1298 2278 1324 2311 e
1342 2271 1522 2321 contra,
1542 2271 1707 2312 tamen
1724 2263 1964 2311 infinitum
1981 2262 2322 2326 imperfectiori

581 2343 745 2401 mod0‚
772 2358 920 2406 quam
943 2342 1079 2391 Deus
1103 2351 1261 2406 potest
1285 2344 1560 2407 intelligere.
1630 2345 1693 2392 Et
1716 2344 1786 2393 sic
1810 2359 1958 2394 omne
1989 2344 2165 2393 falsum
2188 2340 2324 2408 q'uod

581 2424 731 2472 homo
755 2425 985 2487 intelligit,
1011 2424 1146 2472 Deus
1170 2425 1398 2488 intelligit,
1425 2425 1544 2474 false
1575 2434 1740 2474 tamen
1771 2426 1921 2475 homo
1944 2426 2176 2489 intelligit,
2202 2441 2323 2490 qua.-

580 2505 684 2553 liter
718 2521 819 2553 non
854 2514 1014 2568 potest
1048 2505 1183 2554 Deus
1219 2507 1494 2569 intelligere.
1568 2506 1677 2555 Sive
1712 2508 1844 2556 enim
1884 2506 2064 2556 falsitas
2097 2507 2238 2556 fuerit
2271 2507 2324 2556 in

581 2587 780 2634 homine
817 2588 914 2634 sive
950 2588 998 2634 in
1034 2586 1126 2635 alia
1161 2587 1381 2650 signabili
1417 2597 1645 2646 creatura,
1677 2587 1814 2638 Deus
1848 2589 2160 2653 intelligendo
2193 2589 2326 2638 illam

582 2667 836 2715 falsitatem
859 2668 1075 2730 intelligit
1099 2669 1369 2732 subjectum
1393 2670 1496 2732 ejus
1520 2670 1706 2728 falsum,
1727 2670 1862 2732 quod
1885 2671 2027 2720 simul
2050 2679 2122 2720 est
2143 2686 2327 2731 verum,

584 2765 695 2797 cum
731 2765 819 2797 sua
853 2749 1069 2808 falsitate,
1106 2765 1167 2798 eo
1203 2751 1337 2813 quod
1372 2759 1445 2800 est
1479 2767 1581 2810 ens,
1618 2760 1664 2800 et
1699 2753 1767 2800 sic
1801 2767 1968 2801 verum
2002 2760 2051 2802 et
2084 2769 2172 2816 per
2207 2768 2326 2802 con-

584 2846 792 2893 sequens
816 2831 1153 2879 intellectum¹¹
1179 2848 1208 2880 a
1230 2832 1355 2881 De0.
1425 2832 1571 2881 Unde
1595 2848 1687 2881 nec
1719 2833 1871 2882 homo
1903 2849 1996 2884 nec
2027 2833 2164 2883 Deus
2186 2835 2326 2885 intel-

582 2913 696 2976 ligit,
722 2913 855 2975 quod
878 2913 1030 2961 homo
1055 2922 1127 2962 est
1152 2915 1328 2972 asinus,
1348 2914 1474 2976 quia,
1496 2929 1608 2962 cum
1630 2914 1894 2977 intelligere
1918 2916 1976 2963 sit
1998 2915 2127 2968 intus
2149 2915 2324 2978 legere,

584 3002 699 3041 tunc
734 2995 852 3042 liber
885 2995 1010 3042 vitae
1047 2994 1171 3043 foret
1210 2995 1507 3043 falsissimus.
1576 2995 1712 3044 Deus
1753 3004 1917 3044 tamen
1951 2996 2076 3045 clare
2110 2997 2328 3060 intelligit

585 3076 706 3124 haec
739 3077 878 3139 signa
909 3076 1042 3133 falsa,
1069 3077 1191 3124 sicut
1223 3084 1273 3124 tu
1305 3076 1527 3138 intelligis
1561 3077 1642 3135 sie,
1667 3076 1818 3125 homo
1842 3085 1914 3126 est
1938 3078 2129 3139 asinus;
2169 3087 2216 3128 et
2239 3080 2324 3138 sic,

643 3238 656 3261 ¹
685 3238 928 3291 clamamus]
948 3250 1106 3284 manus,
1125 3238 1189 3278 ed.
1209 3251 1270 3291 pr.
1488 3237 1505 3261 ²
1531 3238 1739 3291 concepit]
1759 3239 1987 3286 coaccedit,
2006 3240 2162 3283 A.B.C.
2181 3243 2245 3283 ed.
2263 3257 2327 3298 pr.

587 3291 602 3314 ³
629 3292 900 3345 reconciliari]
921 3292 1138 3346 conciliari,
1153 3291 1201 3333 C.
1217 3293 1280 3333 ed.
1293 3305 1353 3346 pr.
1368 3306 1378 3338 ;
1408 3292 1624 3339 consiliari,
1640 3294 1694 3333 D.
1805 3292 1821 3317 ⁴
1844 3293 1917 3346 ad]
1933 3306 2016 3334 om.
2032 3295 2086 3335 A.
2186 3297 2203 3320 ⁶
2229 3310 2329 3339 con·

590 3346 790 3398 cedendo]
812 3347 1006 3393 concedo,
1026 3347 1089 3387 ed.
1108 3361 1169 3399 pr.
1293 3347 1309 3370 ⁶
1326 3347 1477 3399 doceo]
1497 3347 1635 3394 docto,
1655 3347 1809 3388 A.B.C.
1829 3347 1893 3389 ed.
1911 3360 1973 3400 pr.
2084 3348 2101 3373 ⁷
2126 3350 2327 3406 multum]

591 3413 671 3439 om.
692 3401 754 3440 ed.
775 3414 835 3453 pr.
972 3401 987 3424 ⁸
1015 3398 1345 3454 intelligentiam]
1361 3401 1746 3454 intelligibilitatem‚
1767 3402 1815 3442 C.
1835 3403 1898 3444 ed.
1917 3415 2002 3455 pr.;
2031 3416 2182 3456 vagare
2205 3405 2327 3447 intel-

588 3452 753 3504 ligendo
777 3454 1005 3506 potentiam
1029 3456 1293 3508 producendi,
1313 3457 1359 3495 B.
1469 3457 1485 3479 ⁹
1512 3456 1644 3496 multa
1661 3455 1872 3509 intelligis]
1893 3462 1938 3497 tu
1955 3457 2171 3511 intelligas,
2191 3459 2294 3501 A.B.
2311 3474 2323 3508 ;

591 3512 635 3545 tu
654 3508 783 3547 multa
801 3509 1007 3562 intelligis,
1027 3510 1090 3551 ed.
1111 3523 1172 3562 pr.
1313 3510 1344 3534 ¹⁰
1373 3510 1486 3551 Deus
1505 3515 1642 3563 potest
1659 3510 1906 3563 intelligere]
1926 3512 2037 3563 quod
2055 3518 2193 3564 potaet
2206 3514 2322 3557 intel-

591 3558 675 3610 ligi,
696 3562 796 3600 A.B.
962 3563 989 3586 1¹
1019 3569 1059 3604 et
1078 3577 1151 3615 per
1170 3577 1420 3617 consequens
1438 3564 1709 3617 intellectum]
1725 3564 1789 3606 vel
1806 3565 2069 3614 intellectum,
2087 3566 2151 3609 ed,
2170 3579 2232 3620 pr.
