2436 4094
324 428 424 484 192

999 411 1422 475 JOANNIS
1491 412 1842 462 WICLIF
2149 432 2306 462 mmm.

556 539 749 587 avaritia
782 538 1104 592 seductorum,
1132 540 1252 588 sicut
1277 547 1407 602 patet
1435 539 1639 587 malitias
1672 539 1926 587 hominum
1960 539 2305 601 particulariter

556 620 825 668 deducenti.
896 621 1018 669 Ideo
1054 636 1155 669 non
1197 629 1389 684 oportet
1430 636 1519 684 pro
1560 621 1877 670 detestatione
1914 621 2056 685 hujus
2093 622 2305 670 criminis

554 702 749 750 ulterius
772 702 1003 751 laborare.

1270 1004 1426 1054 CAP.
1464 1004 1600 1054 XIX.

1111 1143 1270 1192 Vz'rlus
1292 1144 1529 1191 avaritiae
1551 1144 1766 1206 opposita.

627 1274 828 1323 Alz'lhz‘a.
898 1274 992 1322 Dic
1029 1275 1171 1322 nobis
1205 1274 1265 1322 de
1301 1274 1471 1322 virtute
1508 1273 1620 1322 huic
1651 1274 1764 1322 vitio
1801 1275 2055 1337 opposita;
2107 1282 2155 1324 et
2190 1275 2303 1339 quia

559 1357 745 1406 videtur
785 1357 1037 1419 aliquibus,
1076 1356 1210 1419 quod
1253 1356 1329 1403 illa
1369 1356 1516 1403 virtus
1559 1355 1617 1403 sit
1663 1355 1934 1414 liberalitas,
1976 1356 2079 1404 aliis
2128 1365 2304 1415 autem,

558 1437 720 1501 quod¹
740 1439 800 1487 sit
824 1438 1090 1500 corporalis
1109 1436 1448 1494 misericordia,
1469 1446 1515 1485 et
1535 1436 1638 1485 aliis
1656 1437 1791 1499 quod
1815 1438 1874 1485 sit
1899 1452 2142 1501 congruus
2167 1453 2306 1487 amor

559 1521 667 1579 Dei,
692 1521 803 1568 ideo
830 1521 907 1568 dic
932 1520 1072 1567 nobis
1097 1533 1235 1581 roge,
1261 1534 1385 1582 quae
1409 1519 1607 1567 istarum
1637 1520 1982 1568 sententiarum
2013 1520 2099 1569 tibi
2121 1519 2307 1570 videtur

558 1603 853 1666 probabilior
876 1603 926 1649 in
948 1601 1040 1649 hac
1065 1609 1213 1663 parte.

625 1684 894 1731 Phrenesis.
963 1682 1079 1730 Dixi
1119 1683 1204 1731 tibi
1246 1683 1452 1745 saepiuS‚
1491 1681 1625 1745 quod
1659 1682 1770 1730 volo
1811 1668 2077 1732 tractatum·
2104 1683 2306 1733 istorum

558 1773 658 1813 tam
699 1764 914 1812 inutilem
956 1765 1094 1812 vobis
1139 1765 1420 1825 relinquere.
1494 1763 1607 1812 Scio
1648 1764 1845 1826 quidem
1886 1764 2021 1828 quod
2066 1765 2308 1829 quaelibet

558 1845 782 1894 istarum²
812 1845 981 1894 trium3
1008 1847 1247 1903 virtutum,
1284 1846 1385 1893 imo
1418 1846 1657 1908 quaelibet
1687 1846 1833 1895 virtus
1863 1846 2064 1895 habeat*
2097 1847 2307 1910 aliquam

559 1929 810 1985 rationem,
837 1928 1061 1975 avaritiae
1089 1927 1369 1975 hominum⁵
1393 1935 1440 1975 et
1462 1928 1576 1975 vitio
1606 1927 1799 1975 cuilibet
1822 1928 2087 1976 resistendi.
2159 1928 2306 1978 Unde

558 2025 648 2072 pro
686 2010 1018 2057 contrarietate
1054 2008 1132 2056 hic
1168 2008 1404 2070 signanda
1439 2017 1486 2057 et
1521 2010 1570 2056 in
1606 2009 1703 2058 suis
1739 2010 1971 2058 similibus
2002 2018 2164 2073 potest
2195 2010 2304 2070 dici,

559 2092 692 2154 quod
716 2092 838 2139 sicut
868 2090 1062 2138 avaritia
1093 2098 1164 2138 est
1195 2089 1493 2138 inordinatus
1526 2106 1664 2138 amor
1694 2091 1978 2153 temporalia
2008 2092 2306 2155 possidendi,

559 2174 627 2221 sic
651 2174 797 2220 virtus
823 2172 911 2220 sibi
936 2173 1160 2234 opposita
1183 2179 1255 2219 est
1279 2171 1527 2219 ordinatus
1550 2186 1687 2219 amor
1711 2173 2057 2235 temporalibus
2080 2173 2305 2232 usitandi,

558 2255 640 2317 qui
677 2255 894 2302 consistit
934 2254 984 2300 in
1024 2255 1116 2301 hac
1157 2253 1335 2315 regula,
1375 2253 1508 2315 quod
1549 2254 1825 2316 quicunque
1864 2255 2134 2303 secundum
2175 2255 2305 2302 illam

557 2351 835 2384 mensuram
881 2343 1015 2398 optet
1056 2334 1354 2397 temporalia,
1397 2336 1666 2383 secundum
1707 2350 1855 2398 quarn
1896 2351 2173 2385 mensuram
2216 2336 2306 2385 sibi

557 2418 817 2480 proficiunt
841 2416 902 2465 ad
926 2414 1158 2474 aeterna⁶,
1184 2424 1230 2464 et
1254 2423 1420 2464 caveat
1444 2432 1506 2464 ne
1531 2431 1619 2464 sua
1643 2416 1833 2464 affectio
1860 2417 1917 2466 sit
1940 2417 2084 2466 nimis
2109 2418 2160 2465 in
2183 2426 2306 2467 tem·
2351 2457 2354 2461 .

540 2501 801 2562 ‚poralibus
837 2499 1143 2562 profundata,
1170 2498 1256 2546 sed
1292 2506 1492 2546 conetur
1528 2499 1774 2560 acquirere
1808 2498 2156 2547 beatitudinem
2190 2515 2304 2548 cum

557 2593 705 2640 parco
729 2592 819 2625 usu
844 2577 1195 2639 temporalium,
1217 2591 1329 2623 cum
1353 2575 1505 2623 taliter
1529 2575 1640 2624 fecit
1660 2575 1879 2625 Christus
1903 2592 2015 2625 cum
2040 2577 2137 2626 suis
2159 2591 2304 2640 apos-

557 2658 667 2706 tolis
694 2658 890 2705 indubie
914 2658 1136 2705 virtuose.
1208 2656 1338 2715 Quia
1361 2657 1471 2705 licet
1494 2657 1835 2719 temporalium
1867 2656 2109 2705 affluentia
2139 2656 2304 2706 lauda-

556 2741 709 2788 biliter
739 2747 907 2802 posset
938 2739 1118 2796 haberi,
1142 2747 1196 2787 ut
1227 2746 1358 2801 patet
1387 2739 1448 2787 de
1479 2740 1695 2801 patribus
1726 2739 1847 2802 legis
1870 2739 2041 2787 veteris
2065 2747 2112 2787 et
2142 2739 2305 2788 'multis

557 2823 605 2869 in
630 2822 737 2884 lege
769 2821 964 2883 gratiae,
990 2821 1275 2869 laudabilius
1309 2829 1473 2868 tamen
1506 2829 1554 2868 et
1578 2821 1790 2869 securius
1818 2828 1891 2868 est
1915 2835 2101 2869 servare
2126 2819 2303 2869 Christi

556 2904 787 2967 regulam,
807 2919 920 2951 cum
939 2903 1169 2965 magister
1186 2903 1399 2965 optimus
1418 2902 1547 2949 illam
1572 2902 1715 2950 dedit.
1785 2902 1907 2950 Ideo
1927 2903 2172 2965 signanter
2190 2902 2304 2950 dicit

557 2986 804 3048 apostolus
842 3001 862 3031 1
902 2985 1031 3033 Tim.
1064 2985 1152 3032 vi.:
1197 2988 1208 3009 ‘
1225 2983 1356 3031 Nihil
1390 2983 1634 3032 intulimus
1665 2984 1715 3030 in
1743 2982 1873 3031 hunc
1897 2983 2149 3042 mundum,
2173 2983 2304 3032 haud

558 3068 757 3114 dubium
782 3082 873 3114 nec
899 3066 1079 3128 aliquid
1102 3065 1215 3112 inde
1241 3065 1426 3112 auferre
1451 3079 1737 3126 possumus;
1787 3064 2021 3113 habentes
2051 3065 2195 3127 igitur
2218 3065 2303 3113 ali-

556 3158 721 3196 menta
744 3157 791 3196 et
815 3149 990 3210 quibus
1012 3156 1245 3209 tegamur,
1270 3145 1344 3194 his
1370 3147 1583 3194 contenti
1617 3147 1766 3193 simus
1775 3145 1819 3193 ⁷.'
1892 3145 1940 3192 N
1944 3161 2000 3194 ec
2023 3146 2164 3195 video
2184 3148 2301 3210 quin

556 3246 730 3278 omnes
767 3230 925 3278 clerici
961 3230 1055 3277 sint
1090 3229 1153 3277 ad
1187 3229 1329 3277 istam
1352 3227 1626 3290 religiosam
1661 3235 1708 3275 et
1742 3228 2050 3276 benedictam
2084 3228 2302 3291 regulam

610 3393 624 3417 ¹
653 3393 783 3446 quod]
805 3406 886 3433 om.
908 3392 970 3433 ed.
991 3405 1052 3444 pr.
1244 3391 1260 3414 ²
1286 3389 1475 3443 istarum]
1495 3390 1653 3438 hamm,
1674 3391 1737 3432 ed.
1757 3404 1818 3444 pr.
2010 3391 2026 3414 ³
2052 3391 2195 3444 trium]
2217 3405 2300 3433 om.

556 3447 618 3486 ed.
638 3461 699 3499 pr.
917 3446 931 3469 ⁴
958 3446 1128 3497 habeat]
1149 3445 1286 3493 habet,
1307 3447 1369 3486 ed.
1390 3459 1451 3498 pr.
1670 3446 1685 3469 ⁵
1711 3444 1944 3497 hominum]
1964 3445 2134 3492 homini,
2154 3447 2217 3486 ed.
2238 3460 2300 3499 pr.

555 3501 780 3606 Ξᾶεεῐξῗῑῃα]
803 3507 974 3546 terrena,
997 3501 1152 3542 B.C.D.
1363 3501 1377 3523 ⁷
1406 3500 1448 3539 in
1468 3500 1576 3540 hunc
1596 3500 2030 3540 mundum-contenti
2049 3500 2196 3553 simus]
2217 3514 2298 3541 om.

2046 3636 2229 3674 wloLm
