2436 4094
324 466 425 522 170

1002 450 1429 515 JOANNIS
1499 452 1848 503 WICLIF
2149 472 2310 502 uam.

557 584 619 633 de
652 584 810 632 alieno
843 585 991 632 bono.
1063 584 1229 634 Potest
1261 594 1423 634 autem
1460 587 1567 645 dici,
1594 587 1728 649 quod
1763 587 1952 650 species
1987 587 2202 650 pessima
2236 587 2310 635 in-

556 667 709 714 vidiae
751 674 823 713 est
861 666 1051 724 invidia,
1097 682 1193 729 qua
1240 677 1457 716 creatura
1505 669 1683 717 invidet
1723 669 1833 717 Deo
1882 684 1970 717 suo
1987 685 1999 729 3
2050 669 2130 717 illa
2177 669 2310 717 enim

557 748 741 810 species
777 746 923 795 habet
954 749 1159 796 modum
1195 750 1476 811 pessimum,
1502 752 1713 799 maxime
1748 752 1991 813 ingratum
2025 759 2073 799 et
2104 750 2304 798 minime

554 829 806 877 fundatum
831 830 881 876 in
906 831 1188 892 apparentia
1212 832 1424 890 rationis,
1451 840 1499 879 et
1523 833 1634 880 ideo
1668 840 1867 880 vocatur
1900 833 2168 895 specialiter
2192 847 2308 894 pec-

555 919 715 958 catum
740 911 1046 960 diabolicum.
1120 912 1251 960 Sicut
1276 914 1407 961 enirn
1435 914 1639 962 ‘invidia
1664 914 1844 961 diaboli
1876 929 2009 962 mors
2041 913 2230 961 intravit
2259 912 2310 959 in

553 995 723 1041 orbem
755 993 1042 1052 terrarum¹,'
1070 995 1137 1042 sic
1170 995 1466 1057 impossibile
1496 1004 1569 1043 est
1601 1010 1881 1058 quenquam
1912 995 2125 1043 invidere
2157 994 2308 1052 alteri,

552 1075 643 1121 nisi
685 1075 843 1136 primo
886 1076 1106 1122 omnium
1145 1077 1355 1124 invideat
1392 1076 1502 1124 Deo
1545 1092 1647 1125 suo,
1721 1076 1818 1125 Sed
1859 1078 1910 1124 in
1951 1078 2042 1126 isto
2083 1083 2310 1139 gravatur

553 1156 801 1204 difficultas
825 1157 1097 1218 praedicta;
1149 1173 1263 1205 nam
1295 1173 1386 1206 nec
1418 1158 1605 1206 homini
1629 1174 1720 1206 nec
1753 1159 1929 1221 angelo
1962 1166 2133 1221 potest
2157 1172 2311 1220 appa-

551 1253 668 1295 rere,
690 1238 824 1301 quod
842 1238 951 1286 Deo
976 1239 1089 1286 insit
1111 1239 1294 1286 malum
1313 1240 1386 1287 vel
1411 1240 1545 1302 quod
1570 1256 1598 1288 a
1621 1241 1755 1288 bono
1780 1242 1990 1303 privetur
2003 1256 2016 1299 ;
2055 1238 2308 1303 quomodo

552 1335 669 1382 ergo
711 1327 871 1382 potest
912 1321 962 1367 in
1003 1321 1299 1383 cogitatione
1341 1322 1620 1384 hujusmodi
1662 1322 1921 1370 delectari?
1980 1321 2110 1372 Cum
2150 1335 2301 1369 nemo

550 1410 711 1463 potest
746 1401 970 1450 delectari
1005 1403 1095 1451 nisi
1131 1403 1180 1449 in
1216 1403 1296 1450 illo
1334 1404 1468 1466 quod
1503 1412 1662 1466 potest
1697 1404 1959 1466 intelligere
1975 1419 1989 1464 ;
2045 1403 2132 1452 sed
2169 1403 2309 1466 juxta

551 1484 677 1531 dicta
712 1499 803 1532 nec
836 1483 971 1532 Deus
1005 1500 1098 1532 nec
1131 1493 1347 1533 creatura
1377 1493 1538 1547 potest
1569 1485 1665 1533 hoc
1701 1486 1992 1548 intelligere;
2043 1483 2296 1548 quomodo

550 1580 667 1628 ergo
709 1574 869 1628 potest
910 1567 959 1613 in
1000 1566 1094 1614 hoc
1135 1567 1496 1615 irrationaliter2
1537 1567 1762 1615 delectari
1804 1568 1878 1614 vel
1924 1566 2020 1615 hoc
2068 1581 2302 1629 apparere

551 1648 640 1694 sibi
666 1648 852 1695 bonum
878 1647 1191 1696 delectabile?
1252 1648 1351 1697 Hic
1377 1649 1702 1711 supponendo
1729 1649 1975 1711 praedicta
1999 1649 2059 1696 de
2088 1648 2304 1696 intellec-

549 1729 680 1776 tione
703 1737 756 1776 ut
791 1729 943 1787 firma,
969 1730 1154 1777 videtur
1179 1730 1296 1777 mihi
1329 1731 1464 1792 quod
1495 1739 1594 1778 tam
1630 1731 1913 1793 apparentia
1947 1745 2095 1793 quam
2127 1729 2307 1778 invidia

549 1818 708 1872 potest
727 1812 970 1859 terminari
990 1812 1051 1859 ad
1076 1812 1255 1874 aliquid
1279 1812 1522 1870 indirecte,
1542 1819 1595 1859 ut
1613 1826 1760 1860 nemo
1780 1812 1877 1860 vult
1894 1827 1986 1859 nec
2004 1818 2165 1874 potest
2183 1810 2305 1858 velle

550 1907 606 1939 ac
642 1893 904 1955 intelligere
938 1893 1129 1951 directe,
1157 1894 1290 1961 quod
1314 1893 1425 1941 Deo
1461 1894 1571 1940 insit
1603 1893 1786 1940 malum
1812 1894 1981 1955 culpae
2005 1893 2079 1940 vel
2112 1906 2303 1954 poenae

549 1974 623 2020 vel
653 1973 817 2021 damni
851 1975 926 2021 vel
950 1975 1276 2037 quodcunque
1302 1975 1528 2037 fingibile,
1554 1975 1724 2022 saltem
1758 1975 2027 2023 secundum
2060 1975 2302 2033 deitatem,

549 2056 660 2118 quia
700 2071 790 2103 nec
835 2064 1050 2104 creatura
1086 2072 1177 2104 nec
1213 2056 1350 2104 Deus
1390 2064 1550 2118 potest
1590 2056 1685 2104 hoc
1723 2056 1997 2118 intelligere.
2070 2055 2305 2104 Creatura

549 2144 712 2184 tamen
747 2145 907 2199 potest
932 2138 993 2185 ad
1028 2146 1214 2184 tantum
1252 2138 1435 2185 caecari
1472 2137 1606 2200 quod
1642 2137 1872 2199 intelligat
1908 2139 1991 2195 sic,
2026 2141 2148 2200 ‘ego
2183 2137 2297 2184 volo

549 2218 681 2281 quod
704 2218 839 2267 Deus
865 2235 966 2267 non
995 2220 1149 2267 taliter
1180 2219 1445 2268 honoretur
1469 2220 1541 2267 vel
1566 2219 1700 2281 quod
1724 2219 1814 2266 sibi
1838 2233 1940 2266 non
1971 2219 2083 2267 insit
2110 2218 2295 2282 justitia

548 2300 645 2348 vel3
673 2301 840 2348 notitia
874 2301 987 2349 mali
1022 2301 1173 2359 facti4,
1199 2302 1314 2364 quia
1350 2302 1390 2348 si
1426 2301 1510 2359 sic,
1535 2315 1637 2347 non
1672 2300 1853 2348 forem⁵
1876 2315 1966 2363 pro
2001 2315 2298 2364 quocunque

548 2381 813 2429 delectabili
840 2382 1154 2430 cruciandus.'
1228 2382 1326 2430 Sed
1345 2382 1565 2444 quamvis
1589 2382 1742 2430 homo
1763 2382 1834 2429 vel
1853 2382 2073 2430 diabolus
2092 2390 2302 2445 possunt

547 2463 808 2526 intelligere
834 2464 902 2511 sic
927 2479 1144 2522 erronee,
1170 2464 1359 2511 tamen⁶
1385 2479 1476 2511 nec
1503 2479 1590 2511 sua
1614 2464 1871 2512 intellectio
1901 2479 1993 2512 nec
2017 2464 2300 2527 apparentia

546 2546 824 2592 terminatur
861 2545 924 2592 ad
964 2560 1067 2592 rem
1109 2553 1425 2607 apparentem
1465 2544 1540 2592 vel
1583 2544 1874 2594 intellectam
1912 2553 2047 2594 extra
2088 2546 2299 2609 signum.

547 2627 667 2675 Ideo
694 2627 815 2675 sicut
843 2627 1017 2674 falsum
1049 2634 1134 2680 est,
1161 2626 1294 2689 quod
1326 2627 1542 2689 intelligo
1575 2627 1827 2674 meliorem
1850 2626 2014 2675 Deum
2047 2643 2194 2691 quam
2226 2636 2300 2676 est

546 2708 681 2756 Deus
706 2717 882 2767 noster,
908 2709 1126 2771 quamvis
1152 2709 1417 2770 intelligam
1442 2709 1534 2757 ista
1559 2708 1725 2770 signa:
1764 2709 1832 2756 sic
1857 2707 2032 2756 falsum
2056 2716 2142 2767 est,
2163 2709 2298 2772 quod

546 2790 772 2853 intelligo,
797 2791 907 2838 volo
933 2791 1007 2839 vel
1032 2799 1227 2854 appeto,
1253 2790 1387 2854 quod
1411 2790 1546 2838 Deus
1570 2791 1760 2852 ignoret
1784 2798 1987 2852 peccata
2010 2806 2134 2849 mea,
2161 2790 2296 2854 quod

544 2887 645 2919 non
670 2873 728 2920 sit
750 2873 904 2936 justus
928 2873 1000 2920 vel
1026 2873 1236 2921 criminis
1269 2873 1525 2934 punitivus‚
1551 2873 1769 2934 quamvis
1794 2872 1938 2919 velim
1961 2872 2035 2921 vel
2067 2881 2296 2935 appetam

544 2955 611 3002 sic
650 2955 740 3002 sub
777 2955 878 3002 istis
918 2954 1081 3016 signis.
1157 2953 1221 3001 Et
1262 2954 1330 3001 sic
1366 2954 1563 3015 quilibet
1604 2953 1792 3000 invidus
1826 2954 1923 3001 vult
1958 2955 2185 3016 implicite
2220 2956 2296 3004 vel

544 3036 786 3094 indirecte,
812 3044 859 3083 et
883 3051 985 3083 non
1017 3043 1176 3098 potest
1210 3035 1278 3083 sic
1312 3042 1447 3082 extra
1472 3035 1611 3096 signa
1642 3035 1918 3096 intelligere.
1992 3034 2164 3084 Unde⁷
2188 3038 2293 3100 qui-

545 3133 735 3180 cunque
759 3118 855 3164 vult
880 3117 1206 3180 quodcunque
1230 3124 1484 3179 peccatum
1518 3116 1754 3178 culpabile
1789 3124 1836 3163 et
1869 3117 2138 3165 secundum
2161 3119 2293 3167 ordi-

543 3215 657 3246 nem
683 3199 823 3262 culpa
855 3200 1071 3261 dignum,
1097 3200 1199 3261 ipse
1233 3198 1412 3246 invidet
1445 3198 1670 3260 implicite
1698 3197 1807 3245 Deo
1834 3212 1938 3255 suo,
1964 3199 2078 3260 quia
2110 3201 2293 3262 appetit

544 3296 765 3343 perverse
800 3282 947 3328 finem
983 3281 1207 3344 aliquem,
1243 3295 1341 3343 quo
1383 3279 1478 3327 fine
1521 3280 1624 3327 sine
1661 3279 1802 3342 culpa
1837 3280 2081 3343 completo
2113 3281 2292 3331 inesset

599 3446 612 3468 1
643 3444 691 3484 cf.
713 3446 808 3498 Sap.
829 3445 911 3486 Sal.
930 3446 972 3486 ii.
997 3458 1058 3497 24.
1187 3445 1204 3469 ²
1231 3443 1536 3496 irrationaliter]
1557 3443 1820 3488 rationaliter,
1841 3443 1917 3489 A.;
1947 3443 2288 3493 irrationabiliter,

545 3498 605 3536 ed.
626 3512 686 3550 pr.
867 3502 882 3523 ³
905 3499 1063 3551 justitia
1082 3500 1162 3553 vel]
1181 3499 1428 3545 universalis,
1450 3499 1605 3539 A.B.C.
1791 3496 1806 3519 4
1833 3497 1929 3536 mali
1948 3497 2064 3550 facti]
2086 3498 2287 3547 maleficii,

547 3552 699 3591 A.B.C.
901 3555 916 3578 ⁵
942 3555 1091 3607 forem]
1113 3555 1229 3601 foret,
1251 3554 1404 3593 A.B.C.
1426 3554 1489 3593 ed.
1510 3566 1570 3605 pr.
1801 3552 1816 3576 θ
1843 3552 1997 3606 tamen]
2016 3565 2121 3600 cum,
2141 3553 2204 3595 ed.
2225 3567 2286 3607 pr.

544 3605 559 3627 ⁷
588 3605 726 3659 Unde]
746 3608 804 3654 ut,
826 3609 872 3649 C.
895 3609 1094 3650 secundae
1111 3622 1268 3654 manus,
1291 3609 1344 3648 D.
1365 3608 1427 3648 ed.
1449 3621 1509 3661 pr.
