2496 4108
368 440 471 508 278
1045 438 1470 504 JOANNIS
1540 439 1931 515 WICLIF'
2199 458 2342 487 univ

289 592 530 660 {ecstss‘ssnffgsspus
605 586 678 627 est
713 593 799 640 per
834 574 1045 624 eundem
1082 574 1226 622 situm
1250 573 1373 622 coeli
1409 575 1747 637 adaequatum,
1773 581 1820 622 et
1854 582 1907 622 ut
1942 573 2167 623 credunt¹
2190 573 2350 638 philo-

289 647 487 728 ffssggtfffflggr
606 659 760 721 sophi,
785 673 872 720 per
894 656 1104 704 eundem
1137 656 1279 704 situm
1307 656 1444 703 mixti
1468 663 1579 703 sunt
1602 655 1775 703 eadem
1801 670 2007 718 corpora
2041 655 2351 704 elementaria

286 726 496 800 Ξῗῑῗεῗρέξὲζέη
605 747 881 788 coextensa.
955 737 1052 786 Sed
1076 738 1235 787 adhuc
1268 737 1407 784 tertio
1442 735 1673 784 accedam
1698 733 1949 799 propius2:
1985 750 2152 785 nonne
2177 750 2348 784 secun-

287 795 479 822 eoehansna'
603 819 720 869 dum
752 827 884 868 tuam
908 819 1215 882 phantasiam
1246 818 1596 881 impossibilem
1627 832 1714 879 per
1742 817 1953 866 eundem
1986 818 2130 866 situm
2160 817 2349 866 hostiae

601 910 674 950 est
710 915 887 963 corpus
927 898 1208 963 degenere
1250 899 1526 963 quantitatis
1567 907 1615 947 et
1658 898 1865 961 corpus⁸
1898 897 2088 957 Christi,
2128 899 2348 962 quamvis

600 983 861 1045 dispariter,
903 982 1003 1029 imo
1047 968 1159 1030 cum
1201 996 1381 1043 corpus
1422 980 1483 1029 de
1523 995 1700 1043 genere
1743 981 2019 1043 quantitatis
2061 981 2120 1029 sit
2165 995 2254 1043 per
2294 995 2348 1028 se

599 1070 847 1127 quantum,
873 1071 920 1111 et
944 1078 1121 1126 corpus
1155 1062 1215 1110 de
1248 1077 1424 1125 genere
1457 1063 1752 1110 substantiae
1785 1077 1887 1110 non
1913 1062 1972 1110 sit
1996 1069 2232 1125 quantum
2255 1061 2350 1110 nisi

598 1160 684 1207 per
707 1144 947 1202 accidens,
972 1152 1106 1193 tanta
1130 1144 1254 1192 foret
1279 1144 1600 1206 repugnantia
1623 1144 1698 1191 vel
1730 1144 1887 1206 maj0r
1915 1143 2132 1206 ponendi
2157 1143 2350 1207 quanti-

597 1234 719 1274 tates
760 1234 806 1273 et
841 1226 1090 1288 qualitates
1130 1239 1390 1288 corporeas
1426 1226 1747 1273 coextensas?
1818 1225 1963 1287 Ipsae
1999 1225 2128 1272 enim
2166 1224 2350 1272 habent

598 1322 685 1371 per
720 1322 772 1355 se
808 1307 1151 1364 dimensiones,
1188 1307 1262 1355 vel
1297 1307 1458 1369 potius
1493 1311 1604 1353 sunt
1636 1306 1743 1354 illae
1780 1306 2110 1354 dimensiones
2145 1319 2252 1354 sese
2287 1304 2349 1354 de

598 1393 812 1456 possibili
837 1402 1160 1456 penetrantes⁸
1234 1394 1331 1442 Sed
1355 1401 1408 1441 ut
1434 1394 1666 1442 accedam
1690 1393 1892 1441 finaliter
1924 1393 1988 1441 ad
2019 1392 2347 1441 difficultatem

599 1476 667 1522 tui
691 1475 943 1538 propositi,
964 1475 1074 1523 dico
1100 1475 1233 1538 quod
1257 1475 1534 1538 philosophi
1553 1475 1849 1523 habuerunt4
1867 1490 1956 1537 pro
1974 1473 2347 1532 inconvenienti,

599 1556 732 1619 quod
756 1571 843 1618 per
873 1556 1084 1605 eundem
1109 1557 1273 1605 locum
1299 1559 1393 1605 sint
1418 1557 1516 1605 duo
1541 1572 1748 1619 corpora
1772 1571 1875 1604 non
1907 1554 2345 1604 communicantia⁵

600 1645 877 1688 coextensa.
950 1637 1046 1686 Sed
1071 1639 1324 1700 quomodo
1349 1640 1554 1701 pertinet
1578 1639 1721 1686 nobis
1747 1639 1813 1686 sic
1839 1638 2012 1696 dicere,
2032 1652 2146 1686 cum
2169 1650 2348 1700 corpus

599 1719 737 1781 panis
761 1719 939 1766 ibidem
964 1720 1250 1778 extenditur,
1276 1729 1323 1767 et
1347 1735 1525 1783 corpus
1550 1720 1726 1768 Christi
1760 1720 1942 1768 ibidem
1973 1720 2186 1767 existens
2211 1718 2348 1782 spiri-

597 1801 782 1848 tualiter
817 1801 1186 1863 multiplicatur?
1257 1801 1319 1849 Et
1360 1802 1580 1864 quamvis
1624 1817 1800 1864 corpus
1846 1801 2023 1850 Christi
2060 1802 2119 1851 sit
2158 1801 2225 1849 ibi
2264 1815 2349 1848 ex-

598 1890 803 1939 tensum,
839 1883 954 1944 quia
978 1898 1053 1930 res
1079 1891 1292 1941 extensa,
1320 1891 1372 1931 ut
1404 1892 1520 1946 puta
1552 1884 1627 1931 ille
1652 1884 1808 1946 panis,
1835 1898 1937 1931 non
1970 1891 2134 1931 tamen
2166 1881 2348 1930 ibidem

598 1963 880 2021 extenditur,
918 1979 1008 2012 nec
1051 1965 1189 2026 ponit
1225 1973 1281 2012 ut
1323 1966 1393 2014 sic
1427 1966 1478 2012 in
1514 1980 1772 2012 numerum
1808 1980 1920 2012 cum
1959 1979 2102 2027 pane,
2140 1978 2253 2016 cum
2287 1963 2350 2011 sit

597 2045 784 2092 realiter
807 2045 910 2106 ipse
944 2046 1097 2107 panis.
1169 2046 1230 2095 Et
1254 2054 1398 2108 patet,
1426 2047 1465 2093 si
1498 2047 1728 2108 concipiS,
1764 2045 2016 2108 quomodo
2048 2052 2131 2094 tua
2162 2046 2349 2108 argutia

599 2134 669 2174 est
694 2126 862 2184 soluta,
887 2141 977 2173 nec
1011 2127 1206 2188 expedit
1238 2127 1346 2189 plus
1379 2142 1468 2190 pro
1501 2124 1918 2190 replicationibus6
1941 2127 1991 2174 in
2026 2128 2117 2175 ista
2148 2127 2350 2175 materia

599 2208 858 2254 immorari.

665 2289 892 2336 Pseustz's.
964 2288 1141 2336 Adhuc
1177 2298 1374 2352 apparet
1409 2290 1539 2349 mihi,
1567 2290 1699 2352 quod
1734 2304 1837 2338 non
1871 2297 2012 2352 potes
2047 2289 2173 2337 clare
2208 2288 2347 2337 aufu-

597 2385 725 2431 gere,
769 2384 871 2417 non
914 2370 1074 2417 solum
1118 2372 1231 2432 quia
1272 2386 1449 2434 corpus
1493 2371 1670 2419 Christi
1712 2380 1783 2419 est
1829 2372 1894 2419 ibi
1941 2378 2194 2419 extensum
2232 2381 2346 2419 cum

599 2466 801 2513 corpore
839 2451 992 2512 paniS,
1030 2451 1117 2499 sed
1149 2452 1262 2514 quia
1297 2454 1456 2500 nescis
1492 2453 1652 2501 dicere
1688 2453 1804 2515 quid
1840 2452 1900 2500 sit
1934 2453 2000 2500 ibi
2035 2452 2349 2501 essentialiter

598 2547 776 2594 corpus
801 2532 992 2580 Christi.
1064 2531 1181 2580 Non
1218 2533 1348 2581 enim
1384 2542 1457 2581 est
1493 2549 1672 2596 corpus
1706 2534 1880 2582 alicubi
1915 2534 2007 2582 nisi
2029 2534 2112 2582 ubi
2143 2541 2217 2582 est
2240 2548 2348 2591 cor-

595 2628 715 2675 pus;
775 2614 888 2675 quia
929 2613 1090 2661 aliter⁷
1130 2623 1422 2677 sequeretur,
1470 2617 1604 2679 quod
1643 2631 1820 2678 corpus
1862 2616 1985 2665 foret
2028 2614 2200 2664 alicubi
2243 2631 2349 2665 non

597 2709 799 2757 corpus;
839 2703 886 2743 et
911 2697 979 2743 sic
1005 2710 1182 2758 corpus
1208 2696 1384 2744 Christi
1408 2705 1456 2745 et
1479 2712 1655 2760 corpus
1679 2698 1819 2760 panis
1843 2697 2002 2746 forent
2025 2713 2112 2760 per
2135 2698 2347 2747 eundem

596 2776 739 2823 situm
764 2785 1041 2835 coextensa,
1067 2777 1176 2825 licet
1201 2778 1294 2825 sint
1319 2778 1549 2841 corpora⁸
1574 2794 1676 2827 non
1702 2779 2124 2828 communicantia.

662 2856 934 2904 Phrenesis.
1005 2857 1166 2905 Video
1200 2858 1333 2921 quod
1370 2859 1432 2907 ad
1468 2875 1614 2922 supra
1650 2860 1778 2908 dicta
1812 2860 1955 2908 nimis
1991 2859 2348 2924 superficialiter

598 2938 817 2987 attendis,
889 2938 1020 2986 Nam
1055 2947 1108 2987 ut
1142 2947 1273 3002 patet
1313 2955 1374 2988 ex
1412 2941 1564 2999 dictis,
1602 2956 1779 3004 corpus
1817 2940 1994 2989 Christi
2031 2949 2103 2989 est
2143 2942 2196 2989 in
2235 2941 2348 2990 loco

594 3020 779 3068 hostiae
816 3028 1072 3068 extensum
1109 3036 1222 3068 cum
1257 3035 1461 3084 corpore
1496 3023 1649 3084 panis,
1687 3023 1800 3084 quia
1834 3030 1905 3070 est
1940 3023 2080 3084 panis
2116 3031 2346 3073 extensus

596 3116 707 3149 cum
744 3117 948 3164 corpore
980 3102 1135 3165 panis,
1162 3117 1274 3149 cum
1309 3105 1369 3150 sit
1404 3111 1573 3165 quarta
1609 3119 1720 3165 pars
1753 3104 1907 3166 panis,
1933 3111 1980 3152 et
2005 3104 2073 3151 sic
2098 3105 2160 3152 de
2185 3105 2346 3164 multis

596 3183 699 3245 ejus
740 3183 970 3245 partibus.
1046 3183 1397 3231 Verumtamen
1438 3199 1615 3247 corpus
1653 3184 1829 3233 Christi
1870 3199 1973 3232 non
2013 3185 2347 3235 coextenditur

648 3363 662 3386 ¹
691 3365 881 3417 credunt]
918 3366 1096 3412 tradunt,
1130 3367 1286 3407 A.B.C.
1628 3367 1644 3390 ²
1671 3368 1859 3421 propius]
1891 3368 2095 3421 proprius,
2128 3367 2343 3410 A.B.C.D.

596 3417 610 3439 ³
640 3420 809 3471 corpus]
840 3421 1035 3472 corporis,
1065 3421 1127 3461 ed.
1157 3435 1218 3474 pr.
1551 3421 1565 3444 ⁴
1592 3421 1841 3475 habuerunt]
1872 3423 2038 3469 habent,
2068 3423 2114 3463 B.
2144 3424 2344 3464 secundae

596 3484 754 3511 manus.
879 3475 894 3496 ⁵
924 3476 1286 3528 communicantia]
1308 3476 1640 3523 contaminantia,
1661 3477 1724 3516 ed.
1745 3490 1807 3529 pr.
1944 3477 1961 3500 ⁶
1988 3476 2341 3530 replicationibus]

598 3526 878 3577 replicatione,
899 3529 961 3568 ed.
982 3543 1043 3581 pr.
1180 3530 1194 3552 ⁷
1222 3530 1359 3582 aliter]
1380 3530 1494 3577 alias,
1514 3531 1577 3571 ed.
1599 3544 1660 3584 pr.
1797 3530 1813 3554 ⁸
1841 3531 2033 3583 corpora]
2053 3531 2137 3572 duo
2157 3544 2344 3584 corpora,

597 3578 650 3617 D.
673 3581 876 3621 secundae
896 3595 1052 3622 manus.
