2430 4088
248 1384 454 1413 Moderantia.

1018 433 1439 498 JOANNIS
1499 433 1853 483 WIC'LIF
2155 454 2316 484 unm.

564 572 762 632 gulosus
786 569 938 627 fuerit,
965 569 1259 631 quandoque
1285 584 1336 616 se
1362 569 1580 626 abstinet,
1607 583 1719 616 cum
1743 583 1844 616 non
1879 569 2054 631 poterit
2077 577 2314 632 perpetuo

564 651 871 699 manducare.
958 651 1127 698 *Etiam
1154 649 1425 711 contingit,
1469 649 1603 712 quod
1651 658 1763 711 post
1810 665 1946 698 esum
1992 650 2316 714 improvidum

564 733 721 780 statim
759 747 809 779 se
846 732 1083 779 abstineat
1117 731 1350 789 virtuose;
1406 745 1509 778 non
1550 745 1667 792 ergo
1710 731 1817 778 talis
1860 731 2150 780 abstinentia
2189 746 2314 794 quae

563 813 717 860 subito
755 821 915 875 potest
951 813 1174 860 advenire
1212 820 1355 873 atque
1392 812 1632 868 recedere,
1670 812 1758 859 erit
1793 812 1952 860 virtus.
2023 812 2087 860 Et
2122 827 2184 860 ex
2219 814 2314 862 isto

562 901 706 955 patet,
756 909 867 941 cum
913 894 1064 940 homo
1114 901 1273 955 potest
1314 893 1562 954 inopinate
1603 893 1671 940 uti
1714 893 1918 951 cibariis,
1961 893 2097 956 quod
2138 895 2315 943 abusus

562 989 730 1022 eorum
773 989 874 1022 non
917 983 987 1023 est
1028 975 1194 1022 vitium
1235 975 1390 1036 gulae,
1431 973 1516 1021 sed
1557 974 1799 1022 indebitus
1836 975 2090 1037 appetitus.
2177 974 2318 1023 Esau

561 1056 692 1103 enim
733 1056 975 1104 commisit
1015 1055 1193 1118 gulam,
1237 1056 1575 1107 decoctionem
1616 1054 1814 1103 ruffam¹
1849 1054 2006 1118 Jacob
2047 1055 2202 1105 fratris
2241 1056 2317 1104 sui

559 1137 771 1185 indebite
809 1135 1100 1198 appetendo,
1139 1136 1200 1184 de
1238 1150 1337 1198 quo
1376 1135 1501 1184 Gen.
1541 1151 1651 1184 XXV.
1735 1136 1870 1194 Ideo,
1910 1145 1964 1184 ut
2004 1137 2186 1185 dictum
2225 1146 2315 1196 est,

560 1218 675 1280 gula
698 1233 800 1265 non
825 1233 911 1280 per
936 1233 988 1265 se
1021 1225 1112 1265 stat
1147 1219 1197 1264 in
1220 1217 1462 1265 vescentia
1495 1217 1734 1279 culpabili,
1759 1217 1870 1265 licet
1906 1225 2041 1266 actus
2075 1218 2184 1267 talis
2206 1233 2313 1267 ves-

561 1299 746 1346 centiae
771 1299 1066 1362 quandoque
1092 1308 1267 1362 augeat
1291 1299 1587 1362 quandoque
1613 1299 1875 1348 diminuat²
1898 1301 2057 1363 ipsam
2077 1301 2261 1363 gulam.

629 1379 745 1437 Quo
781 1380 843 1427 ad
879 1381 1144 1428 secundam
1181 1381 1407 1443 speciem,
1435 1396 1558 1443 quae
1597 1381 1766 1428 dicitur
1802 1383 2100 1442 moderantia,
2130 1381 2317 1432 videtur

561 1462 694 1524 quod
735 1461 893 1510 solum
935 1463 1153 1521 consistit
1188 1463 1238 1509 in
1273 1470 1396 1519 actu,
1435 1477 1547 1510 cum
1581 1470 1747 1510 tamen
1781 1464 1938 1511 virtuti
1973 1464 2031 1512 sit
2066 1464 2316 1528 proprium

562 1542 823 1591 consistere
849 1543 1141 1605 quandoque
1165 1544 1215 1590 in
1239 1543 1417 1591 habitu.
1493 1542 1590 1590 Sed
1615 1543 1675 1590 de
1699 1544 1792 1591 isto
1818 1545 2316 1607 objectuconsidero,

561 1624 694 1686 quod
736 1624 1047 1672 solummodo
1089 1632 1161 1672 est
1202 1624 1419 1683 verbalis,
1464 1640 1577 1672 cum
1625 1625 1861 1687 contingit
1909 1626 2160 1674 hominem
2207 1641 2316 1676 esse

561 1706 866 1753 moderatum
907 1721 997 1768 pro
1038 1714 1273 1768 tempore,
1317 1721 1418 1768 quo
1459 1720 1561 1753 non
1608 1714 1682 1754 est
1727 1707 1779 1754 in
1820 1707 2065 1755 vescendo
2113 1707 2315 1757 cibariis.

564 1787 660 1848 Sed
706 1786 766 1834 de
813 1787 954 1834 tertia
1001 1786 1333 1834 nominatione
1381 1787 1562 1834 virtutis
1608 1783 1748 1849 gulae
1804 1787 2059 1850 oppositae
2104 1787 2315 1836 maxime

561 1868 719 1930 placet
743 1867 872 1914 mihi.
1173 1923 1175 1925 Ι

628 1948 898 1995 Phrenesis.
972 1947 1096 1998 Satis
1123 1957 1258 1996 acute
1293 1950 1488 2011 arguisti
1523 1956 1691 1997 contra
1722 1950 1930 2012 primam
1955 1950 2169 2012 speciem
2193 1965 2251 1999 ac
2276 1950 2316 1998 si

560 2029 773 2077 Pseustis
814 2029 1031 2076 habitum
1070 2029 1323 2077 induisseS.
1411 2030 1507 2077 Sed
1548 2030 1804 2078 considero
1845 2031 1979 2093 quod
2013 2033 2064 2079 in
2100 2033 2317 2081 secunda

561 2111 720 2172 specie
752 2110 932 2157 virtutis
966 2110 1331 2171 particulariter⁸
1364 2112 1672 2168 contentariS,
1699 2119 1746 2159 et
1770 2111 1819 2158 in
1850 2112 1988 2160 tertia
2011 2113 2125 2162 satis
2149 2113 2313 2176 plene,

560 2200 606 2239 et
632 2192 746 2238 satis
770 2198 844 2238 est
878 2191 1011 2248 mihi,
1045 2192 1171 2252 quia,
1202 2199 1255 2239 ut
1288 2191 1386 2239 dixi
1419 2191 1624 2253 saepiuS,
1649 2192 1765 2240 nolo
1797 2193 1847 2240 in
1879 2193 1971 2241 ista
2003 2195 2314 2243 contentione

559 2274 773 2320 indebita
796 2272 1056 2319 immorari.

626 2353 852 2400 Pseustz's.
923 2352 1084 2400 Video
1118 2353 1252 2415 quod
1284 2369 1485 2402 excusas
1518 2361 1564 2402 te
1597 2354 1777 2414 frivole,
1803 2355 2001 2418 quando
2034 2357 2176 2406 times
2200 2373 2315 2406 acu-

560 2435 676 2482 tiem
724 2434 1008 2495 argumenti.
1093 2433 1217 2492 Quis
1265 2435 1396 2482 enim
1445 2435 1630 2484 dubitat
1676 2437 1794 2498 quin
1839 2437 1954 2499 gula
2000 2440 2218 2487 consistit
2263 2440 2314 2487 in

561 2515 732 2563 actuali
768 2517 922 2563 abusu
957 2516 1287 2563 vescibilium?
1355 2515 1419 2564 Et
1454 2531 1541 2578 per
1577 2532 1884 2580 consequens
1917 2519 2063 2568 virtus
2098 2520 2188 2569 sibi
2223 2535 2314 2584 op-

558 2593 744 2660 posita4
780 2596 996 2643 consistit
1031 2596 1081 2642 in
1117 2611 1208 2644 usu
1249 2597 1544 2645 vescibilium
1581 2598 1872 2647 moderato⁵.
1943 2599 2007 2647 Et
2041 2615 2154 2649 cum
2195 2616 2314 2649 con-

558 2679 688 2724 tinue
737 2677 795 2725 sit
840 2691 955 2725 usus
1004 2677 1138 2735 alius,
1185 2678 1370 2725 videtur
1417 2678 1551 2740 quod
1595 2679 1741 2727 virtus
1787 2680 1929 2742 gulae
1977 2682 2216 2730 contraria
2261 2682 2314 2729 in

559 2759 868 2807 successione
917 2759 1189 2817 consistat⁶‚
1233 2767 1281 2806 et
1326 2759 1478 2806 homo
1525 2760 1772 2808 abstinens
1814 2760 2170 2811 vel-dormiens
2210 2777 2313 2811 non

559 2840 708 2887 foret⁷
748 2840 903 2887 taliter
943 2840 1194 2898 virtuosus,
1233 2855 1344 2888 cum
1387 2839 1524 2888 tunc8
1559 2855 1662 2888 non
1704 2841 1849 2889 habet
1888 2857 2030 2891 usum
2072 2841 2314 2892 debitum⁹

560 2921 733 2977 cibarii,
757 2920 1062 2980 assumendi3
1101 2921 1213 2983 quia
1237 2936 1339 2968 non
1363 2921 1424 2968 ad
1448 2930 1635 2968 tantum
1659 2921 1961 2981 infatuaris¹⁰,
1985 2931 2038 2972 ut
2062 2923 2199 2972 dicas
2221 2925 2311 2973 ho-

558 3002 740 3048 minem
775 3003 845 3049 uti
881 3001 990 3049 cibo
1027 3009 1074 3048 et
1110 3003 1237 3059 vino,
1264 3017 1388 3063 quae
1414 3002 1464 3048 in
1500 3002 1699 3050 cellariis
1724 3003 1809 3050 tibi
1842 3004 2140 3052 absconditis
2164 2989 2309 3068 atque

559 3083 724 3132 seratis
750 3091 917 3130 contra
940 3090 1076 3129 tuum
1100 3082 1329 3144 placitum
1353 3082 1674 3129 includuntur.
1753 3082 1886 3131 Sicut
1910 3099 2027 3147 ergo
2051 3085 2165 3147 gula
2193 3102 2311 3134 con-

558 3163 679 3211 sistit
717 3164 767 3210 in
808 3171 918 3211 actu
955 3164 1241 3220 successivo,
1280 3164 1346 3210 sic
1383 3171 1430 3210 et
1464 3163 1608 3210 virtus
1645 3163 1734 3211 sibi
1771 3165 2010 3226 opposita.
2085 3165 2310 3215 Similiter

557 3243 743 3291 videtur
766 3243 899 3305 quod
921 3242 1230 3306 blasphemas
1264 3243 1314 3290 in
1338 3243 1501 3290 Deum
1525 3252 1661 3291 tuum
1689 3244 1871 3307 justum
1895 3253 1942 3293 et
1966 3246 2172 3305 bonum,
2197 3250 2311 3310 quia

611 3349 625 3372 ³
655 3349 816 3401 ruffam]
840 3349 957 3395 offae,
977 3349 1040 3389 ed.
1061 3362 1146 3402 pr.;
1178 3349 1617 3390 ruffus=rubicundus.
1809 3350 1825 3373 ²
1852 3352 2071 3404 diminuat]
2094 3353 2308 3400 diminuet,

557 3403 618 3441 ed.
639 3416 724 3454 pr.;
754 3404 1051 3450 et—diminuit‚
1081 3403 1234 3444 A.B.C.
1510 3403 1525 3427 ³
1552 3404 1867 3457 particulariter]
1895 3406 2130 3458 partialiter,
2156 3407 2218 3446 ed.
2246 3421 2308 3459 pr.

556 3455 569 3476 4
598 3457 692 3508 sibi]
716 3471 797 3496 om.
819 3458 975 3497 A.B.C.
1140 3459 1154 3481 ⁵
1181 3457 1414 3509 moderato]
1431 3458 1651 3505 moderate,
1669 3460 1716 3499 C.
1733 3460 1797 3498 ed.
1817 3472 1878 3511 pr.
2041 3461 2056 3482 ⁶
2086 3461 2306 3513 consistat]

556 3510 753 3556 consistit,
774 3512 929 3551 A.B.C.
1139 3511 1154 3535 ⁷
1182 3511 1307 3563 foret]
1329 3516 1447 3558 esset,
1467 3513 1622 3552 A.B.C.
1838 3513 1853 3536 ⁸
1881 3513 1996 3565 tunc]
2018 3526 2139 3561 nunc,
2160 3514 2224 3555 ed.
2245 3528 2307 3568 pr.

554 3562 568 3583 ⁹
598 3563 801 3616 debitum]
823 3578 905 3605 om.
926 3565 989 3605 ed.
1011 3578 1070 3617 pr.
1237 3565 1268 3589 ¹⁰
1296 3565 1526 3617 infatuaris]
1548 3565 1735 3613 infatuaS,
1756 3566 1819 3606 ed.
1840 3579 1900 3619 pr.
