2496 4108
362 438 467 492 234
1042 420 1467 484 JOANNIS
1537 421 1888 472 WICLIF
2195 441 2354 472 unm.

600 555 822 603 concedit
863 554 924 603 de
965 554 1158 602 Christo
1198 554 1490 618 simpliciter,
1529 563 1576 603 et
1617 556 1720 603 scio
1762 555 1896 618 quod
1936 570 2110 604 omnes
2151 556 2351 618 sagittae

598 645 707 684 tuae
756 651 880 698 quae
926 636 1236 684 includuntur
1275 637 1326 683 in
1372 644 1454 684 tua
1494 636 1732 699 pharetra,
1775 637 2000 685 nesciunt
2045 636 2166 685 haec
2206 638 2352 686 verba
2416 667 2422 671 γ

597 717 797 765 Domini
812 718 1112 780 impugnare.
1159 716 1335 765 Utrum
1351 727 1513 766 autem
1531 717 1779 780 sequatur¹
1798 718 2089 782 simpliciter,
2106 717 2350 781 ‘aethiops

598 807 669 845 est
710 799 846 846 albus
889 798 1154 846 secundum
1191 798 1373 857 dentes,
1412 814 1530 861 ergo
1567 798 1788 861 aethiops
1824 807 1896 847 est
1932 797 2100 857 albus,'
2133 798 2353 862 relinquo

596 880 682 927 tibi
717 888 764 927 et
799 880 1028 943 sophistis
1064 881 1157 928 tuis
1193 881 1438 929 sodalibus
1471 880 1534 928 ad
1562 881 1813 929 materiam
1843 881 1999 944 magis
2031 880 2352 930 fructiferam²

597 961 892 1010 accedendo.

1292 1224 1450 1275 CAP.
1486 1226 1646 1275 XXX.

730 1348 912 1398 Nullus
935 1354 1196 1397 sanctorum
1219 1349 1480 1397 laudandus
1502 1354 1579 1407 est,
1605 1351 1707 1397 nisi
1724 1355 1943 1412 quatenus
1970 1349 2215 1399 Christum

1274 1431 1442 1495 fuerit
1460 1437 1653 1479 secutus.

662 1568 862 1616 Alz‘tlzz'a.
932 1567 1175 1626 Delector,
1208 1567 1350 1616 frater
1374 1567 1649 1627 Phronesis‚
1675 1568 1812 1631 quod
1843 1577 2030 1617 tantum
2062 1569 2349 1632 magnificas

598 1650 920 1708 Salvatorem3
960 1658 1007 1697 et
1030 1649 1214 1697 videtur
1237 1649 1356 1697 mihi
1382 1650 1519 1712 sequi
1543 1665 1604 1697 ex
1628 1651 1719 1699 ista
1744 1652 1996 1710 sententia,
2023 1651 2157 1714 quod
2189 1651 2350 1699 nullus

597 1739 873 1779 sanctorum
910 1731 971 1778 sit
1004 1730 1277 1778 laudandus
1313 1739 1365 1778 ut
1400 1746 1512 1793 pars
1547 1732 1796 1790 ecclesiae,
1823 1732 1914 1779 nisi
1938 1731 1999 1779 de
2034 1740 2218 1794 quanto
2242 1733 2348 1795 ipse

596 1821 788 1860 secutus
825 1812 965 1859 fuerit
1006 1812 1056 1858 in
1100 1811 1315 1859 moribus
1352 1812 1512 1874 ipsum
1547 1812 1817 1860 Dominum
1851 1812 2022 1876 Jesum
2058 1812 2346 1862 Christum³.

596 1893 799 1942 Videtur
821 1893 938 1940 mihi
961 1893 1163 1949 secundo,
1190 1892 1323 1954 quod
1355 1893 1513 1940 nullus
1549 1901 1826 1941 sanctorum
1858 1895 1908 1941 in
1931 1894 2088 1942 verbis
2111 1895 2186 1942 vel
2208 1893 2349 1944 factis

597 1976 655 2022 sit
679 1974 820 2022 laude
850 1974 1040 2036 dignus,
1067 1974 1157 2021 nisi
1190 1974 1250 2021 de
1284 1982 1466 2035 quanto
1492 1989 1520 2022 a
1545 1973 1739 2022 Christo
1772 1975 2071 2023 exhauserit*
2094 1977 2347 2025 materiam

594 2053 749 2099 laudis
786 2067 912 2099 suae.
982 2051 1045 2098 Et
1080 2051 1263 2098 videtur
1298 2051 1415 2098 mihi
1450 2053 1593 2109 tertio,
1621 2052 1754 2114 quod
1789 2053 2047 2101 auctoritas
2084 2054 2349 2116 scripturae

597 2149 774 2192 sacrae,
808 2149 932 2195 quae
968 2141 1040 2180 est
1063 2132 1140 2180 lex
1177 2132 1367 2190 Christi,
1394 2133 1636 2180 infinitum
1671 2134 1861 2181 excedit
1896 2135 2159 2196 quamlibet
2195 2136 2347 2198 scrip-

595 2224 751 2263 turam
776 2215 918 2263 aliam
942 2214 1396 2277 quantumcunque⁵
1421 2215 1712 2262 autenticam
1737 2215 2098 2277 assignandam.

283 2307 541 2370 fflgijgssgffigk.
662 2296 931 2344 Phronesz's.
1005 2295 1247 2343 Subtiliter
1294 2304 1342 2343 et
1389 2304 1526 2343 acute
1575 2295 1722 2344 infers
1768 2297 2050 2359 multiplicia
2095 2312 2220 2360 quae
2269 2312 2348 2345 se-

282 2375 541 2410 ”ifflmfflpeflffi
596 2386 821 2440 quuntur.
893 2377 1020 2426 Cum
1045 2378 1176 2424 enim
1200 2391 1261 2423 ex
1285 2376 1380 2424 fide
1406 2378 1639 2439 capimus,
1665 2377 1799 2439 quod
1822 2377 1958 2426 Deus
1982 2386 2083 2427 erat
2106 2378 2348 2438 Verbum,

597 2460 730 2522 quod
755 2458 951 2521 quidem
966 2445 1194 2505 ⁴Verbum
1221 2473 1334 2505 caro
1369 2458 1550 2506 factum
1576 2466 1662 2516 est,
1686 2467 1739 2507 ut
1766 2459 1937 2507 dicitur
1970 2459 2210 2522 Johannis
2233 2461 2278 2519 i.,
2298 2467 2347 2508 et

595 2541 750 2589 idem⁶
775 2541 1007 2597 Verbum,
1042 2539 1176 2602 quod
1211 2547 1284 2587 est
1310 2538 1528 2587 Christus
1558 2539 1716 2603 Jesus,
1741 2541 1924 2588 nedum
1948 2541 2132 2590 infinite
2155 2541 2347 2590 excedit

595 2636 934 2685 quemcunque
966 2621 1111 2668 alium
1143 2620 1395 2668 hominem
1428 2621 1699 2669 secundum
1733 2622 2041 2681 divinitatem,
2069 2622 2155 2671 sed
2187 2623 2346 2677 nullus

595 2704 713 2751 alius
749 2703 900 2750 homo
936 2711 1096 2765 potest
1132 2702 1220 2750 sibi
1256 2703 1306 2749 in
1330 2703 1498 2750 virtute
1523 2703 1599 2750 vel
1630 2703 1784 2765 gratia
1816 2705 2074 2766 coaequari
2110 2719 2202 2752 nec
2240 2705 2345 2753 sine

590 2786 674 2833 illo
710 2793 762 2832 ut
797 2785 932 2832 fonte
966 2784 1161 2842 salvari;
1212 2799 1360 2846 quam
1393 2799 1559 2831 verum
1591 2785 1751 2846 primo
1785 2785 2050 2843 concludis,
2080 2785 2215 2848 quod
2247 2786 2345 2835 sive

593 2875 753 2929 patres
789 2866 908 2929 legis
944 2866 1114 2931 veteris
1158 2866 1254 2912 sive
1297 2865 1416 2927 legis
1458 2866 1653 2926 gratiae,
1697 2874 2110 2928 quantuncunque
2155 2869 2347 2931 magni-

592 2949 806 3006 ficentur,
833 2963 935 2995 non
960 2955 1071 2995 sunt
1094 2946 1352 2994 laudandi⁷
1373 2947 1466 2994 nisi
1491 2946 1551 2994 de
1577 2955 1759 3009 quanto
1785 2948 1935 2995 secuti
1971 2947 2146 2996 fuerint
2169 2949 2345 2998 Domi-

591 3045 711 3077 num
752 3028 921 3092 Jesum
965 3028 1224 3076 Christum.
1302 3027 1366 3075 Et
1408 3027 1521 3075 hinc
1563 3028 1767 3076 ecclesia
1802 3037 1967 3076 nostra
2001 3029 2345 3078 rationabiliter

590 3110 736 3158 habet
760 3112 887 3158 hanc
914 3110 1330 3168 consuetudinem,
1357 3110 1490 3172 quod
1515 3124 1854 3172 quemcunque
1879 3119 2100 3159 sanctum
2124 3113 2342 3172 oraverit,

592 3207 867 3240 sermonem
909 3192 971 3240 ad
1012 3190 1256 3239 Christum
1297 3189 1459 3238 Deum
1502 3190 1672 3253 dirigit,
1711 3205 1811 3238 non
1854 3192 1916 3239 ad
1953 3192 2084 3239 illum
2121 3202 2343 3242 sanctum

645 3348 660 3371 ¹
689 3349 898 3401 sequatur]
920 3348 1111 3400 sequitur,
1131 3347 1194 3387 ed.
1215 3359 1276 3399 pr.
1387 3345 1402 3368 ²
1430 3345 1696 3398 fructiferam]
1718 3345 1979 3387 fructuosam.
2000 3347 2056 3387 D.
2164 3348 2180 3372 ⁸
2207 3349 2343 3402 ipsum

593 3402 819 3441 Dominum
848 3404 989 3456 Jesum
1009 3401 1238 3453 Christum]
1261 3399 1470 3440 Christum
1498 3406 1695 3446 nostrum,
1718 3401 1764 3440 B.
1793 3401 1948 3453 primae
1975 3415 2132 3448 manus,
2162 3403 2224 3442 ed.
2253 3416 2340 3456 pr.;

592 3456 731 3506 Jesum
750 3463 948 3502 nostrum,
969 3457 1025 3495 D.
1287 3453 1303 3476 ⁴
1331 3454 1578 3506 exhauserit]
1599 3454 1815 3499 inhauriat‚
1835 3454 1990 3496 A.B.C.
2010 3455 2166 3508 primae
2184 3470 2341 3497 manus.

590 3508 606 3531 ⁵
634 3511 1007 3562 quantumcunque]
1029 3521 1322 3562 quamcunque,
1339 3509 1402 3548 ed.
1422 3521 1484 3561 pr.
1594 3508 1609 3532 ⁶
1636 3508 1765 3560 idem]
1785 3508 1898 3554 illud,
1919 3509 1974 3550 D.
2080 3509 2098 3569 ,⁷
2125 3509 2341 3564 laudandi]

592 3562 782 3603 laudandi
802 3564 843 3603 in
864 3564 955 3611 fide,
977 3564 1130 3604 A.B.C.
1151 3564 1215 3603 ed.
1235 3575 1295 3615 pr.
