2496 4108
139 445 291 476 caan.
630 469 637 476 Α.
743 420 1317 473 TRIALOGUS.
2040 415 2139 471 281

139 559 203 608 de
226 559 405 608 nostris
445 557 780 607 sacerdotibus
821 565 870 605 et
911 558 1138 620 supponi.
1222 556 1577 605 Verumtamen
1619 557 1732 620 quia
1770 555 1900 605 istud

139 655 244 689 non
266 648 342 689 est
373 639 510 699 fides,
534 655 638 688 non
672 646 866 701 oportet
898 638 1032 701 quod
1064 639 1281 686 credatur
1303 640 1366 686 ab
1400 639 1618 696 ecclesia,
1645 638 1733 686 sed
1766 637 1901 701 quod

139 721 452 786 probabiliter
493 728 810 784 supponatur.
895 719 1003 767 Nee
1045 728 1239 782 oportet
1281 719 1415 782 quod
1457 721 1743 783 ambigatur,
1787 735 1901 768 cum

31 814 34 821 ’
139 803 294 852 multa
333 810 446 851 sunt
486 802 813 865 proponenda
853 801 1000 848 vianti
1042 816 1167 863 quae
1210 817 1303 849 nec
1347 801 1491 849 debet
1539 802 1759 850 dubitare
1809 816 1900 849 nec

68 902 75 910 ⁸
142 884 418 934 concedere
451 899 545 932 nec
577 898 771 948 negare,
803 890 856 930 ut
878 883 1133 945 proposito
1159 882 1292 941 mihi,
1318 882 1451 945 quod
1477 882 1610 930 sum1
1635 882 1900 946 praedesti-

139 974 299 1026 natuS,
324 974 406 1015 aut
430 965 492 1014 de
515 972 750 1028 peccante
770 965 989 1026 graviter,
1009 963 1143 1027 quod
1167 964 1255 1011 erit
1279 964 1538 1012 damnatus
1562 965 1785 1027 propter²
1803 964 1900 1013 hoc

140 1048 278 1112 quod
311 1048 400 1096 erit
433 1047 639 1095 finaliter
673 1046 958 1103 obstinatus,
985 1061 1077 1093 nec
1112 1046 1224 1094 talia
1260 1045 1481 1093 concedo
1519 1061 1611 1094 nec
1641 1061 1771 1108 nego
1807 1061 1899 1093 nec

139 1129 325 1189 dubim,
361 1128 449 1177 sed
487 1126 686 1190 reputo⁸
723 1142 875 1175 unam
913 1135 1115 1189 partem.
1200 1127 1264 1175 Et
1306 1129 1373 1175 sic
1414 1127 1515 1175 visa
1551 1126 1709 1175 hostia
1746 1127 1900 1175 adoro

139 1211 299 1276 ipsam
334 1209 738 1267 conditionaliter,
772 1217 819 1256 et
855 1208 1170 1256 omnimode*
1211 1208 1428 1256 deadoro
1471 1223 1649 1271 corpus
1680 1208 1898 1266 Domini,

140 1291 277 1357 quod
298 1300 373 1341 est
397 1306 604 1340 sursum.
674 1290 738 1338 Et
762 1291 831 1338 sic
863 1291 1117 1352 responsio
1151 1290 1214 1338 ad
1238 1290 1354 1338 istas
1387 1305 1474 1338 sex
1508 1290 1717 1353 argutias
1740 1298 1900 1354 potest

141 1387 251 1425 esse
273 1372 491 1423 medium
514 1371 578 1421 ad
600 1370 897 1420 tollendum⁶
922 1371 1194 1420 consimilia
1218 1379 1516 1434 argumenta.

876 1728 1035 1777 CAP.
1072 1729 1160 1776 XI.

841 1857 917 1905 De
962 1857 1195 1921 baptismo·

207 1989 412 2040 Alitlu‘a.
484 1988 633 2052 Rogo
663 1995 724 2047 te,
750 1987 894 2037 frater
918 1988 1196 2047 PhronesiS,
1222 1997 1379 2038 cesset
1409 1990 1618 2053 litigiosa
1650 1990 1899 2039 contentio
1956 1997 2154 2060 3320ng-

139 2073 354 2123 Pseustis
387 2072 553 2130 nostri,
578 2079 626 2120 et
659 2070 984 2134 procedamus
1019 2086 1107 2133 per
1136 2071 1358 2118 ordinem
1394 2072 1458 2120 ad
1493 2088 1578 2121 sex
1614 2073 1707 2120 alia
1741 2087 1900 2121 sacra-

139 2148 320 2203 menta.
388 2153 453 2202 Et
490 2153 606 2216 quia
641 2167 745 2200 non
779 2152 1005 2215 procedis
1040 2152 1310 2200 secundum
1345 2153 1568 2201 ordinem
1604 2170 1704 2217 quo
1742 2170 1901 2204 sacra-

141 2245 310 2285 menta
350 2234 598 2299 superius⁶
633 2234 856 2292 recitasti,
894 2234 981 2282 sed
1022 2234 1184 2296 potius
1227 2235 1499 2283 secundum
1537 2237 1761 2284 ordinem
1802 2251 1902 2300 quo

142 2325 449 2367 sacramenta
473 2317 524 2364 in
549 2316 786 2379 scriptura
810 2330 948 2363 sacra
972 2317 1248 2378 expressius
1282 2325 1394 2364 sunt
1417 2317 1629 2377 fundata,
1656 2319 1766 2366 ideo
1790 2327 1904 2381 post

141 2406 503 2450 sacramentum
527 2397 845 2446 eucharistiae
870 2397 1056 2444 videtur
1080 2412 1187 2446 esse
1221 2398 1488 2447 evidentius
1522 2401 1829 2449 tractandum
1853 2402 1905 2447 de

140 2480 376 2543 baptis-mo,
447 2479 570 2528 Ideo
594 2479 767 2527 vellem
793 2478 926 2541 quod
951 2479 1011 2526 de
1036 2479 1145 2541 ipso
1171 2479 1350 2541 aliquid
1373 2480 1652 2543 loquereris.

207 2561 481 2610 Phrenesis.
552 2561 718 2610 Placet
753 2561 815 2609 de
851 2561 945 2609 isto
981 2561 1166 2608 ordine.
1236 2561 1301 2608 Et
1335 2562 1493 2624 primo
1529 2564 1794 2622 videamus,
1819 2565 1903 2612 ubi
1963 2567 2181 2608 Baptismusin

1961 2607 2112 2643 SCHPtul'a
2124 2610 2212 2630 sacta

19 2689 22 2698 ,
138 2643 411 2707 baptismus
443 2644 494 2691 in
527 2642 783 2705 evangelio
809 2642 1056 2690 stabilitur.
1127 2641 1259 2690 Nam
1291 2643 1431 2705 lego⁷
1455 2643 1692 2693 Matthaei
1716 2646 1903 2702 ultimo,
1960 2636 2130 2666 ‘mmm'

0 2723 26 2790 ῥξ
141 2725 399 2789 quomodo
431 2723 653 2773 Christus
684 2723 931 2771 mandavit
964 2723 1063 2772 suis
1092 2725 1352 2786 apostolis:
1400 2726 1491 2773 ‘ite
1525 2726 1698 2774 docete
1730 2741 1905 2773 omnes

2 2791 22 2817 ‘¹'
142 2814 315 2870 gentes
361 2806 661 2869 baptisantes
712 2820 800 2853 eos
847 2806 898 2852 in
940 2805 1140 2853 nomine
1180 2805 1334 2854 Patris
1378 2815 1424 2854 et
1466 2807 1571 2854 Filii
1613 2816 1661 2856 et
1703 2808 1906 2871 Spiritus

147 2878 369 2937 Simcti⁸.'
440 2887 505 2936 Et
528 2887 644 2936 hinc
665 2886 919 2949 Philippus
943 2887 1194 2949 baptisans
1220 2887 1498 2935 eunuchum
1523 2888 1632 2936 Act.
1658 2890 1748 2937 viii.
1775 2890 1907 2952 prius

146 2969 372 3019 instruxit
413 2984 527 3017 eum
568 2970 620 3017 in
662 2968 773 3026 fide,
811 2969 934 3016 sicut
969 2968 1186 3016 fecerunt
1222 2970 1429 3032 apostoli
1465 2970 1573 3018 Act.
1612 2971 1672 3029 ii.,
1710 2971 1908 3034 quando

80 3090 85 3099 .
145 3051 387 3115 populum
404 3051 780 3115 baptisaverunt.
842 3047 1089 3097 Christum
1108 3058 1272 3098 tamen
1291 3066 1393 3098 non
1414 3053 1627 3114 oportuit
1642 3052 1910 3116 Baptistam

149 3132 426 3193 instruere⁹,
463 3133 524 3182 de
560 3147 660 3195 quo
686 3132 806 3180 Luc.
841 3131 919 3189 iii„
956 3131 1043 3179 sed
1075 3147 1102 3179 e
1136 3140 1304 3180 contra
1339 3133 1389 3179 in
1426 3132 1691 3181 humilitate
1727 3142 1775 3182 et
1808 3134 1913 3182 aliis

150 3214 407 3263 virtutibus
443 3229 473 3262 a
501 3213 723 3262 Domino
760 3221 833 3261 est
869 3212 1141 3261 instructus,
1212 3213 1275 3261 Et
1310 3223 1508 3277 propter
1543 3214 1669 3263 hanc
1704 3214 1912 3264 formam

206 3373 222 3398 ¹
249 3370 361 3424 sum]
383 3371 431 3419 si,
448 3371 504 3411 D.
671 3369 688 3393 ²
715 3367 906 3423 propter]
928 3380 1013 3420 per,
1034 3368 1191 3409 A.B.C.
1212 3369 1275 3410 ed.
1296 3384 1358 3423 pr.
1522 3370 1538 3393 ³
1572 3371 1736 3424 reputo]
1759 3377 1913 3425 repeto,

153 3426 220 3468 ed.
239 3438 303 3480 pr.
468 3424 484 3448 ⁴
511 3423 769 3475 omnimode]
791 3422 975 3467 omnino,
997 3422 1052 3462 D.
1073 3423 1136 3462 ed.
1157 3436 1219 3476 pr.
1390 3424 1405 3448 ³
1433 3425 1683 3479 tollendum]
1704 3440 1788 3467 om.
1809 3427 1912 3467 Α.Β.

155 3481 172 3506 ⁶
202 3479 409 3533 superius]
430 3480 630 3532 inscripta
649 3478 846 3532 superius,
869 3476 1025 3538 A·.B.C.
1045 3477 1109 3517 ed.
1130 3491 1191 3530 pr.
1464 3479 1479 3502 ⁷
1507 3479 1623 3532 lego]
1646 3480 1748 3533 lege,
1768 3481 1831 3522 ed.
1851 3494 1914 3535 pr.

154 3535 171 3560 ⁸
202 3547 348 3576 omnes
366 3534 745 3587 gentes—Spiritus
765 3530 926 3583 Sanctl]
948 3543 1030 3571 om.
1052 3531 1155 3571 A.B.
1177 3532 1239 3572 ed.
1262 3546 1323 3585 pr.
1508 3534 1523 3557 ⁹
1552 3534 1578 3574 i.
1588 3547 1623 3575 e.
1645 3535 1811 3576 Christo
1830 3549 1915 3577 non

157 3600 265 3643 opus
283 3587 361 3630 fuit
378 3588 648 3629 instructione
667 3587 890 3639 Baptistae.
