2456 4088
113 470 271 505 un...
604 428 611 437 ’
717 453 820 503 TR
835 453 928 503 [Α
950 454 1000 503 L
1030 455 1074 505 0
1095 454 1143 505 G
1167 454 1286 505 US.

117 588 255 652 quod
286 588 339 636 in
374 588 470 637 alio
493 588 660 639 seculo
695 589 847 639 beatis
882 589 1082 652 prodest
1117 590 1181 639 ad
1207 591 1491 654 praemium.
1561 590 1625 639 Et
1648 591 1717 639 sic
1741 589 1878 638 Deus

118 667 280 718 debite
303 670 540 733 praecipit
574 670 827 718 hominem
861 670 1013 719 multa
1047 670 1204 720 facere
1241 687 1366 735 quae
1402 671 1639 720 inducunt
1669 681 1878 721 mortem

117 751 367 814 propriam
401 753 720 815 corporalem,
759 767 872 800 cum
905 754 1095 801 bonum
1129 754 1313 802 virtutis
1353 770 1415 802 ex
1449 755 1563 803 hinc
1599 755 1878 819 acquiribile

117 831 179 882 sit
211 832 360 896 longe
393 833 566 882 melius
600 849 750 897 quam
783 834 879 882 vita
913 833 1126 884 hominis
1167 836 1489 898 temporalis¹‚
1531 845 1578 885 et
1619 838 1690 886 sic
1731 852 1879 900 supra

116 915 422 964 medicorum
456 923 610 965 artem
644 923 840 980 oportet
864 931 956 964 nos
979 917 1031 963 in
1056 924 1183 965 statu
1206 917 1517 967 beatitudinis
1550 918 1698 982 figere
1731 919 1879 967 fidem

117 1004 351 1056 nostram,
376 1005 425 1047 et
455 997 580 1046 ultra
612 1013 761 1061 quam
793 998 1037 1047 medicina
1068 1000 1315 1062 praecipit,
1349 1000 1686 1062 praecavendo
1712 1002 1881 1050 mortis

116 1078 361 1128 secundae
397 1079 611 1143 periculo
653 1079 915 1143 prudenter
955 1081 1006 1128 in
1046 1079 1208 1128 multis
1250 1081 1442 1130 casibus
1479 1082 1713 1145 jejunare.
1800 1082 1882 1130 Ad

115 1161 298 1208 tertiam
321 1167 456 1209 tuam
491 1162 772 1210 instantiam
809 1161 919 1210 dico
945 1161 1081 1224 quod
1103 1177 1272 1210 verum
1307 1163 1359 1210 in
1382 1163 1557 1226 majori
1590 1171 1728 1226 parte
1761 1178 1880 1212 con—

117 1239 287 1301 cludiS,
312 1242 492 1291 scilicet
516 1243 652 1306 quod
679 1243 919 1307 jejunium
951 1243 1209 1292 hominum
1240 1245 1565 1292 communiter
1598 1252 1671 1293 est
1701 1245 1881 1307 impru-

118 1320 258 1382 dens,
296 1330 345 1371 et
385 1323 455 1372 sic
498 1327 510 1349 ‘
524 1325 775 1387 generatio
811 1324 1027 1373 adultera
1051 1325 1190 1388 signa
1224 1325 1496 1374 sensibilia²
1525 1326 1810 1389 quaerens³'
1834 1331 1882 1374 et

117 1402 330 1453 fructum
365 1419 538 1453 eorum
569 1407 799 1454 omittens
829 1406 1008 1469 decipit
1041 1406 1278 1469 plurimos
1315 1421 1428 1455 cum
1455 1421 1507 1455 se
1531 1407 1650 1470 ipsa.
1735 1406 1882 1456 Unde

118 1485 270 1544 multi,
312 1487 490 1550 quibus
530 1501 634 1535 non
676 1487 902 1536 convenit
943 1487 1072 1535 istud
1105 1487 1358 1551 jejunium,
1399 1496 1512 1537 sunt
1559 1490 1622 1537 ab
1668 1488 1750 1537 illo
1796 1503 1884 1552 per

117 1567 310 1630 regulas
327 1567 584 1617 hominurn
602 1569 832 1628 excusati,
852 1577 904 1617 ut
925 1569 1130 1632 juvenes
1154 1577 1201 1618 et
1223 1578 1517 1632 praegnatae
1525 1569 1559 1629 4,
1584 1585 1726 1619 senes
1745 1579 1792 1619 et
1809 1571 1882 1618 in-

115 1649 246 1698 firmi
268 1657 318 1698 et
342 1650 654 1714 corporaliter
677 1651 968 1699 laborantes,
1038 1650 1099 1698 In
1127 1651 1231 1699 istis
1254 1658 1420 1699 tamen
1451 1651 1646 1715 posset⁶
1670 1667 1778 1701 esse
1803 1667 1882 1700 so-

115 1730 394 1795 phistican‘o
418 1747 482 1780 ex
505 1732 615 1791 hoc,
641 1732 776 1795 quod
795 1731 1020 1781 homines
1038 1746 1142 1780 non
1161 1732 1321 1780 debite
1341 1733 1584 1781 abstinent
1602 1747 1632 1780 a
1648 1742 1881 1797 peccat03

118 1812 184 1862 ad
205 1821 395 1862 tantum
419 1814 551 1862 enirn
575 1822 624 1862 et
647 1829 750 1863 non
774 1814 981 1877 amplius
1012 1814 1126 1877 lego
1151 1814 1212 1862 de
1237 1813 1445 1872 Christ0,
1472 1814 1606 1877 quod
1637 1814 1731 1864 tale
1759 1815 1882 1878 jeju-

113 1895 256 1943 nium
291 1895 544 1959 corporale
579 1896 878 1959 ponderavit,
903 1895 1033 1944 unde
1059 1892 1158 1944 sui⁶
1181 1895 1403 1958 discipuli
1440 1896 1543 1944 sine
1577 1910 1666 1944 suo
1702 1897 1882 1959 impro-

118 1975 283 2039 perio⁷
316 1977 476 2040 spicas
511 1977 754 2026 fructuum
788 1978 1015 2026 manibus
1050 1977 1376 2026 confricarunt
1411 1985 1460 2026 et
1495 1977 1721 2036 edebant,
1757 1977 1904 2041 quos*

115 2071 223 2106 non
244 2057 480 2121 vituperat
517 2057 605 2107 sed
629 2066 799 2106 contra
823 2057 1110 2107 Pharisaeos
1133 2066 1345 2117 excusat,
1369 2066 1423 2107 ut
1446 2066 1578 2122 patet
1601 2057 1775 2108 Matth.
1801 2060 1880 2106 xii.

118 2137 185 2187 Et
221 2139 291 2188 sic
314 2139 436 2188 ratio
471 2147 555 2189 tua
584 2155 642 2189 ac
677 2139 944 2199 difficultaS,
971 2154 1120 2203 quam
1155 2153 1340 2199 moveS,
1376 2147 1488 2188 sunt
1522 2139 1883 2202 superficialiter

121 2219 322 2270 solutae.

803 2496 981 2547 “CAP.
1019 2497 1183 2547 XXII.

877 2634 1132 2683 Luxuria.

190 2772 392 2822 Alitbz‘a.
464 2770 695 2835 Superest
729 2771 815 2819 tibi
851 2771 912 2820 de
947 2771 1135 2819 luxuria
1170 2779 1218 2819 et
1252 2771 1357 2834 ejus
1394 2772 1635 2820 contrario
1671 2779 1881 2834 pertrac-
1932 2826 1937 2831 ¹

122 2864 240 2915 tare,
289 2870 416 2914 cum,
465 2855 587 2903 sicut
634 2854 807 2912 dixisti,
856 2868 1034 2915 corpus
1081 2852 1217 2916 quod
1262 2854 1405 2903 nimis
1453 2853 1606 2902 laute⁸
1654 2854 1880 2916 pascitur,

124 2937 450 2988 communiter
485 2943 678 2999 spumat
713 2935 763 2982 in
798 2934 1060 2982 libidinem.
1133 2934 1255 2982 Ideo
1292 2935 1555 2998 corporalis
1594 2935 1883 2983 abstinentia

124 3019 296 3069 saltem
341 3033 370 3067 a
410 3017 788 3082 provocantibus
826 3016 889 3064 ad
929 3016 1181 3075 luxuriam,
1218 3015 1394 3064 devota
1430 3016 1695 3074 meditati0,
1733 3031 1881 3078 quam

124 3101 230 3151 vilis
264 3101 355 3150 erit
389 3114 504 3148 caro
539 3106 746 3156 mortua,
771 3105 819 3146 et
855 3098 1178 3146 consideratio
1213 3098 1274 3146 de
1302 3098 1520 3161 praemio
1546 3096 1810 3160 capiendo⁹
1835 3105 1883 3146 et

179 3270 194 3295 ¹
221 3270 307 3311 vita
317 3270 498 3312 hominis
512 3271 770 3324 temporalis]
785 3271 868 3311 vita
883 3270 1108 3324 corporalis
1121 3269 1314 3315 hominis,
1330 3270 1485 3310 A.B.c.
1611 3269 1628 3292 ²
1655 3269 1881 3324 sensibilia]

125 3337 209 3365 om.
225 3325 329 3366 ΑΒ.
343 3325 557 3372 secundae,
574 3326 622 3366 C.
639 3326 783 3366 tertiae
794 3338 952 3365 manus.
1061 3325 1077 3347 ⁸
1106 3324 1156 3365 cf.
1174 3325 1296 3364 Matt.
1313 3324 1392 3364 xvi.
1409 3337 1448 3375 4.
1572 3322 1588 3346 ⁴
1614 3325 1880 3378 praegnatae]

126 3378 198 3420 i.e.
218 3378 409 3420 mulieres
427 3384 712 3432 praegnantes.
770 3380 1023 3431 Praegnatae
1043 3379 1245 3423 mulieres,
1267 3379 1332 3424 Α.,
1354 3378 1403 3418 C.
1423 3378 1593 3430 primae,
1615 3379 1661 3417 B.
1682 3379 1884 3419 secundae

125 3445 294 3480 manus5
324 3440 608 3486 praegnantes,
622 3434 685 3473 ed.
700 3446 765 3486 pr.
874 3434 889 3457 ⁶
916 3434 1075 3486 posset]
1095 3439 1244 3486 potest,
1260 3432 1307 3471 B.
1323 3432 1480 3484 primae
1491 3445 1649 3478 manus,
1663 3432 1719 3471 D.
1735 3433 1798 3473 ed.
1819 3446 1886 3485 pr.

125 3487 142 3510 ⁶
169 3487 251 3540 sui]
272 3486 370 3540 ejus,
389 3487 436 3527 B.
452 3488 607 3540 primae
626 3501 785 3533 manus,
805 3486 868 3527 ed.
888 3500 951 3539 pr.
1215 3486 1231 3509 ⁷
1258 3485 1530 3538 improperio]
1552 3486 1620 3526 i.e.
1641 3487 1882 3539 opprobrio.

127 3540 302 3635 Zdhute]
324 3555 406 3583 om.
428 3542 475 3582 B.
497 3542 652 3595 primae
667 3554 826 3587 manus,
847 3542 909 3581 ed.
930 3554 991 3593 pr.
1281 3539 1297 3562 ⁹
1325 3540 1544 3593 capiendo]
1566 3540 1805 3588 obtinendo,
1825 3541 1881 3582 D.

181 3625 191 3635 .
209 3608 272 3648 pr.

2011 467 2114 523 203
