2462 4114
139 421 292 457 canu.
726 405 1311 457 TRIALOGUS.

137 542 276 585 mant
320 534 372 584 in
411 535 685 586 Dominum
732 538 1058 588 dominorum.
1132 539 1183 588 Si
1230 541 1371 604 igitur
1416 539 1611 590 tenens¹
1660 539 1887 588 secularis

135 615 326 667 domini
357 619 564 681 graviter
595 619 741 668 ferret
771 620 1081 669 mendacium
1119 622 1179 670 de
1215 622 1296 671 illo
1334 621 1536 670 domino
1571 622 1887 685 publicatum,

16 706 20 719 ¹
51 702 71 722 ”·
133 707 322 762 quanto
346 701 504 762 magis
527 701 727 763 quilibet
756 702 911 750 fidelis
935 702 1076 751 ferret
1107 705 1312 766 graviter
1335 704 1630 766 publicatam
1662 702 1889 766 blasphe-

137 780 291 830 miam
322 780 384 829 de
407 780 627 830 Domino
655 781 774 845 Jesu
798 782 1017 833 Christo!
1079 784 1188 833 Nec
1221 785 1422 834 dubium
1454 787 1572 848 quin
1604 785 1711 834 talis
1746 785 1892 833 frater

11 921 14 931 1
51 892 53 894 -
139 865 352 911 ‘annuat
383 862 551 911 oculis’
581 863 769 926 cupidis
808 872 856 912 et
890 865 1215 927 multipliciter
1245 867 1428 915 vitiosis
1463 866 1892 929 multiplicitatem²

0 3298 27 3571 ⁴²¹·bfflfflffu
3 3039 32 3280 ‘'affl-'sse‘ffl-rss!
19 2995 27 3010 —„
14 2966 22 2979 ,Δ
22 2879 37 2897 ⁶„
7 2844 10 2849 >
23 2739 27 2742 Δ

136 942 380 1006 nequitiae
405 958 522 993 suae
547 945 737 1003 mentis,
757 953 804 994 et
824 950 836 970 ‘
851 946 1000 1008 pede'
1026 946 1296 995 affectionis
1321 948 1538 997 animae⁸
1563 953 1574 974 ‘
1589 949 1716 997 terit'
1741 949 1892 998 multa

10 1013 53 1078 f·
136 1024 367 1074 virmtum
390 1024 580 1074 semina
611 1040 736 1088 quae
766 1035 1036 1076 crescerent
1059 1028 1110 1075 in
1134 1029 1339 1077 ecclesia
1366 1029 1613 1088 militante,
1639 1036 1688 1078 et
1713 1029 1890 1078 solem-

137 1104 345 1157 nisando
379 1106 592 1169 argutias
629 1111 641 1132 ‘
656 1106 835 1170 digito4
869 1107 1109 1171 loquitur,’
1146 1124 1390 1172 pompans
1427 1125 1478 1158 se
1513 1110 1692 1158 habere
1727 1119 1891 1173 potes-

9 1189 27 1265 ’μς
43 1220 46 1222 -
133 1194 288 1238 tatem
321 1188 554 1237 subtiliter
584 1189 820 1252 operandi
853 1204 999 1254 super
1022 1189 1117 1238 hoc
1149 1191 1284 1254 quod
1308 1190 1443 1240 Deus
1465 1207 1682 1255 unquam
1706 1191 1891 1251 habuit,

137 1276 192 1317 ut
225 1277 360 1333 patet
392 1269 456 1320 de
490 1271 590 1320 suis
625 1271 867 1320 miraculis
901 1271 1193 1332 accidentis3
1248 1288 1339 1321 nec
1376 1272 1576 1321 dubium
1623 1274 1741 1336 quin
1783 1273 1890 1321 talis

141 1354 155 1377 ‘
170 1347 405 1414 apostata'
425 1351 486 1401 sit
507 1351 719 1414 repletus
743 1352 794 1399 in
817 1351 1008 1400 mente⁵
1032 1353 1311 1412 mendaciis,
1333 1358 1344 1378 ‘
1360 1369 1509 1417 pravo
1536 1354 1684 1402 corde
1709 1353 1891 1402 machi-

139 1431 308 1481 natur⁶
332 1432 535 1481 malum'
561 1433 625 1483 ad
649 1433 886 1482 damnum
909 1434 1154 1483 ecclesiae.
1225 1435 1288 1483 Et
1318 1451 1431 1484 cum
1455 1436 1573 1484 nihil
1596 1443 1757 1498 potest
1781 1450 1892 1484 esse

138 1514 296 1577 magis
329 1515 523 1564 occasio
549 1514 822 1578 jurgiorum
854 1531 1003 1579 quam
1035 1517 1290 1565 seminatio
1313 1517 1420 1566 talis
1453 1517 1709 1575 mendacii,
1736 1516 1892 1565 mani-

137 1594 326 1646 festum.
354 1603 427 1644 est
466 1596 602 1659 quod
643 1597 871 1645 continue
916 1601 927 1622 ‘
943 1599 1184 1647 seminant
1222 1598 1392 1662 jurgia’
1434 1600 1485 1647 in
1522 1599 1740 1657 ecclesia,
1778 1613 1891 1647 cum

141 1676 236 1727 sint
257 1677 328 1726 sic
351 1678 619 1727 mendaciis
640 1686 742 1726 tam
766 1694 972 1742 corpore
996 1694 1145 1742 quam
1169 1681 1333 1727 anima
1355 1681 1556 1728 involuti
1568 1681 1599 1729 ⁷.

209 1755 447 1807 Secundus
477 1759 647 1807 abusus
676 1758 878 1808 fratrum
909 1769 983 1809 est
1015 1762 1198 1809 crimen
1229 1762 1560 1824 blasphemiae
1597 1776 1696 1824 quo
1732 1761 1890 1823 impo-

139 1847 264 1888 nunt
286 1840 338 1888 in
355 1839 616 1900 Christum,
642 1841 776 1905 quod
799 1842 1092 1891 mendicavit
1116 1843 1388 1891 notabiliter
1407 1844 1469 1890 ab
1492 1842 1706 1900 homine,
1733 1840 1892 1905 quod⁸

139 1920 335 1971 fratres⁹
374 1923 654 1973 mendicant
695 1939 725 1972 a
761 1925 1066 1986 pauperibuS,
1106 1925 1241 1987 ipsos
1281 1924 1578 1972 mendaciter
1620 1922 1890 1986 spoliando,

141 2002 241 2052 Sed
281 2004 343 2053 de
379 2004 472 2054 isto
513 2013 647 2068 patet
684 2006 916 2069 superiuS‚
953 2005 1311 2054 considerando
1353 2006 1488 2068 quod
1530 2006 1570 2054 si
1613 2020 1756 2068 super
1796 2004 1892 2052 hoc

138 2084 458 2135 fundamento
481 2086 681 2135 fratrum
699 2087 895 2151 ordines
920 2095 1031 2136 sunt
1055 2086 1253 2145 fundati,
1273 2095 1389 2136 tunc
1414 2086 1668 2135 manifeste
1687 2087 1892 2134 innuunt

139 2181 194 2216 se
235 2182 343 2216 esse
383 2182 444 2216 ex
485 2176 622 2232 parte
664 2168 855 2217 diaboli.
950 2167 1135 2216 Tertius
1178 2169 1351 2216 abusus
1392 2176 1466 2217 est
1504 2169 1554 2215 in
1591 2168 1893 2230 blasphemia

139 2247 382 2301 literarum
427 2248 749 2308 fraternitatis,
791 2250 842 2297 in
889 2251 1064 2313 quibus
1106 2251 1313 2298 innuunt
1355 2265 1405 2298 se
1446 2250 1565 2298 velle
1603 2250 1848 2312 implicare
1859 2249 1895 2276 ¹⁰
1964 2263 1983 2283 ²

138 2331 392 2394 proximos
439 2331 776 2381 confoederari
821 2339 1055 2394 tanquam
1094 2331 1263 2380 fratres
1306 2346 1421 2380 suos
1462 2340 1509 2380 et
1547 2331 1670 2379 filias
1715 2330 1892 2378 diaboli

138 2426 255 2463 cum
290 2420 500 2475 patrono
541 2413 616 2461 sui
657 2413 854 2472 ordinis,
892 2414 974 2476 qui
1014 2412 1199 2461 videtur
1239 2428 1347 2461 esse
1392 2413 1619 2476 princeps
1661 2412 1808 2460 seculi
1845 2420 1893 2459 et

138 2493 368 2550 seductor
410 2494 652 2557 pessimus
698 2495 1016 2543 antichristus.
1098 2493 1308 2552 Quartus
1353 2494 1526 2542 abusus
1572 2494 1772 2542 fratrum
1818 2501 1892 2540 est

139 2590 313 2625 eorum
330 2574 613 2624 damnanda
628 2575 949 2625 extollentia¹¹
970 2590 1114 2638 supra
1133 2575 1396 2634 Christum,
1418 2590 1531 2623 cum
1549 2575 1631 2623 ubi
1656 2573 1889 2632 ChristuS,

138 2656 224 2720 qui
264 2665 339 2708 est
376 2657 606 2720 magister
645 2659 860 2720 optimus
901 2665 1044 2719 atque
1085 2656 1382 2719 potissimus,
1426 2656 1585 2703 solum
1632 2655 1891 2703 duodecim

137 2737 349 2788 habebat
371 2738 638 2803 apostolos,
664 2754 720 2788 ac
744 2739 851 2787 illos
875 2746 1138 2802 postquam
1161 2737 1212 2784 in
1236 2736 1330 2784 fide
1355 2736 1566 2799 perfecte
1590 2737 1889 2795 instruxerat,

2029 404 2130 474 367

137 2820 268 2870 misit
290 2820 342 2869 in
359 2819 599 2871 mundum
623 2821 686 2869 ad
694 2820 732 2847 ¹²
748 2820 1051 2882 evangelium
1071 2818 1465 2881 praedicandum,
1492 2818 1567 2865 isti
1592 2825 1892 2879 congregant
1947 2856 1952 2861 t

139 2901 232 2951 sibi
261 2901 380 2966 ipsis
401 2901 608 2951 furando
641 2900 863 2965 pueros¹³
886 2901 1016 2950 milia
1039 2900 1189 2949 multa
1212 2900 1276 2948 ad
1299 2907 1608 2957 conventum,
1633 2906 1682 2946 et
1705 2899 1891 2961 praedi-

141 2982 300 3035 cando
323 2984 524 3034 verbum
547 2984 694 3047 patris
731 2984 803 3032 sui
838 2982 990 3031 modo
1000 2981 1035 3009 ¹⁴
1068 2996 1168 3046 quo
1193 2981 1325 3044 prius
1361 2980 1531 3029 dicitur
1556 2980 1763 3028 claustro
1801 2995 1890 3029 suo

196 3120 212 3145 ¹
239 3118 401 3172 tenens]
430 3131 583 3165 servus,
602 3118 655 3158 A.
676 3117 878 3158 secundae
897 3130 1066 3162 manus;
1096 3129 1235 3156 servus
1254 3121 1409 3163 tenens,
1429 3115 1476 3155 Β.
1497 3115 1698 3156 secundae
1717 3128 1863 3156 manus
1880 3128 1892 3163 ;

142 3179 344 3219 retenens,
364 3173 413 3213 B.
431 3173 589 3225 primae
606 3185 752 3212 manus
770 3186 780 3221 ;
808 3172 1000 3217 retinens,
1022 3171 1076 3211 D.
1097 3171 1160 3211 ed.
1180 3184 1242 3224 pr.
1480 3170 1496 3192 ²
1523 3169 1641 3210 multi
1673 3169 1889 3222 licitatem]

141 3227 459 3291 multiplicitate,
488 3226 561 3273 B.;
600 3225 911 3279 multiplicatae,
940 3226 1004 3266 ed.
1033 3238 1096 3278 pr.
1225 3225 1241 3248 ⁸
1268 3224 1449 3276 animae]
1470 3225 1554 3263 imo
1574 3224 1725 3270 animo,
1745 3224 1809 3263 ed.
1861 3237 1891 3263 r.

141 3281 159 3307 ¹
184 3281 336 3335 digito]
370 3281 422 3322 de
450 3281 595 3332 digito,
625 3281 672 3320 B.
692 3281 755 3320 ed.
775 3293 837 3332 pr.
1012 3280 1028 3303 ⁵
1051 3279 1094 3319 in
1113 3279 1269 3331 mente]
1291 3279 1480 3331 inquiete,
1502 3278 1552 3318 C.
1693 3277 1709 3301 ⁶
1736 3291 1830 3317 mac
1860 3278 1894 3317 i-

145 3335 287 3388 natur]
307 3335 575 3382 machinetur,
595 3334 659 3374 ed.
680 3347 743 3386 pr.
912 3332 929 3356 ⁷
957 3334 1008 3374 cf.
1029 3334 1149 3374 Prov.
1171 3334 1224 3373 vi.
1249 3344 1422 3383 12—14.
1577 3332 1592 3355 ⁸
1621 3331 1750 3384 quod]
1773 3332 1891 3378 sicut,

142 3390 208 3432 ed.
222 3403 284 3443 pr.
373 3389 390 3412 ⁹
418 3387 882 3439 mendicavit—fratres]
899 3400 982 3428 om.
999 3388 1053 3428 A.
1065 3387 1221 3440 primae
1232 3399 1389 3431 manus,
1406 3386 1505 3427 B.C.
1519 3386 1719 3427 secundae
1733 3398 1891 3426 manus.

142 3445 175 3470 ¹⁰
201 3442 432 3498 implicare]
452 3442 736 3495 multiplicare,
758 3442 913 3482 A.B.C.
1042 3443 1070 3466 ¹¹
1099 3447 1160 3481 est
1179 3440 1435 3492 extollentia]
1456 3453 1538 3480 om.
1560 3441 1612 3480 A.
1632 3441 1789 3492 primae
1807 3453 1891 3480 ma-

142 3510 245 3545 nus;
274 3497 526 3543 excellentia,
549 3496 595 3536 B.
611 3496 675 3537 ed.
695 3508 756 3549 pr.
867 3495 898 3519 ¹²
925 3494 998 3548 ad]
1019 3509 1102 3536 orn.
1122 3495 1185 3535 ed.
1207 3508 1267 3547 pr.
1380 3494 1409 3518 ¹³
1436 3493 1604 3547 pueros]
1629 3507 1777 3547 pueros
1798 3494 1891 3541 sibi,

146 3551 300 3594 A.B.C.
411 3551 441 3576 ¹⁴
469 3551 530 3592 sui
550 3550 696 3603 modo]
718 3549 893 3602 signum,
915 3550 966 3589 A.
987 3549 1155 3602 primae,
1178 3549 1276 3590 ΒΕ.
1298 3549 1497 3589 secundae
1517 3562 1675 3594 manus,
1695 3549 1759 3589 ed.
1780 3562 1839 3601 pr.
