2496 4108
161 449 317 480 endo.
763 430 1337 493 TRIALOGUS.

157 578 272 615 cum
307 579 513 629 corpore
548 566 705 630 panis,
729 573 782 615 ut
817 565 1001 615 dictum
1026 575 1099 615 est
1133 566 1218 615 tibi
1255 567 1475 630 superius
1510 565 1571 614 de
1607 566 1915 616 distinctione

156 643 533 708 praedicationis
571 645 790 695 formalis
832 655 880 695 et
922 647 1295 711 praedicationis
1331 648 1602 696 essentialis
1639 655 1688 695 et
1723 647 1913 695 habitu-

155 723 342 774 dinalis
414 725 671 786 Quantum
703 728 767 777 ad
789 729 1031 777 secundam
1057 730 1326 777 instantiam
1351 737 1499 787 tuam,
1526 729 1709 776 dictum
1733 736 1806 777 est
1830 728 1915 777 tibi

155 807 390 871 superius,
408 809 544 872 quod
562 825 742 873 corpus
762 809 940 859 Christi
959 818 1033 858 est
1051 810 1116 858 ibi
1137 810 1455 873 spiritualiter,
1475 811 1623 858 etiam
1642 809 1794 858 modo
1813 824 1913 873 quo

154 889 462 952 distinguitur
495 892 814 941 essentialiter
849 907 878 941 a
914 907 1121 955 corpore
1157 892 1312 954 paniS.
1385 891 1507 939 Ideo
1543 891 1743 954 quando
1778 891 1914 949 dicis,

151 969 286 1033 quod
318 971 562 1020 nescimus
595 972 770 1033 dicere,
793 981 956 1022 utrum
991 988 1170 1036 corpus
1197 973 1377 1021 Christi
1413 969 1470 1021 sit
1501 973 1566 1020 ibi
1599 972 1915 1021 essentialiter

153 1052 468 1115 corporaliter
500 1054 577 1102 vel
609 1054 1035 1113 dimensionaliter,
1060 1055 1247 1103 videtur
1279 1054 1411 1113 mihi,
1437 1054 1572 1118 quod
1605 1053 1916 1117 probabiliter

153 1132 315 1182 dicere
346 1149 624 1198 possumuS,
657 1137 794 1199 quod
826 1152 1004 1200 corpus
1030 1136 1207 1186 Christi
1240 1144 1315 1185 est
1346 1137 1412 1184 ibi
1443 1145 1621 1198 corpus,
1653 1137 1767 1199 quia
1798 1135 1915 1184 illud

150 1214 283 1264 idem
313 1230 493 1280 corpus
523 1217 659 1281 quod
689 1219 741 1266 in
774 1219 916 1267 coelo
949 1219 1235 1267 extenditur.
1307 1217 1406 1266 Sed
1439 1205 1601 1265 utrum
1638 1217 1698 1265 sit
1722 1217 1788 1265 ibi
1811 1232 1914 1264 cor-

144 1296 415 1360 poraliter1,
451 1299 638 1348 videtur
672 1300 792 1348 mihi
827 1301 963 1364 quod
997 1301 1135 1349 multi
1171 1302 1222 1349 in
1257 1300 1658 1362 aequivocatione
1693 1299 1916 1346 laborant

150 1378 372 1428 inaniter.
431 1379 564 1428 Nam
587 1380 905 1444 intelligendo
929 1382 1025 1431 hoc
1045 1382 1327 1431 adverbium
1350 1381 1708 1444 reduplicative,
1730 1380 1915 1428 videtur

150 1459 269 1509 mihi
293 1461 429 1524 quod
459 1476 638 1525 corpus
671 1462 850 1513 Christi
883 1465 942 1513 sit
974 1464 1155 1512 ibidem
1180 1478 1374 1526 coerS,
1399 1471 1446 1511 et
1469 1477 1573 1510 non
1598 1461 1685 1510 sit2
1709 1477 1914 1525 corpor-

151 1541 299 1601 aliter,
333 1543 421 1592 sed
453 1559 567 1592 cum
599 1545 839 1594 adverbiis
876 1545 1096 1608 analogis
1132 1545 1337 1594 concedi
1374 1543 1531 1601 debet,
1566 1543 1701 1607 quod
1736 1558 1914 1606 corpus

152 1623 331 1673 Christi
377 1632 453 1673 est
498 1626 564 1674 ibi
610 1627 737 1675 bene
784 1627 985 1690 pulchre
1033 1635 1080 1675 et
1120 1627 1337 1686 realiter3
1391 1641 1495 1674 non
1541 1634 1707 1674 tamen
1755 1625 1914 1673 audeo

151 1705 327 1764 dicere,
364 1707 499 1770 quod
531 1715 607 1757 est
641 1709 709 1757 ibi
743 1709 1158 1757 dimensionaliter
1180 1708 1255 1756 vel
1290 1715 1505 1765 extense,
1531 1707 1642 1755 licet
1679 1707 1739 1755 sit
1773 1706 1914 1770 panis

149 1789 234 1852 qui
257 1797 330 1838 est
353 1789 420 1837 ibi
438 1789 852 1839 dimensionaliter
875 1799 923 1839 et
947 1799 1162 1839 extense.
1225 1790 1323 1838 Sed
1343 1789 1560 1838 secunda
1578 1789 1913 1851 aequivocatio

150 1870 488 1920 adverbiorum
521 1872 804 1935 hujusmodi
839 1880 928 1931 est,
953 1872 1088 1935 quod
1122 1872 1427 1934 accipiuntur
1465 1871 1765 1934 quandoque
1801 1870 1917 1918 sim-

144 1952 349 2017 pliciter,
373 1960 427 2002 ut
444 1969 521 2002 res
545 1954 716 2003 dicitur
739 1969 846 2003 esse
871 1954 1185 2018 corporaliter
1209 1953 1399 2011 alicubi,
1426 1953 1543 2000 dum
1568 1960 1642 2000 est
1671 1953 1737 2000 ibi
1761 1952 1915 2000 modo

151 2035 383 2098 corporis.
454 2035 519 2084 Et
543 2037 612 2084 sic
644 2036 915 2099 intelligunt
940 2037 1156 2099 quidam,
1184 2035 1320 2098 quod
1353 2049 1532 2097 corpus
1557 2033 1737 2082 Christi
1770 2042 1843 2082 est
1867 2034 1917 2081 in

151 2115 311 2165 hostia
356 2117 669 2180 corporaliter
717 2118 1091 2166 substantialiter
1132 2124 1181 2166 et
1228 2116 1559 2165 essentialiter.
1647 2115 1711 2163 Et
1757 2123 1918 2178 potest

156 2198 433 2247 confirmari
469 2199 561 2247 ista
584 2200 766 2248 locutio
802 2215 863 2248 ex
898 2208 1034 2248 textu
1069 2198 1280 2262 apostoli
1317 2198 1380 2246 ad
1406 2197 1597 2245 Coloss.
1622 2197 1669 2245 ii.
1696 2197 1916 2255 dicentiS,

151 2280 288 2344 quod
331 2284 342 2305 ‘
357 2280 408 2328 in
449 2279 644 2330 Christo
689 2282 850 2330 omnis
886 2281 1139 2344 plenitudo
1182 2279 1438 2328 divinitatis
1485 2278 1670 2327 habitat
1717 2294 1917 2341 corpor-

152 2359 317 2421 aliter,'
358 2377 462 2411 non
500 2362 636 2426 quod
678 2363 898 2411 divinitas
940 2370 1107 2426 posset
1148 2378 1239 2409 esse
1279 2362 1583 2423 corporaliter
1597 2377 1622 2416 ,·
1679 2361 1766 2408 sed
1802 2361 1918 2423 quia

152 2444 289 2493 multi
329 2444 555 2493 haeretici
597 2444 940 2503 abhorrebant,
982 2444 1118 2507 quod
1160 2444 1383 2492 Christus
1426 2442 1486 2491 sit
1527 2443 1635 2505 ipsa
1677 2442 1916 2500 divinitas,

152 2541 266 2574 cum
291 2526 351 2575 sit
374 2541 570 2589 corpus,
595 2527 845 2589 apostolus
880 2526 994 2575 dicit
1019 2526 1177 2583 nobis,
1203 2525 1339 2588 quod
1370 2525 1421 2572 in
1447 2523 1642 2572 Christo
1678 2524 1916 2572 existente

151 2608 478 2671 corporaliter,
493 2607 590 2656 hoc
610 2616 683 2656 est
698 2608 850 2656 modo
869 2608 1105 2670 corporis,
1122 2607 1306 2654 habitat
1324 2606 1532 2654 identice
1552 2605 1660 2668 ipsa
1679 2605 1916 2663 divinitaS,

151 2697 200 2739 et
226 2690 296 2739 sie
321 2689 558 2748 divinitas,
585 2689 696 2737 licet
721 2704 822 2736 non
848 2690 908 2737 sit
942 2689 1268 2751 corporaliter,
1295 2697 1367 2736 est
1399 2695 1564 2735 tamen
1588 2702 1767 2750 corpus
1792 2687 1917 2735 exis-

151 2778 261 2820 tens
285 2772 614 2835 corporaliter.
686 2770 784 2820 Sed
819 2772 943 2820 absit
976 2770 1283 2834 quenquam⁸
1308 2770 1518 2828 credere,
1544 2770 1680 2832 quod
1705 2769 1916 2832 redupli-

152 2854 304 2904 cative
340 2853 654 2916 intelligendo
686 2852 910 2902 Christus
947 2853 1005 2902 sit
1037 2851 1352 2915 corporaliter
1387 2852 1493 2914 ipsa
1527 2851 1762 2910 divinitas,
1802 2866 1939 2899 cumx

151 2936 213 2992 sit
253 2949 446 2999 corpuS,
486 2936 601 2998 quia
642 2942 757 2983 tunc
801 2936 1092 2998 inquantum
1141 2949 1334 2996 corpuS,
1378 2941 1426 2981 et
1473 2948 1560 2996 per
1607 2947 1915 2996 consequens

15 3046 21 3049 —
72 3075 73 3081 ¹
153 3017 432 3066 necessario
469 3031 618 3065 omne
658 3031 836 3079 corpus
878 3016 1002 3064 foret
1039 3016 1146 3079 ipsa
1185 3016 1420 3063 divinitas,
1492 3014 1710 3074 Quando
1750 3023 1914 3062 autem

152 3099 265 3162 talia
289 3098 517 3147 adverbia
549 3098 884 3160 intelliguntur
916 3098 1276 3160 reduplicative,
1307 3104 1501 3160 oportet
1533 3096 1728 3143 notare⁴
1752 3111 1838 3158 per
1862 3111 1913 3144 se

153 3180 570 3244 praedicationem
606 3188 655 3228 et
691 3180 754 3228 ad
787 3179 966 3228 modos
1001 3178 1295 3227 universales
1331 3178 1620 3235 attendere⁵,
1657 3186 1708 3225 ut
1743 3177 1912 3235 homo,

155 3261 446 3325 inquantum
485 3262 597 3310 vivit
640 3262 785 3325 juste,
827 3262 939 3308 vivit
979 3261 1205 3319 virtuose,
1247 3260 1361 3323 quia
1401 3275 1489 3322 per
1530 3274 1582 3307 se
1620 3260 1802 3322 justitia
1842 3267 1914 3308 est

155 3345 318 3402 virtuS,
343 3358 435 3392 nec
460 3351 627 3407 posset
651 3343 803 3391 homo
825 3343 953 3406 juste
977 3342 1133 3390 vivere
1158 3342 1250 3390 nisi
1274 3341 1472 3390 haberet
1496 3340 1700 3389 modum
1723 3340 1913 3389 vivendi

212 3483 226 3507 ¹
256 3482 543 3537 corporaliter]
565 3482 833 3535 corporaliter
852 3482 915 3523 vel
936 3481 1297 3528 dimensionaliter,
1320 3481 1475 3521 A.B.C.
1496 3480 1561 3522 ed.
1581 3494 1642 3533 pr.
1800 3481 1817 3504 ²
1845 3481 1916 3533 sit]

157 3538 229 3584 sic,
250 3537 307 3578 D.
470 3539 484 3560 ³
520 3537 770 3589 quenquam]
792 3549 1086 3589 quemcunque,
1109 3537 1162 3575 D.
1356 3536 1370 3558 ¹
1399 3536 1565 3588 notare]
1587 3548 1750 3589 negare,
1770 3536 1834 3577 ed.
1852 3549 1913 3589 pr.

154 3591 170 3616 ³
198 3592 429 3645 attendere]
450 3591 675 3638 actualiter,
695 3592 758 3632 ed.
780 3605 840 3644 pr.

2051 446 2154 503 279
