2456 4088
342 441 440 476 212

1023 425 1448 488 JOANNIS
1519 426 1867 477 WICLIF
2169 443 2328 472 mmm.

573 562 692 623 jano
736 573 934 607 causam
972 558 1338 607 antecedentem
1379 560 1681 622 probabilem
1722 561 1984 623 assignare.
2053 558 2180 607 Item
2214 573 2327 606 cum

576 642 712 689 Deus
745 641 804 688 sit
836 640 1148 703 omnipotens
1180 649 1228 688 et
1259 641 1487 689 volitione
1520 656 1709 689 summe
1738 641 1859 689 liber
1881 648 1935 688 ut
1967 640 2154 698 asseriS,
2179 653 2328 702 quare

576 738 677 770 non
702 730 867 785 posset
892 738 952 769 ex
976 722 1210 770 infinitate
1243 722 1471 771 libertatis
1501 738 1616 771 suae
1642 730 1785 786 atque
1809 722 2053 786 potentiae
2076 720 2328 769 hominem

575 819 764 852 servare
810 804 1120 862 incolumem,
1163 812 1211 852 et
1257 803 1573 866 postmodum
1619 812 1875 867 peccatum
1926 802 2218 851 remittendo
2265 800 2330 850 ad

576 893 751 934 statum
775 884 1097 947 primaevum1
1132 885 1396 935 reducere?
1432 886 1528 934 hoc
1561 886 1692 933 enim
1722 885 1847 933 foret
1871 884 2085 948 undique
2118 896 2327 946 congru-

574 966 756 1015 entius2
802 975 849 1014 et
894 967 1001 1028 plus
1048 966 1369 1015 honorificum
1410 967 1520 1015 Deo
1569 968 1844 1030 magnifico.
1933 966 2158 1014 Similiter
2204 964 2328 1014 sicut

575 1064 747 1096 omnes
783 1048 997 1110 theologi
1033 1048 1330 1111 profitentur,
1366 1048 1503 1096 Deus
1545 1064 1606 1096 ex
1649 1049 2002 1111 omnipotentia
2037 1062 2125 1097 sua
2161 1053 2328 1109 posset

574 1137 815 1192 gratanter
840 1138 888 1177 et
918 1130 1064 1177 libere
1097 1130 1283 1177 homini
1315 1130 1508 1193 culpam
1530 1130 1728 1190 totalem
1754 1130 2004 1187 dimittere,
2030 1136 2079 1176 et
2110 1128 2252 1191 plene
2276 1127 2327 1175 in

575 1218 701 1259 statu
719 1212 1027 1259 innocentiae
1051 1226 1234 1273 ponere
1260 1211 1382 1259 sicut
1405 1212 1577 1274 primo.
1651 1211 1814 1270 Quare
1839 1226 1957 1274 ergo
1981 1211 2044 1259 ab
2067 1210 2147 1258 illo
2171 1208 2328 1272 gradu

574 1293 955 1342 misericordiaeS
979 1293 1163 1341 deficit4
1188 1300 1236 1340 et
1259 1308 1288 1340 a
1321 1301 1445 1341 statu
1478 1293 1866 1356 magnificentiae
1899 1292 2008 1355 qui⁶
2031 1280 2328 1354 competeret

575 1374 710 1422 Deo⁶
735 1376 905 1423 tanto?
2316 1416 2320 1419 a

641 1457 914 1504 Phronesz's.
985 1455 1145 1503 Video
1182 1471 1242 1503 ex
1278 1455 1534 1504 subtilitate
1569 1456 1812 1503 rationum
1846 1440 2051 1513 mai-uin,
2086 1453 2223 1517 quod
2263 1467 2326 1500 ex

576 1538 1001 1586 commendatione
1020 1538 1228 1586 veridica
1247 1537 1532 1585 confortaris
1553 1545 1600 1585 et
1623 1537 1736 1585 hinc
1756 1538 1816 1584 in·
1829 1537 2042 1585 rationes
2065 1536 2326 1584 vivaciores

575 1628 621 1667 et
645 1620 939 1667 efficaciores
970 1620 1251 1681 prorumpis
1266 1635 1278 1678 ;
1327 1619 1439 1667 ideo
1476 1634 1534 1666 ea
1565 1619 1835 1667 intentione
1860 1618 1972 1666 volo
1996 1602 2200 1666 libenter
2222 1630 2326 1665 am-

575 1700 700 1763 plius
741 1701 1004 1748 laudabiles
1047 1701 1264 1748 veritates
1307 1699 1544 1762 detegere,
1587 1700 1678 1747 sub
1713 1699 1802 1747 ista
1837 1706 2002 1747 tamen
2043 1696 2324 1746 conditione

576 1783 708 1844 quod
733 1783 782 1829 in
815 1782 1152 1845 probabilitate
1186 1782 1429 1830 rationum
1462 1789 1509 1829 et
1545 1781 1864 1830 subductione
1901 1793 2183 1829 sermonum
2216 1787 2325 1827 tuo-

576 1879 683 1911 rum
715 1863 1229 1927 extraordinariorum⁷
1255 1863 1315 1911 de
1353 1871 1513 1911 cetero
1549 1870 1726 1920 taceas,
1751 1870 1797 1910 et
1829 1862 2040 1924 loquaris
2073 1860 2326 1910 efficaciter

576 1946 720 1993 verba
754 1961 878 2007 quae
917 1945 1190 1992 condecent
1223 1945 1369 1992 talem
1405 1945 1591 2001 virum;
1642 1952 1688 1991 et
1724 1945 1814 1991 sub
1844 1959 1903 1991 ea
1939 1942 2217 1991 conditione
2249 1956 2323 2003 re-¹

578 2027 802 2088 spondeo
844 2027 907 2074 ad
948 2034 1085 2073 tuum
1127 2026 1297 2088 triplex
1339 2026 1520 2073 factum
1563 2026 1781 2087 superius
1818 2032 2172 2086 argumentum.
2242 2023 2324 2071 Ad

263 2116 521 2172 Argutiaeejtpo-
570 2109 783 2170 primum
830 2115 975 2170 patet,
1017 2107 1151 2170 quod
1198 2107 1377 2170 desipis
1418 2108 1468 2153 in
1516 2114 1782 2169 assumpto,
1825 2106 1951 2168 quia,
1991 2113 2045 2153 ut
2086 2112 2216 2168 patet
2263 2120 2324 2152 ex

262 2156 338 2178 sxtae
350 2151 441 2178 redar

260 2188 402 2218 guuntur.

576 2190 761 2236 ratione
794 2189 954 2251 priori,
991 2189 1028 2237 si
1061 2183 1169 2251 quis
1202 2189 1327 2236 clare
1361 2196 1683 2250 cognosceret
1719 2202 1889 2235 causas
1921 2201 2323 2250 quorumcunque

577 2278 846 2328 eventuum,
872 2278 1039 2332 posset
1063 2271 1186 2318 clare
1211 2270 1317 2318 illos
1341 2278 1539 2317 eventus
1571 2285 1630 2316 ex
1664 2269 1825 2316 causis
1857 2269 2094 2331 prioribus
2119 2267 2324 2316 demon-

576 2359 736 2410 strare,
774 2360 828 2399 ut
867 2351 1046 2399 bellum
1085 2351 1358 2414 Trojanum
1400 2351 1595 2398 indubie
1637 2349 1804 2397 habuit
1845 2364 2015 2398 causas
2055 2348 2323 2419 completas

574 2434 773 2495 priores,
821 2448 882 2480 ex
929 2434 1102 2495 quibus
1159 2434 1419 2481 certissime
1477 2433 1776 2494 sequebatur.
1870 2430 2324 2485 Demonstrationes

573 2523 737 2562 tamen
760 2515 968 2562 veritatis
991 2514 1245 2562 historicae
1271 2522 1467 2576 propter
1491 2513 1826 2561 certitudinem
1850 2513 1992 2560 nobis
2024 2502 2323 2574 incognitam

575 2596 880 2643 subticemus.
955 2594 1052 2643 Sed
1077 2595 1314 2657 numquid
1337 2604 1533 2658 propter
1557 2603 1773 2642 nostram
1791 2594 2116 2657 ignorantiam
2138 2584 2323 2656 simpli-

575 2679 689 2725 citer
719 2677 852 2725 sunt⁸
885 2678 1114 2739 ignotae?
1161 2692 1273 2725 cum
1297 2676 1566 2724 Aristoteles
1590 2692 1699 2724 vere
1723 2675 1740 2701 ⁹
1757 2676 1896 2734 dicat,
1923 2675 2142 2738 quamvis
2173 2674 2323 2738 quad-

573 2767 733 2807 ratura
763 2759 924 2806 circuli
950 2759 1008 2806 sit
1033 2758 1387 2820 cognoscibilis,
1413 2766 1762 2805 verumtamem
1786 2757 2008 2805 nondum
2041 2757 2185 2805 scitur
2208 2756 2325 2819 quin

573 2849 740 2904 posset
766 2839 995 2902 corrigi10,
1015 2841 1128 2902 quia
1151 2854 1254 2887 non
1278 2841 1340 2887 ab
1364 2839 1443 2888 illo
1469 2848 1516 2887 et
1539 2839 1687 2887 nobis
1707 2840 1911 2887 obscure
1935 2839 2188 2896 viantibuS‚
2215 2838 2324 2886 licet

574 2938 603 2971 a
633 2923 791 2985 primo
823 2912 1049 2968 lumirie1¹
1075 2921 1198 2969 clare
1230 2928 1458 2969 noscatur
1489 2920 1607 2967 nihil
1638 2920 1828 2982 penitus
1860 2918 2171 2982 ignorantem.
2242 2919 2323 2967 Ad

573 3004 813 3052 secundum
839 3011 1178 3065 argumentum
1202 3010 1337 3050 tuum
1361 3001 1636 3064 respondeo
1671 3000 2002 3059 concedendO,
2027 3001 2162 3063 quod
2184 2999 2320 3049 Deus

627 3182 640 3206 1
668 3179 937 3233 primaevum]
960 3179 1149 3231 primum,
1170 3178 1322 3218 ΑΒΕ.
1505 3176 1521 3200 2
1549 3178 1836 3230 congruentius
1855 3183 1897 3218 et
1915 3177 2007 3230 plus
2025 3176 2316 3229 honorificum]

574 3234 843 3275 honorificum
863 3240 903 3273 et
924 3234 1015 3285 plus
1035 3233 1336 3284 congruentius,
1358 3232 1403 3271 B.
1423 3232 1579 3284 primae
1597 3245 1753 3277 manus,
1774 3233 1837 3272 ed.
1858 3245 1918 3284 pr.
2146 3232 2162 3254 ³
2189 3232 2319 3284 gradu

574 3289 890 3341 misericordiae]
909 3287 1156 3340 gravamine,
1177 3287 1239 3326 ed.
1260 3300 1321 3339 pr.
1484 3285 1499 3308 4
1526 3285 1682 3338 deficit]
1704 3285 1862 3331 defecit,
1886 3286 1939 3326 D.
2048 3285 2063 3309 ⁵
2092 3285 2180 3338 qui]
2201 3298 2316 3338 quae,

575 3344 623 3383 C.
644 3344 706 3382 ed.
727 3356 787 3395 pr.
992 3342 1008 3364 ὃ
1037 3341 1150 3393 Deo]
1173 3341 1236 3386 de,
1257 3341 1318 3380 ed.
1338 3354 1398 3392 pr.
1562 3340 1578 3362 ⁷
1607 3345 1718 3381 extra
1747 3339 2059 3391 ordinariorum]
2081 3345 2193 3379 extra
2213 3340 2319 3379 ordi-

574 3398 741 3442 nariam,
762 3397 823 3436 ed.
844 3410 905 3448 pr.
1108 3396 1122 3417 ⁸
1151 3395 1262 3446 sunt]
1286 3395 1378 3440 sint,
1400 3395 1462 3434 ed.
1483 3408 1543 3447 pr.
1748 3394 1763 3416 ⁹
1792 3393 2055 3445 Aristoteles]
2073 3393 2317 3433 Aristoteles

574 3457 718 3496 vester,
740 3451 801 3490 ed.
823 3464 899 3503 pr..
1120 3450 1151 3473 1⁰
1178 3449 1344 3501 corrigi]
1368 3449 1528 3500 corrigi,
1549 3449 1658 3500 quod
1677 3461 1772 3493 non,
1794 3449 1839 3487 B.
1859 3448 2027 3500 primae,
2047 3448 2095 3487 C.
2117 3447 2317 3498 secundae

575 3518 730 3549 manus,
752 3505 814 3544 ed.
835 3518 895 3557 pr.
1084 3504 1112 3527 1¹
1142 3503 1314 3554 lumine]
1336 3516 1518 3548 numero,
1539 3503 1600 3542 ed.
1621 3515 1701 3554 pr.;
1733 3509 1743 3524 ⁶
1757 3502 1931 3555 primum
1950 3502 2106 3542 lumen’
2126 3514 2202 3554 pro
2222 3501 2315 3541 Deo

577 3559 785 3598 omniscio.
952 3557 980 3580 ¹²
1008 3557 1239 3609 ignorante]
1262 3558 1459 3609 ignorare,
1481 3557 1542 3596 ed.
1564 3570 1624 3608 pr.
