2496 4108
387 439 489 506 276

1056 434 1480 501 [OANNJS
1549 436 1903 486 WJCLJF
2209 456 2365 486 mm.

685 571 958 620 Phronesz's.
1032 571 1163 618 Sicut
1206 571 1304 618 dixi
1345 570 1430 618 tibi
1470 570 1703 632 superiuS,
1745 576 1937 631 oportet
1975 577 2024 617 te
2061 583 2363 631 cognoscere

618 654 902 701 sententiam
954 653 1014 700 de
1065 652 1424 709 universalibus,
1472 659 1519 699 et
1565 650 1702 699 tunc1
1752 651 1986 712 intelliges
2040 651 2190 713 quod,
2238 651 2365 699 sicut

617 735 803 795 species
827 734 1039 781 humana
1063 742 1135 781 est
1167 733 1415 795 quodlibet
1448 733 1552 795 ejus
1581 732 1894 789 individuum,
1921 732 1989 779 sic
2021 732 2152 780 idem
2184 746 2363 795 corpus

617 813 792 862 Christi
827 815 877 861 in
921 830 1124 862 numero
1159 822 1231 862 est
1266 814 1505 876 quaelibet
1540 829 1651 876 pars
1688 814 1926 861 sensibilis
1962 813 2147 862 hostiae
2189 828 2363 862 conse-

616 904 786 943 cratae.
846 895 1200 943 Conclusiones
1227 897 1358 943 enim
1377 895 1563 957 logicae
1584 896 1751 958 juvant
1770 894 1832 942 ad
1855 896 2076 944 veritates
2095 894 2360 943 catholicas

615 977 996 1038 cognoscendas.
1082 976 1141 1024 In
1187 977 1346 1024 multis
1394 985 1558 1024 tamen
1605 985 1677 1023 est
1724 976 1983 1034 diversitas,
2031 976 2083 1023 in
2130 975 2360 1038 exemplo

615 1059 791 1119 speciei
822 1066 870 1105 et
902 1059 1119 1120 corporis
1153 1057 1343 1115 Christi,
1383 1073 1493 1106 cum
1526 1058 1774 1120 quodlibet
1807 1058 2115 1120 suppositum
2146 1057 2369 1106 hominis»

613 1140 672 1186 sit
707 1139 913 1186 identice
951 1140 1136 1202 species
1173 1140 1398 1187 humana.
1472 1138 1590 1186 Non
1627 1139 1694 1186 sic
1730 1147 1892 1186 autern
1927 1146 2001 1187 est
2041 1138 2102 1187 de
2142 1138 2359 1202 partibus

612 1221 934 1283 quantitativis
970 1221 1110 1282 panis
1147 1221 1332 1278 sacrati,
1359 1228 1406 1267 et
1442 1221 1509 1268 sic
1545 1228 1702 1268 totum
1738 1220 2004 1268 universale
2040 1229 2112 1268 est
2147 1220 2358 1268 identice

613 1302 859 1364 quodlibet
894 1302 999 1364 ejus
1033 1303 1353 1364 suppositum,
1379 1301 1464 1349 sed
1498 1317 1675 1364 corpus
1701 1301 1878 1350 Christi
1911 1317 2014 1349 non
2043 1309 2117 1350 est
2148 1301 2358 1350 identice

612 1383 850 1445 quaelibet
884 1398 997 1445 pars
1039 1384 1352 1446 quantitativa
1388 1383 1540 1445 panis,
1578 1382 1664 1431 sed
1704 1382 2107 1431 habitudinaliter.
2180 1381 2357 1430 Utrum

612 1473 772 1512 autem
800 1465 856 1512 sit
888 1464 1114 1512 resolutio
1146 1465 1208 1512 ad
1239 1473 1427 1526 partem
1460 1463 1830 1512 individualem²
1861 1464 2106 1522 inclusive,
2141 1478 2244 1512 non
2276 1463 2356 1512 hic

611 1546 805 1603 diffinio,
849 1546 934 1594 sed
975 1554 1132 1594 certus
1174 1562 1280 1594 sum
1323 1546 1457 1608 quod
1498 1546 1740 1608 quaelibet
1781 1561 1894 1608 pars
1941 1546 2169 1594 naturalis
2212 1553 2356 1608 atque

611 1628 847 1675 sensibilis
883 1628 1022 1690 panis
1060 1628 1257 1675 sacrati³
1292 1636 1363 1675 est
1397 1627 1783 1675 habitudinaliter
1819 1642 1996 1689 corpus
2022 1626 2211 1685 Christi,
2242 1642 2355 1675 cum

611 1724 712 1755 non
745 1710 802 1756 sit
835 1710 969 1766 ratio,
1008 1724 1155 1771 quare
1197 1724 1349 1771 panes
1389 1709 1605 1770 dispares
1641 1709 1692 1755 in
1730 1709 1957 1770 qualitate
1994 1716 2040 1756 et
2075 1709 2355 1770 quantitate,

610 1790 726 1836 dum
759 1798 1113 1848 consecrantur,
1147 1798 1576 1853 quantumcunque
1610 1789 1902 1848 distiterint4‚
1937 1797 2048 1838 sunt
2081 1805 2355 1838 sacramen-

607 1870 760 1918 taliter
794 1871 950 1918 idem⁵
986 1887 1162 1933 corpus
1198 1871 1412 1928 Christi⁶‚
1450 1871 1567 1932 quin
1604 1886 1689 1932 per
1723 1871 1853 1918 idem
1884 1871 1959 1918 et⁷
1982 1871 2160 1918 multae
2195 1879 2356 1933 partes

609 1952 946 2014 quantitativae
966 1953 1182 2014 ejusdem
1202 1954 1363 2015 panis;
1398 1952 1483 2000 sed
1501 1952 1913 2014 praedicationum
1932 1952 2176 2000 distinctio
2195 1953 2354 2000 omni-

608 2034 755 2081 mode
780 2041 851 2081 est
875 2034 1102 2082 notanda.
1175 2034 1239 2081 Et
1270 2042 1414 2096 patet,
1442 2034 1575 2096 quod
1599 2035 1755 2095 prima
1789 2034 2037 2082 conclusio
2073 2042 2145 2082 est
2178 2044 2352 2083 conce-

609 2115 782 2163 denda.
844 2114 906 2162 Et
930 2123 1165 2176 quantum
1190 2116 1252 2163 ad
1266 2118 1473 2177 primam
1497 2116 1640 2163 trium
1659 2115 2041 2178 replicationum,
2061 2124 2194 2178 patet
2216 2116 2353 2178 quod

607 2196 723 2243 nihil
764 2204 836 2244 est
877 2196 1118 2243 infinitum
1158 2212 1374 2258 parvum,
1413 2197 1533 2244 sicut
1575 2196 1692 2243 nihil
1727 2205 1799 2244 est
1835 2197 2074 2245 infinitum
2115 2211 2351 2260 magnum

606 2284 794 2339 praeter
829 2285 1050 2323 naturam
1087 2277 1312 2335 divinam,
1349 2286 1396 2325 et
1431 2278 1510 2325 illa
1547 2293 1648 2325 non
1684 2286 1758 2325 est
1797 2293 1970 2340 parva3
2025 2278 2351 2341 compositum

606 2358 736 2405 enim
760 2373 821 2404 ex
846 2358 1036 2405 duobus
1062 2359 1367 2420 punctalibus
1398 2368 1472 2407 est
1504 2374 1693 2407 summe
1726 2375 1941 2421 parvum,
1967 2359 2089 2407 sicut
2120 2374 2351 2407 numerus

605 2439 815 2487 binarius
850 2440 900 2486 in
936 2442 1197 2503 quantitate
1234 2442 1464 2502 discreta;
1519 2442 1740 2490 concedo
1775 2450 1955 2500 tamen,
1995 2443 2130 2505 quod
2170 2439 2353 2506 corpus'

607 2518 781 2568 Christi
805 2529 877 2568 est
910 2523 1024 2569 satis
1056 2538 1256 2584 parvum
1282 2531 1330 2571 et
1353 2524 1701 2585 quantumlibet
1724 2524 1850 2570 varie
1875 2523 2144 2585 figuratum.
2217 2523 2367 2572 Nota<

603 2610 778 2660 tamen,
816 2612 868 2651 ut
905 2604 1003 2651 dixi
1038 2605 1271 2666 superius,
1309 2606 1443 2667 quod
1477 2606 1644 2653 omnia
1678 2607 1769 2654 ista
1802 2606 2039 2668 intelligas
2073 2606 2124 2653 in
2159 2607 2350 2670 praedi-

603 2685 790 2732 catione
814 2684 1128 2733 habitudinali
1154 2694 1200 2733 et
1224 2686 1479 2744 essentiali,
1506 2701 1609 2734 non
1634 2695 1796 2734 autem
1820 2694 1872 2735 ut
1901 2687 2232 2750 praedicatum
2255 2688 2348 2736 tale

602 2765 862 2814 formaliter
896 2767 1211 2829 praedicatur,
1247 2775 1301 2815 ut
1338 2783 1515 2830 corpus
1552 2767 1729 2816 Christi
1766 2776 1839 2816 est
1874 2777 2109 2831 quantum
2145 2777 2193 2817 et
2227 2769 2351 2831 figu-

601 2857 758 2894 ratum
794 2848 1055 2909 aequaliter
1095 2864 1250 2910 grano
1293 2848 1559 2906 frumenti⁸‚
1597 2850 1711 2910 quia
1745 2857 1819 2898 est
1856 2849 1971 2897 illud
2017 2850 2152 2913 quod
2197 2850 2351 2898 taliter

601 2929 934 2989 quantificatur
976 2937 1022 2977 et
1064 2930 1305 2991 figuratur,
1344 2938 1391 2977 et
1433 2938 1596 2976 tamen
1638 2945 1815 2991 corpus
1850 2930 2027 2979 Christi
2063 2945 2165 2992 non
2193 2931 2362 2979 taliter-

602 3009 939 3070 quantificatur
963 3018 1044 3057 aut
1069 3011 1311 3072 figuratur,
1333 3026 1446 3057 cum
1471 3025 1647 3073 corpus
1674 3010 1850 3058 Christi
1868 3026 1972 3059 non
1996 3011 2227 3073 figuratur
2250 3012 2344 3060 nisi

598 3098 650 3137 ut
674 3099 745 3137 est
769 3091 818 3137 in
854 3090 1007 3148 coelo,
1034 3091 1145 3138 licet
1169 3092 1228 3138 sit
1263 3091 1520 3152 figuratum
1556 3091 1688 3152 quod
1723 3091 1800 3139 hic
1838 3093 2210 3140 substantialiter
2246 3092 2344 3140 est⁹

598 3171 867 3228 nobiscum,
893 3172 1006 3234 quia
1037 3179 1108 3218 est
1141 3172 1280 3233 panis
1313 3171 1395 3233 qui
1429 3172 1698 3219 secundum
1730 3171 2152 3220 denominationes
2175 3172 2342 3236 hujus-

650 3356 664 3379 ¹
693 3356 810 3408 tunc]
832 3356 901 3402 sic,
923 3357 1076 3397 A.B.C.
1099 3358 1161 3397 ed.
1182 3370 1243 3409 pr.
1487 3357 1503 3380 ²
1530 3357 1839 3410 individualem]
1860 3357 2160 3404 indivisibilem,
2180 3358 2338 3399 A.B.C.

597 3409 659 3448 ed.
678 3422 740 3460 pr.
903 3410 917 3433 ³
947 3411 1112 3463 sacrati]
1134 3412 1388 3457 sacramenti,
1410 3411 1470 3457 B.‚
1492 3412 1540 3452 C.
1560 3412 1716 3464 primae
1734 3425 1891 3459 manus,
1911 3413 1974 3452 ed.
1996 3425 2058 3464 pr.
2222 3411 2238 3436 ¹
2257 3413 2339 3453 dis-

598 3462 771 3514 titerint]
793 3464 1032 3510 destiterint,
1052 3465 1115 3504 ed.
1137 3479 1197 3517 pr.
1349 3466 1364 3489 ⁵
1390 3466 1519 3517 idem]
1541 3479 1623 3506 om.
1644 3466 1707 3505 ed.
1727 3479 1789 3518 pr.
1937 3467 1953 3490 ⁶
1981 3465 2155 3518 Christi]
2177 3469 2260 3506 om.
2282 3467 2338 3506 A.

596 3514 610 3536 ⁷
639 3516 698 3566 et]
720 3518 855 3563 etiarn,
876 3518 1030 3558 A.B.C.
1241 3520 1255 3542 ⁸
1283 3520 1505 3572 aequaliter
1522 3533 1651 3571 grano
1671 3519 1882 3572 frumenti]
1904 3533 1986 3560 om.
2008 3520 2113 3560 A.C.
2134 3520 2337 3560 secundae

598 3581 751 3609 manus.
916 3572 931 3595 ⁹
962 3572 1044 3624 est]
1062 3573 1125 3618 sit,
1148 3573 1194 3612 B.
1214 3574 1371 3625 primae
1389 3586 1546 3619 manus,
1566 3574 1629 3613 ed.
1651 3587 1712 3625 pr.
