2436 4094
139 408 294 446 ctiam.
733 389 1311 443 TRIALOG'US.

137 521 276 572 Deus
299 530 373 573 est
395 523 721 587 omnipotens,
743 540 856 574 eum
880 540 1028 575 omne
1052 525 1292 590 positum¹
1316 525 1615 590 producibile
1638 524 1892 589 producit3

137 612 394 668 peccatum
427 613 603 664 autem,
637 606 772 670 quod
803 615 877 657 est
901 607 1119 657 defectus
1152 608 1379 667 hominiS,
1404 623 1508 657 non
1535 607 1810 671 producit23
1848 614 1897 657 et
1973 625 1983 632 ·

47 708 50 714 ·
138 685 209 736 sic
239 687 597 750 omnipotentia
626 687 722 736 Dei
755 696 802 737 et
834 690 940 753 ejus
964 690 1163 739 actualis
1196 691 1376 739 creatio
1400 691 1476 739 vel
1509 690 1725 739 causatio
1750 689 1897 740 adae-

138 768 384 832 quantur⁸‚
404 783 508 818 non
531 769 668 833 quod
691 771 1047 834 omnipotentia
1070 787 1158 820 sua
1182 786 1234 820 se
1260 772 1477 820 extendit
1500 772 1564 820 ad
1588 772 1749 836 aliqua
1772 787 1897 836 quae

136 857 193 900 tu
226 863 329 903 non
362 850 602 915 intelligiS,
627 859 710 900 aut
744 852 880 914 quod
914 853 994 901 illa
1028 868 1132 901 non
1167 861 1280 902 sunt
1316 853 1568 916 signanda,
1594 853 1680 903 sed
1705 853 1899 902 omnia⁴

137 930 420 996 hujusmodi
442 940 554 982 sunt
579 932 784 981 defectio
792 933 824 981 ⁵.
893 934 957 982 Et
975 935 1044 982 sic
1066 934 1244 982 tollitur
1261 950 1386 998 vaga
1402 936 1685 999 imaginatio
1711 935 1899 999 sophis-

137 1020 312 1072 tarum,
337 1014 421 1078 qui
443 1013 563 1063 false
586 1012 766 1073 dicunt,
792 1014 928 1077 quod
951 1016 1221 1078 intelligunt
1252 1016 1416 1075 multa,
1437 1032 1562 1080 quae
1586 1016 1899 1065 balbutiendo

47 1127 52 1129 >
139 1109 234 1144 nec
251 1094 389 1145 Deus
406 1110 499 1144 nec
515 1096 610 1159 ipsi
627 1093 939 1159 intelliguntss.
998 1095 1146 1145 Unde
1172 1097 1291 1145 tales
1315 1099 1581 1161 negativae,
1609 1103 1621 1124 ‘
1637 1098 1774 1147 Deus
1797 1114 1900 1147 non

140 1176 364 1241 intelligit
392 1174 515 1236 ista,'
549 1177 730 1243 debent
761 1178 830 1226 sic
859 1178 1072 1242 probari,
1098 1179 1211 1227 ‘ista
1241 1194 1344 1227 non
1377 1187 1503 1238 sunt,
1530 1194 1649 1242 ergo
1678 1180 1770 1228 ista
1798 1194 1901 1227 non

107 1283 123 1291 s
140 1258 497 1324 intelliguntur‚'
521 1266 571 1307 et
595 1258 891 1308 antecedens
915 1267 1077 1322 potest
1099 1260 1297 1324 intelligi
1317 1261 1440 1309 sicut
1470 1261 1575 1325 ejus
1600 1262 1899 1325 subjectum;

141 1355 291 1400 nemo
313 1348 481 1389 tamen
503 1341 721 1404 intelligit
744 1340 879 1404 quod
904 1341 1174 1405 adaequate
1199 1342 1454 1405 significat,
1483 1342 1570 1391 sed
1594 1344 1708 1406 quia
1741 1343 1904 1393 deficit

143 1423 252 1486 ejus
286 1422 614 1486 adaequatum
652 1423 991 1486 significatum,
1033 1424 1146 1472 ideo
1187 1439 1356 1472 verum
1396 1432 1469 1473 est
1505 1424 1642 1487 quod
1680 1425 1761 1473 illa
1798 1439 1902 1473 non

143 1512 270 1554 sunt.
356 1503 422 1553 Et
461 1512 594 1568 patet
634 1504 792 1568 plane,
835 1505 971 1568 quod
1012 1506 1224 1568 sequitur
1263 1506 1552 1565 necessario,
1595 1506 1730 1570 quod
1770 1505 1906 1555 Deus

144 1585 358 1650 culpabit
378 1586 624 1650 injustum,
650 1601 764 1636 cum
789 1587 925 1635 aliter
948 1586 1174 1636 deficeret
1198 1587 1291 1635 Dei
1320 1589 1514 1652 justitia,
1540 1596 1587 1637 et
1610 1588 1747 1638 Deus
1779 1588 1906 1637 ordi-

144 1667 275 1717 navit
298 1668 600 1718 aeternaliter
617 1667 752 1732 quod
771 1668 1078 1730 culpabitur⁷,
1099 1669 1186 1717 sed
1209 1684 1312 1718 non
1335 1669 1572 1718 ordinavit
1597 1670 1732 1733 quod
1754 1670 1906 1719 homo

143 1749 382 1814 peccabit,
419 1750 535 1815 quia
574 1765 719 1813 super
758 1749 855 1798 hoc
891 1764 995 1798 non
1030 1750 1158 1799 cadit
1193 1751 1433 1800 ordinatio
1470 1752 1557 1800 sed
1592 1751 1908 1800 deordinatio.

145 1831 211 1881 Et
234 1832 274 1881 si
298 1846 516 1896 quaeraS,
536 1846 687 1896 quare
711 1830 849 1880 Deus
872 1846 976 1880 non
999 1832 1246 1895 prohibuit
1268 1832 1522 1881 hominem
1539 1848 1603 1881 ne
1629 1834 1698 1882 sic
1720 1842 1906 1896 peccet,

145 1922 220 1964 est
239 1913 361 1964 mihi
383 1913 583 1963 faciliter
604 1912 913 1978 respondere,
938 1912 1073 1977 quod
1095 1913 1207 1962 ideo
1232 1914 1346 1978 quia
1368 1914 1464 1963 hoc
1496 1929 1598 1963 non
1623 1914 1711 1963 fuit
1745 1914 1910 1978 prohi-

147 1995 259 2056 bile,
285 2011 399 2056 cum
416 1995 629 2060 nonfuit
636 2012 664 2052 ‚f
695 2010 790 2044 nec
806 1996 1026 2059 potentia
1042 1995 1148 2061 Dei*
1162 2011 1212 2045 se
1231 1997 1447 2045 extendit
1471 1996 1535 2045 ad
1552 1996 1662 2056 hoc,
1683 2012 1797 2046 curn
1814 1997 1912 2046 hoc

144 2086 240 2137 non
260 2083 340 2138 est,
363 2086 411 2128 et
442 2078 661 2142 potentia
695 2077 857 2126 divina
890 2092 993 2126 non
1029 2093 1080 2126 se
1115 2078 1332 2129 extendit
1366 2078 1430 2127 ad
1464 2079 1583 2128 nihil
1606 2079 1681 2128 vel
1704 2095 1912 2128 vacuum

147 2160 225 2209 vel
253 2175 358 2209 non
389 2175 492 2210 ens.
561 2159 626 2208 Et
657 2174 832 2209 omnes
855 2159 1181 2221 prohibitiones
1203 2159 1311 2220 Dei,
1338 2176 1463 2224 quae
1495 2162 1831 2225 exprimuntur
1862 2162 1914 2209 in

149 2243 398 2306 scriptura,
430 2240 782 2305 intelliguntur⁸
816 2243 907 2291 sub
940 2242 1221 2291 conditione
1253 2244 1411 2302 tacita,
1437 2243 1572 2307 quod
1606 2245 1644 2293 si
1677 2244 1797 2293 facis
1830 2245 1912 2301 sie,

148 2331 276 2382 tunc·
290 2324 567 2374 necessario
598 2323 813 2387 punieris
825 2339 838 2383 ς
876 2322 989 2372 ideo
1013 2332 1211 2388 propter
1241 2324 1359 2373 illud
1389 2325 1659 2388 periculum
1690 2325 1916 2389 prohibet

151 2405 291 2456 Deus
314 2421 379 2455 ne
403 2406 475 2456 sic
496 2405 592 2464 fiat,
615 2405 712 2454 hoc
736 2414 809 2455 est
833 2406 1078 2465 certificat,
1105 2407 1143 2456 si
1168 2407 1235 2455 sic
1260 2406 1445 2455 factum
1469 2406 1623 2466 fuerit,
1649 2407 1720 2456 sic
1743 2407 1915 2470 punie-

59 2530 62 2532 Α
150 2495 230 2537 tur
242 2504 256 2550 3
292 2503 396 2537 non
417 2495 584 2537 tamen
606 2495 680 2537 est
707 2487 938 2551 possibile
970 2487 1105 2550 quod
1128 2487 1266 2537 Deus
1289 2487 1556 2552 quidquam
1587 2488 1799 2547 mandet,
1826 2488 1917 2536 nisi

153 2569 326 2634 aliquis
346 2569 444 2619 hoc
467 2570 702 2628 observet,
727 2577 780 2617 ut
811 2577 944 2632 patet
978 2569 1039 2617 de
1072 2568 1295 2618 Christo:
1345 2569 1449 2618 aliis
1481 2578 1644 2618 autem
1676 2569 1917 2632 praevari-

155 2650 402 2710 cantibus⁹
433 2651 691 2715 praecepit,
717 2651 852 2714 quod
883 2665 986 2699 non
1018 2650 1086 2699 sic
1117 2649 1309 2708 faciant,
1334 2650 1410 2698 vel
1442 2650 1576 2698 aliter
1584 2650 1621 2677 ¹⁰
1643 2650 1917 2712 punientur.

155 2733 396 2784 Absolute
421 2730 629 2782 autem¹²
660 2731 988 2781 necessarium
1019 2739 1104 2790 est,
1129 2730 1264 2794 quod
1287 2746 1390 2780 non
1415 2731 1482 2780 sic
1514 2730 1774 2780 facerent¹²
1798 2731 1920 2779 sicut

154 2815 294 2866 Deus
317 2822 366 2865 et
387 2814 541 2864 homo
565 2814 842 2863 necessario
874 2811 1191 2876 intelligunt¹⁸
1221 2811 1458 2875 quidquid
1489 2811 1739 2871 mandant,
1765 2812 1931 2861 homo*

155 2905 323 2949 tamen
358 2911 505 2960 saepe
539 2895 658 2946 false
699 2894 920 2958 intelligit
955 2895 1073 2943 illud
1114 2893 1248 2959 quod
1282 2893 1495 2943 mandat.
1566 2893 1819 2953 Quantum
1855 2894 1920 2943 ad

64 3034 69 3047 Α
156 2978 427 3030 libertatem
462 2977 652 3028 divinae
693 2977 954 3041 potentiae,
990 2984 1124 3040 patet
1160 2976 1296 3040 quod
1337 2984 1408 3025 est
1451 2991 1639 3025 summe
1673 2975 1836 3034 libera,
1872 2984 1921 3025 et

158 3068 324 3110 tamen
365 3059 602 3125 quidquid
639 3059 767 3119 facit,
812 3059 1086 3108 necessario
1129 3056 1390 3117 eveniet¹43
1445 3058 1567 3106 sicut
1607 3056 1744 3106 Deus
1785 3065 1923 3120 pater

217 3235 235 3262 ¹
260 3235 464 3290 positum]
483 3235 719 3289 positivum,
736 3235 785 3276 C.
800 3235 864 3276 ed.
885 3248 946 3288 pr.
1057 3235 1074 3259 ²
1101 3235 1311 3289 producit]
1333 3236 1583 3289 producitur,
1597 3236 1652 3276 D.
1761 3236 1778 3260 ⁸
1804 3236 1924 3278 adae-

164 3290 360 3386 quantur]
380 3295 657 3343 coaequantur
675 3289 740 3330 ed.
759 3302 821 3353 pr.
905 3289 921 3313 ⁴
947 3289 1106 3343 omnia]
1128 3291 1310 3336 omnino,
1332 3291 1430 3331 B.C.
1450 3291 1513 3332 ed.
1533 3304 1595 3344 pr.
1683 3290 1699 3315 ⁵
1726 3290 1923 3398 defectio]

194 3358 218 3387 e
234 3344 360 3391 facto,
379 3344 434 3384 A.
597 3343 614 3368 ⁶
640 3343 895 3398 intelhgunt]
915 3344 1119 3397 intelligit,
1140 3345 1294 3385 A.B.C.
1315 3344 1379 3385 ed.
1399 3357 1461 3397 pr.
1625 3344 1642 3370 ²
1670 3344 1903 3399 culpabitur

166 3398 367 3452 culpabit,
386 3398 451 3439 ed.
470 3410 533 3451 pr.
698 3399 714 3421 ⁸
741 3398 1044 3451 intelliguntur]
1066 3400 1142 3439 sub
1161 3398 1456 3452 intelliguntur,
1477 3399 1533 3439 D.
1716 3401 1732 3424 ⁹
1760 3413 1926 3453 praeva-

164 3452 410 3506 ricantibus]
429 3452 833 3506 praevaricatoribus,
853 3453 917 3493 ed.
937 3466 998 3506 pr.
1092 3454 1123 3477 ¹⁰
1149 3453 1214 3493 vel
1233 3452 1375 3508 aliter]
1391 3453 1522 3500 aliter,
1542 3454 1595 3495 A.
1707 3454 1737 3478 ¹²
1764 3459 1903 3496 autem

168 3511 325 3553 tamen.
343 3507 408 3548 ed.
426 3520 490 3560 pr.
573 3507 606 3533 ²²
632 3519 718 3548 non
737 3507 796 3548 sic
814 3507 1013 3560 facerent]
1033 3506 1160 3548 homo
1181 3507 1239 3547 sic
1259 3506 1422 3554 faceret,
1443 3507 1498 3548 D.
1611 3507 1640 3533 ¹³
1669 3508 1904 3562 intelligunt

168 3561 416 3614 intelligant,
437 3561 490 3602 A.
656 3560 687 3586 ¹⁴
714 3561 892 3614 eveniet]
913 3562 1085 3607 eveniat,
1106 3562 1169 3602 ed.
1190 3574 1251 3613 pr.
