2436 4094
53 427 62 453 ³
140 445 276 486 :Ar-⁹·
724 425 1313 477 TRIALOGUS.
2040 437 2140 492 107

73 591 78 595 -
141 565 380 625 perpetuo
411 559 780 623 praemiandus¹
813 560 888 608 vel
920 568 1157 623 perpetuo
1190 561 1479 624 puniendus.
1551 560 1642 609 Et²
1673 561 1765 610 sub
1796 560 1898 609 istis

45 662 61 686 2.
143 639 337 691 duobus
361 641 642 690 nominibus
667 641 964 690 ‘intellectus
997 642 1171 704 agens'
1197 651 1244 691 et
1270 642 1572 692 ‘intellectus
1603 640 1893 706 possibilis³'

44 782 46 785 .
143 729 304 786 potest
338 729 442 772 tota
474 722 624 772 virtus
659 723 759 772 sive
795 724 1017 786 potentia
1051 725 1202 773 nostri
1236 724 1475 773 interioris
1514 723 1728 773 hominis
1765 737 1902 773 com-

50 803 54 866 }
143 803 393 869 prehendi,
417 811 466 873 et
488 804 584 853 sic⁴
597 795 832 868 ‘eJusdem
857 805 1050 868 spiritus
1075 806 1293 868 potentia
1315 806 1624 869 multiplicius
1648 806 1904 855 nominari.

148 884 274 947 Sunt
310 893 475 936 autem
509 885 642 949 apud
673 886 864 949 aliquos
897 887 1224 936 difficultates⁵
1255 889 1306 936 in
1341 888 1434 936 ista
1467 889 1693 936 materia:
1744 895 1906 936 utrum

145 967 417 1017 intellectus
440 982 593 1031 agens
613 968 674 1016 sit
697 968 891 1016 mobilis
916 977 997 1017 aut
1021 977 1188 1017 nostra
1211 970 1430 1032 potentia
1447 969 1655 1028 volitiva,
1675 977 1723 1018 et
1744 976 1907 1017 utrum
1985 992 1995 1001 ·

145 1047 228 1098 illa
249 1049 311 1099 sit
326 1048 460 1113 prior
477 1048 722 1098 intellectu
745 1049 962 1098 hominis
980 1050 1054 1098 vel
1078 1066 1106 1098 e
1131 1058 1314 1109 contra,
1335 1051 1449 1113 quia
1473 1059 1657 1099 certum
1677 1059 1749 1099 est
1773 1050 1907 1113 quod

145 1129 417 1180 intellectus
440 1144 594 1193 agens
618 1139 797 1190 noster,
823 1132 924 1179 imo
950 1132 1218 1181 substantia
1241 1133 1364 1181 illius
1384 1133 1591 1195 spirituS‚
1618 1132 1812 1181 mobilis
1836 1139 1909 1180 est

145 1226 178 1261 a
198 1210 312 1261 Deo
335 1219 385 1261 et
407 1226 438 1261 a
467 1212 665 1260 veritate
698 1227 848 1275 quarn
873 1213 1101 1276 concipit,
1127 1229 1185 1262 ac
1209 1214 1556 1263 necessitabilis
1589 1215 1652 1263 ab
1676 1214 1906 1278 objecto;

146 1300 196 1348 et
241 1293 312 1342 sie
357 1292 550 1342 volitiva
594 1295 826 1356 potentia,
874 1310 1000 1357 quae
1049 1295 1220 1344 dicitur
1267 1297 1509 1359 appetitus
1555 1295 1909 1353 intellectivus⁶,

148 1374 429 1435 necessitati
470 1382 631 1438 potest
666 1376 729 1424 ab
764 1376 977 1439 objecto,
1021 1377 1155 1440 quod
1196 1378 1418 1440 potentia
1457 1377 1751 1426 intellectiva
1793 1391 1911 1426 con-

148 1455 328 1507 siderat
340 1471 355 1517 ;
406 1463 455 1505 et
488 1465 655 1505 tamen
690 1472 804 1506 cum
839 1457 935 1506 hoc
971 1459 1119 1507 libere
1155 1459 1412 1522 cognoscit
1447 1467 1495 1508 et
1531 1460 1714 1522 appetit
1749 1457 1912 1507 Deum

52 1542 58 1594 ζ
149 1551 308 1596 suum,
334 1552 449 1587 cum
481 1537 704 1587 libertas⁷
727 1547 775 1587 et
807 1541 1072 1589 necessitas
1107 1555 1212 1589 non
1248 1548 1360 1590 sunt
1395 1542 1650 1599 contraria,
1675 1555 1737 1588 eo
1772 1539 1908 1603 quod

150 1619 281 1669 beati
311 1619 553 1668 liberrime
586 1629 891 1683 cognoscunt
916 1621 1080 1670 Deum
1113 1631 1162 1671 et
1184 1622 1352 1671 volunt
1376 1637 1516 1671 suam
1547 1621 1910 1680 beatitudinem,

152 1707 202 1750 et
234 1708 404 1750 tamen
437 1701 653 1751 summe⁸
689 1704 976 1762 necessarie,
1002 1704 1117 1767 quia
1147 1712 1348 1767 propter
1382 1704 1738 1752 vehementiam
1773 1702 1914 1751 influ-

66 1840 74 1849 .
151 1783 312 1833 entiae
347 1797 451 1832 non
491 1784 779 1847 potuerunt⁹
819 1785 1014 1834 resilire.
1100 1784 1316 1846 Quando
1358 1792 1522 1834 autem
1559 1785 1801 1848 appetitus
1842 1785 1915 1832 in-
1974 1790 2210 1859 {ggffiffigggffj

152 1864 387 1914 terioris¹⁰
412 1863 628 1914 hominis
652 1865 866 1929 infigitur
895 1881 1040 1930 super
1064 1882 1114 1915 re
1147 1868 1402 1931 temporali
1426 1867 1501 1915 vel
1534 1867 1698 1930 aliquo
1729 1881 1833 1914 non
1863 1867 1916 1914 in
1972 1858 2068 1888 Ἠῶ·

155 1944 284 2005 Dee,
317 1954 436 1997 tunc
469 1946 742 1996 illiberrime
778 1956 826 1996 et
860 1948 1264 1997 innaturalissime
1301 1949 1483 2012 appetit
1519 1949 1668 1997 finem
1676 1947 1713 1975 ²¹
1748 1948 1916 2011 hujus-

155 2027 307 2088 modi,
331 2029 447 2102 quia
483 2035 654 2078 contra
688 2029 912 2078 ordinem
947 2030 1132 2093 primae
1168 2038 1367 2079 naturae
1403 2031 1585 2094 appetit
1613 2031 1664 2078 in
1697 2038 1918 2080 creatura

156 2113 320 2177 aliqua
352 2113 556 2163 finaliter
587 2114 816 2177 quietari;
866 2115 1003 2178 quod
1034 2114 1193 2178 quia¹²
1216 2131 1320 2163 non
1344 2123 1418 2164 est
1442 2114 1686 2179 possibile,
1718 2113 1917 2175 languet

159 2195 434 2246 continue¹³
455 2199 707 2260 tamquam
725 2206 906 2246 vacuus
930 2212 960 2246 a
983 2198 1152 2261 spiritu
1176 2198 1259 2261 qui
1283 2197 1490 2260 repleret
1509 2212 1635 2245 eum.
1706 2196 1770 2243 Et
1793 2194 1915 2243 haec

92 2293 97 2297 ·
160 2285 235 2328 est
273 2277 397 2326 ratio
443 2292 594 2341 quare
636 2277 863 2327 homines
904 2279 1031 2328 avari
1073 2279 1123 2327 in
1170 2280 1386 2343 appetitu
1433 2277 1774 2342 temporalium
1814 2291 1917 2325 non

161 2359 430 2422 quiescunt.
499 2359 564 2408 Et
595 2359 688 2408 ista
718 2361 936 2423 potentia
968 2361 1217 2410 irascibilis
1249 2369 1323 2410 est
1346 2362 1494 2410 virtus
1525 2368 1749 2424 potenter
1758 2359 1794 2386 ¹⁴
1824 2358 1917 2408 sibi

98 2444 101 2458 ‘⁴
162 2441 458 2492 conveniens
485 2442 816 2505 prosequendi
847 2450 896 2491 et
919 2458 949 2492 a
972 2458 1023 2492 se
1056 2443 1309 2495 dissonum
1341 2442 1628 2505 expellendi.
1702 2441 1917 2501 Quando

163 2530 329 2572 autem
362 2521 515 2572 homo
550 2524 759 2572 abutitur
792 2524 884 2573 ista
918 2525 1137 2587 potentia
1171 2525 1499 2572 innaturaliter
1533 2524 1596 2572 ad
1638 2523 1759 2572 fines
1800 2538 1917 2571 con-

164 2605 349 2664 trario&
373 2613 490 2654 tunc
513 2613 685 2668 peccat
707 2605 925 2668 graviter,
946 2614 994 2654 et
1018 2606 1086 2654 sic
1111 2607 1257 2654 virtus
1282 2605 1670 2668 concupiscibilis
1693 2605 1920 2652 limitatur

166 2686 231 2737 ad
253 2688 442 2736 bonum
469 2687 605 2751 quod
628 2687 827 2750 appetit,
853 2694 902 2735 et
933 2687 1085 2735 homo
1109 2695 1270 2750 potest
1293 2687 1399 2749 ipsa
1423 2686 1570 2744 abuti,
1597 2694 1650 2735 ut
1680 2684 1918 2743 irascibili,

167 2777 216 2819 et
250 2769 369 2818 istae
392 2769 588 2818 virtutes
622 2784 682 2818 ac
717 2777 853 2818 actus
878 2769 951 2817 sui
976 2776 1273 2817 concurrunt
1297 2768 1630 2816 communiter.
1703 2765 1942 2829 Quando,

169 2859 332 2902 autem
341 2850 378 2878 ¹⁶
401 2851 714 2903 deordinatur
737 2851 858 2900 haec
882 2852 1029 2899 virtus
1053 2849 1456 2913 concupiscibilis,
1476 2856 1592 2897 tunc
1615 2847 1690 2895 vel
1714 2847 1778 2896 ad
1801 2862 1919 2896 con-

170 2933 522 2998 cupiscentiam
556 2933 810 2983 oculorum
844 2933 919 2982 vel
956 2933 1019 2982 ad
1061 2932 1507 2995 concupiscentiam
1549 2930 1706 2979 carnis
1743 2929 1817 2978 vel
1858 2928 1922 2978 ad

44 3040 81 3059 -Α
171 3015 296 3066 vitae
320 3015 596 3080 superbiam
618 3015 957 3066 terminaturw.
1033 3014 1224 3078 Regula
1254 3022 1417 3063 autem
1449 3013 1694 3076 religionis
1727 3020 1920 3062 nostrae

228 3197 575 3253 ¹1praemiandus]
589 3199 888 3253 praemiendus,
905 3199 967 3241 ed.
988 3211 1069 3253 pr.;
1097 3196 1329 3244 servanduS‚
1346 3197 1394 3238 C.
1505 3195 1521 3220 ²
1548 3195 1609 3250 et]
1623 3201 1664 3236 et
1681 3195 1751 3241 sic,
1767 3196 1922 3239 A.B.C.

172 3251 194 3332 ⁸⁸
215 3253 442 3318 possibilis]
441 3254 682 3349 flpassibilis,
703 3255 752 3296 C.
840 3308 848 3318 ο
926 3308 934 3317 .
972 3253 988 3278 ⁴
1016 3253 1093 3306 sic]
1115 3253 1173 3293 sic
1191 3256 1344 3305 potest,
1365 3252 1414 3292 C.
1434 3250 1497 3292 ed.
1518 3263 1579 3305 pr.
1586 3265 1604 3329 ἑ
1632 3257 1677 3314 et
1696 3256 1846 3314 potest,
1866 3252 1922 3293 D.

214 3307 376 3361 aliquos
397 3307 440 3349 di
484 3308 676 3363 cultates]
695 3308 792 3350 illos
810 3308 1064 3353 diffimentes‚
1085 3307 1148 3347 ed.
1169 3320 1230 3360 pr.
1629 3304 1922 3360 mtellectivus]

173 3360 418 3411 intellectus,
437 3363 485 3404 B.
685 3363 701 3387 ⁷
728 3363 915 3417 libertas]
936 3362 1171 3408 liberalitas,
1190 3361 1254 3402 ed.
1275 3373 1336 3414 pr.
1528 3360 1543 3384 ⁸
1572 3358 1751 3412 summe]
1771 3372 1853 3401 om.
1874 3362 1923 3403 C.

173 3416 456 3526 fflirffergioxiis]
476 3416 813 3515 inteifzfflsshsnh
830 3473 864 3513 B
880 3472 914 3513 C
948 3471 1000 3513 ed
1063 3416 1085 3511 1Y
1115 3414 1923 3524 pomergniiQePgtJroumnt’ie‘Eched’ugj

176 3538 261 3568 om.
281 3525 384 3567 A.B.
562 3526 593 3552 ¹⁸
619 3502 833 3582 continue}
855 3502 967 3580 ergo,
989 3484 1093 3567 Ati&
1264 3522 1294 3548 ¹⁴
1321 3524 1529 3586 potenter]
1551 3499 1750 3578 patenter,
1771 3525 1821 3566 A.
1863 3524 1924 3568 .C.

176 3578 207 3606 ²⁸
233 3579 392 3635 autem]
412 3593 521 3630 vero,
541 3581 605 3624 ed.
622 3595 684 3636 pr.
1177 3578 1207 3603 ¹⁶
1236 3577 1286 3620 cf.
1311 3589 1327 3618 ι
1353 3577 1447 3631 Joh.
1467 3590 1508 3619 u.
1533 3576 1596 3620 16.
