2436 4094
1060 425 1482 490 JOANNIS
1553 428 1898 478 WICLIF
2218 447 2359 476 man.

614 558 864 617 sentiendi,
884 566 930 607 et
955 557 1049 606 sic¹
1075 558 1198 606 infra
1215 560 1360 608 breve
1380 575 1440 608 ex
1464 561 1604 624 lapsu
1627 561 1733 610 talis
1758 563 1976 626 corporis
1999 570 2362 614 consumeretur

612 656 849 704 organum
875 640 1114 688 sentiendi
1129 656 1141 700 ;
1179 655 1282 689 non
1307 650 1470 690 autem
1496 643 1564 691 sic
1590 642 1835 706 cbncipiO,
1861 643 1949 692 sed
1981 643 2118 708 quod
2141 644 2360 708 aptitudo

612 723 708 770 sive
732 721 951 769 habilitas
977 722 1216 771 sentiendi
1248 723 1298 770 in
1323 723 1498 771 finibus
1531 725 1697 772 talium
1735 725 1938 773 situum²
1960 726 2201 784 limitatur,
2226 732 2275 774 et
2297 725 2361 775 ad

610 811 798 851 tantum
830 818 886 850 ac
919 803 1073 852 taliter
1098 819 1147 852 se
1181 804 1395 852 extendit
1427 805 1708 868 hujusmodi
1732 807 1967 869 aptitudo,
1992 815 2045 856 ut
2075 807 2360 870 perspectivi

609 900 720 933 vere
754 884 1042 947 intelligunt,
1069 885 1214 948 vquod
1250 887 1310 933 sit
1344 887 1541 934 visionis
1574 887 1824 950 judicium,
1859 888 1941 936 ubi
1976 889 2139 936 radius
2168 887 2361 938 visualis

609 962 877 1014 concurrit3
919 981 1031 1014 cum
1081 964 1298 1014 catheto⁴
1312 983 1324 1027 3
1378 976 1430 1015 ut
1471 969 1682 1017 videndo
1724 984 1904 1032 aquam
1943 969 2246 1033 suppositam
2285 969 2358 1017 vel

608 1047 935 1110 quodcunque
961 1048 1089 1096 aliud
1122 1048 1387 1111 speculum,
1415 1058 1614 1112 apparet
1647 1050 1969 1099 communiter
1992 1065 2096 1099 rem
2119 1051 2270 1100 visam
2293 1050 2359 1098 ibi

608 1129 785 1186 situari,
821 1129 906 1176 ubi
941 1129 1068 1177 linea
1103 1138 1234 1177 recta
1270 1131 1437 1178 exiens
1473 1146 1502 1178 a
1538 1147 1587 1178 re
1624 1131 1726 1179 visa
1750 1147 1838 1194 per
1861 1132 2127 1195 speculum,
2152 1139 2200 1180 et
2232 1131 2360 1179 linea

606 1210 1014 1274 perpendicularis
1055 1212 1105 1258 in
1146 1219 1364 1259 extremo
1413 1213 1517 1274 ejus
1562 1220 1866 1270 concurrent,
1909 1216 2028 1261 sicut
2074 1213 2358 1277 invincibilis

607 1293 901 1355 experientia
926 1293 1041 1339 satis
1076 1293 1244 1351 docet3
1296 1308 1399 1341 non
1432 1293 1565 1356 quod
1599 1309 1776 1356 corpus
1800 1295 1896 1343 exit
1926 1296 1988 1342 ab
2011 1295 2121 1357 ipso
2145 1293 2356 1352 visibili⁵,

605 1381 863 1436 penetrans
898 1373 1059 1435 ipsum
1092 1374 1346 1436 speculum
1377 1382 1426 1422 et
1449 1376 1595 1422 etiam
1628 1374 1911 1437 sphaeram⁶
1942 1384 2097 1425 terrae
2125 1375 2356 1433 laceranS,

606 1455 691 1504 sed
732 1454 868 1517 quod
908 1455 958 1502 in
999 1455 1089 1504 illis
1131 1456 1298 1504 sitibus
1336 1463 1446 1504 sunt
1487 1456 1809 1515 habitudineS,
1846 1457 2116 1505 secundum
2150 1472 2270 1520 quas
2305 1457 2360 1505 fit

600 1536 835 1599 judicium
867 1535 928 1584 de
961 1537 1214 1585 situatione
1245 1537 1453 1594 visibilis,
1479 1538 1561 1585 ubi
1592 1538 1747 1586 lineae
1778 1538 2115 1601 imaginaria&
2146 1538 2213 1587 sic
2241 1553 2358 1587 con-

605 1625 829 1678 currunt3
889 1626 936 1666 et
972 1619 1041 1667 sic
1078 1620 1128 1666 in
1164 1627 1301 1681 parte
1338 1619 1644 1667 sentiendum
1679 1627 1753 1668 est
1787 1619 1849 1668 de
1885 1619 2072 1683 speeie⁸
2107 1621 2176 1670 rei
2210 1621 2356 1679 visae,

606 1715 708 1748 non
756 1701 890 1764 quod
937 1701 1016 1748 illa
1058 1701 1244 1762 species
1291 1701 1351 1748 sit
1388 1701 1547 1763 aliqua
1587 1716 1663 1748 res
1710 1701 1943 1759 absoluta,
1985 1717 2110 1765 quae
2156 1702 2358 1765 poterit⁹

604 1797 691 1843 per
733 1797 784 1830 se
826 1797 947 1839 esse,
988 1781 1074 1830 sed
1116 1789 1187 1828 est
1229 1780 1511 1843 dependens
1551 1782 1614 1829 ab
1656 1782 1851 1844 objecto
1892 1783 2101 1841 visibilis,
2143 1784 2265 1832 sicut
2306 1783 2357 1831 fit

607 1865 770 1910 lumen
805 1863 879 1910 vel
913 1864 1098 1920 umbra,
1125 1877 1244 1924 quas
1276 1858 1550 1924 judicamus
1587 1863 1898 1924 corporaliter
1928 1879 2022 1911 nos
2057 1864 2246 1922 sentire,
2272 1864 2358 1913 sed

606 1943 760 1992 sunt¹⁰
783 1944 1089 1991 habitudines
1122 1958 1220 2006 quo
1254 1943 1315 1991 ad
1349 1944 1480 2001 situs,
1506 1944 1557 1991 in
1588 1944 1764 2006 quibus
1796 1945 2092 1993 luminosum
2120 1946 2196 1994 vel
2227 1947 2357 1995 aliud

603 2025 784 2074 visibile
826 2033 900 2073 est
940 2033 1237 2088 perceptum.
1323 2024 1468 2072 Unde
1510 2023 1726 2073 falsum¹¹
1769 2033 1841 2073 est
1882 2033 1930 2073 et
1971 2041 2000 2074 a
2041 2027 2358 2076 senioribus¹²

603 2122 803 2156 erronee
835 2106 1177 2163 introductum,
1204 2105 1338 2168 quod
1370 2107 1547 2168 globus
1578 2106 1772 2154 luminis
1795 2107 1869 2154 vel
1903 2109 2080 2170 speciei
2113 2109 2310 2158 visibilis
2319 2110 2356 2138 ¹³

604 2189 662 2236 sit
701 2203 800 2236 una
835 2203 913 2235 res
955 2187 1190 2244 absoluta,
1228 2202 1353 2249 quae
1396 2187 1574 2249 poterit
1613 2202 1699 2249 per
1735 2202 1788 2236 se
1826 2202 1948 2235 esse.
2028 2187 2117 2236 Est
2154 2190 2354 2254 inquam

602 2268 832 2317 habitudo
868 2269 943 2316 vel
979 2268 1197 2331 aptitudo
1233 2268 1428 2316 visibilis
1464 2268 1527 2316 ad
1561 2268 1713 2316 taliter
1750 2269 1867 2316 inibi
1904 2270 2277 2331 immutandum,
2307 2281 2354 2321 et

602 2358 712 2399 sunt
737 2358 838 2398 tam
874 2350 934 2398 de
970 2350 1176 2412 positiva
1210 2356 1382 2398 natura
1416 2349 1645 2398 luminosi
1680 2365 1827 2412 quam
1863 2350 1923 2398 de
1959 2359 2130 2400 natura
2159 2353 2354 2413 coloris,

603 2431 719 2479 dum
760 2431 924 2479 lumen
936 2431 972 2457 ¹4
1013 2431 1235 2478 radiatur.
1325 2431 1401 2478 Ex
1443 2430 1534 2478 hac
1576 2431 1723 2478 etiam
1766 2432 2006 2480 sententia
2045 2435 2355 2496 sequuntur¹⁶

607 2512 989 2561 conclusiones¹⁶
1014 2511 1378 2575 pulcherrimae,
1405 2511 1526 2560 sicut
1551 2511 1612 2559 de
1637 2518 1808 2560 natura
1830 2513 2117 2578 projiciendi
2138 2517 2350 2584 umbras,

599 2611 723 2659 quae
749 2597 926 2645 docent
950 2612 1042 2644 nos
1065 2597 1285 2659 mystice,
1310 2596 1564 2658 quomodo
1589 2596 1824 2645 debemus
1855 2597 2160 2660 spiritualiter
2181 2596 2352 2647 intelli·

598 2693 726 2740 gere,
754 2678 942 2741 agere¹⁷
966 2686 1013 2726 et
1037 2677 1232 2725 credere
1260 2677 1321 2725 de
1347 2677 1668 2739 spiritualibus
1692 2678 1932 2740 prioribus
1956 2678 2006 2725 in
2030 2685 2213 2726 natura.

667 2760 764 2809 Sed
806 2775 905 2823 quo
947 2760 1009 2808 ad
1045 2760 1285 2807 secundam
1328 2759 1651 2822 dzfficullatem,
1688 2774 1836 2822 quam
1876 2760 2035 2822 tangis
2076 2759 2181 2808 de¹⁸
2221 2759 2352 2809 bruto

597 2841 808 2900 hominis,
852 2857 954 2889 non
1004 2841 1153 2889 debes
1201 2840 1394 2888 credere
1443 2840 1577 2902 quod
1623 2841 1847 2903 proxima
1892 2841 2099 2889 materia
2139 2841 2350 2891 hominis

598 2922 764 2971 foret¹⁹
788 2925 997 2979 brutum,
1025 2930 1106 2970 aut
1130 2921 1262 2984 quod
1289 2936 1348 2969 ex
1375 2921 1453 2969 illa
1477 2929 1611 2983 parte
1638 2921 1870 2969 materiali
1902 2921 2176 2984 qualitativa
2207 2929 2255 2970 et
2286 2937 2347 2971 ex

650 3044 664 3068 ¹
694 3049 734 3085 et
755 3043 834 3096 sic]
854 3048 900 3084 ut
919 3049 960 3083 et
981 3042 1051 3089 sic,
1072 3043 1135 3082 ed.
1155 3055 1217 3095 pr.
1341 3040 1357 3064 2
1386 3041 1555 3093 situum]
1577 3046 1757 3086 actuum,
1779 3042 1830 3080 A
1836 3041 1883 3081 B.
2078 3042 2095 3065 ⁸
2122 3042 2347 3096 concurrit]

597 3099 855 3144 concurrerit,
877 3098 923 3137 B.
927 3098 975 3137 C.
997 3097 1059 3137 ed.
1080 3109 1140 3149 pr
1335 3095 1350 3118 ⁴
1378 3095 1561 3147 catheto]
1585 3095 1811 3140 catatheco,
1831 3095 1894 3135 ed.
1915 3108 2001 3148 pr.;
2032 3095 2136 3137 Cod.
2152 3096 2200 3137 C.
2220 3109 2348 3138 anno-

598 3154 793 3193 tationem
804 3153 929 3192 habet
945 3151 997 3191 ad
1025 3150 1251 3203 marginem
1278 3149 1454 3203 paginae
1483 3162 1606 3189 manu
1636 3149 1813 3189 secunda
1839 3149 2117 3212 adscriptam:
2148 3158 2203 3189 est
2223 3163 2346 3203 genus

597 3209 729 3247 lineae.
913 3206 929 3229 ⁵
955 3205 1124 3256 visibili]
1146 3203 1350 3249 invisibili,
1373 3203 1420 3242 B.
1597 3202 1908 3264 ‘sphaeram]
1896 3216 1940 3243 ιιι
1958 3203 2116 3244 cunctis
2135 3204 2346 3246 codicibus

599 3262 793 3312 seriptum
812 3268 973 3313 speram.
1116 3258 1132 3281 ⁷
1161 3257 1443 3310 imaginariae]
1465 3256 1762 3309 imaginativae‚
1782 3257 1835 3296 A.
1839 3257 1886 3296 B.
2023 3257 2039 3281 ⁸
2068 3258 2222 3311 specie]
2242 3271 2344 3306 esse,

600 3315 695 3355 B.C.
1043 3312 1258 3365 ⁹poterit]
1280 3317 1431 3365 potest,
1453 3312 1499 3351 B.
1504 3312 1577 3356 C.;
1608 3323 1681 3364 per
1701 3323 1744 3350 se
1762 3311 1887 3350 etiam
1905 3311 2057 3364 poterit
2076 3323 2176 3357 esse,
2196 3312 2260 3352 ed.
2280 3325 2343 3365 pr.

549 3370 551 3373 ’
598 3368 627 3391 ¹⁰
655 3368 768 3421 sunt]
789 3368 955 3414 habent,
977 3368 1029 3407 A.
1034 3367 1080 3409 B.
1084 3368 1134 3408 C.
1243 3366 1272 3390 ¹¹
1302 3365 1470 3417 falsum]
1491 3341 1770 3410 fals’issimum,
1786 3365 1848 3404 ed.
1862 3377 1924 3417 pr.
2034 3363 2066 3388 ¹²
2092 3365 2342 3418 senioribus]

597 3422 771 3467 senibus,
788 3423 840 3462 A.
844 3422 891 3461 B.
1075 3421 1105 3445 ¹³
1132 3420 1323 3473 visibilis]
1345 3433 1428 3460 om.
1450 3419 1502 3459 A.
1507 3419 1553 3458 Β.
1737 3418 1767 3442 ¹⁴
1792 3418 1950 3470 lumen]
1971 3417 2102 3459 lineae
2121 3419 2342 3465 radiantur,

598 3476 646 3515 A
653 3476 697 3515 B.
701 3477 773 3521 C.;
804 3476 956 3516 lumine
977 3474 1196 3520 radiantur,
1215 3475 1278 3514 ed.
1299 3487 1360 3528 pr.
1390 3515 1401 3519 ,
1487 3473 1517 3497 ¹⁵
1546 3473 1609 3513 Ex
1626 3471 2000 3526 hac-sequuntur]
2022 3485 2103 3513 om.
2123 3473 2174 3515 C.
2192 3473 2256 3514 ed.
2230 3486 2341 3567 ’.ἔτ

599 3529 626 3550 ¹⁶
655 3507 955 3582 conclusiones]
977 3529 1309 3582 compositiones,
1330 3527 1393 3568 ed.
1414 3541 1474 3581 pr.
1588 3527 1617 3551 ¹⁷
1643 3526 1788 3580 agere]
1806 3539 1888 3566 om.
1908 3526 1973 3567 ed.
1994 3539 2055 3579 pr.
2300 3529 2340 3579 e]

528 3619 531 3622 .
598 3582 649 3627 in,
672 3584 723 3621 A.
728 3583 773 3621 Β.
940 3584 970 3607 ¹⁹
998 3583 1224 3635 f01·et]hoc
1245 3582 1362 3628 foret,
1383 3582 1446 3622 ed.
1467 3595 1527 3634 pr.
