2436 4094
428 347 457 386 2
999 330 1759 380 PROLEGOMENA.

424 467 684 530 plurimum
709 467 839 516 lectu
861 465 1149 515 difficiliores
1174 472 1299 514 sunt.
1372 464 1536 523 Quam
1569 465 1635 512 ob
1660 478 1763 512 rem
1794 463 1923 512 haud
1946 464 2222 514 mirandum
2245 472 2335 525 est,

424 555 660 619 plurimos
715 554 940 606 homines
997 554 1184 612 doctOS,
1234 568 1347 601 cum
1395 551 1640 601 Wiclifum
1695 567 1995 616 cognoscere
2035 552 2226 612 vellent,
2273 568 2334 602 ex

424 645 660 708 Trialogo
685 645 736 692 in
760 644 927 708 primis
950 643 1184 691 hausisse.

491 734 655 782 Altera
700 748 762 780 ex
804 739 938 795 parte
980 731 1057 779 hic
1097 730 1217 778 liber
1259 729 1566 793 dialogorum
1608 731 1707 779 sive
1750 730 2012 794 Trialogus
2059 730 2134 779 sui
2179 729 2335 794 ipsius

425 836 571 869 causa
607 821 783 883 dignus
825 826 912 877 est,
949 818 1031 881 qui
1073 817 1219 866 fontis
1254 817 1404 867 instar
1439 818 1747 882 potissimum
1789 818 1999 868 adeatur.
2069 817 2336 867 Postremis

423 909 554 957 enim
578 908 702 955 vitae
734 907 873 955 annis
906 908 968 955 ab
1001 914 1196 954 auctore
1231 907 1534 969 compositus
1568 922 1878 970 summopere
1910 914 2155 955 maturum
2187 906 2335 955 animi

424 997 529 1058 ejus
565 996 772 1043 fructum
806 1009 922 1057 prae
959 1009 1011 1042 se
1047 994 1152 1053 fert,
1183 1002 1328 1058 atque
1363 995 1439 1043 via
1475 1003 1523 1044 et
1557 996 1742 1044 ratione
1778 995 2050 1059 procedens
2083 995 2336 1044 universae

425 1084 531 1146 ejus
565 1083 814 1131 doctrinae
850 1097 1093 1131 summam
1117 1083 1250 1132 brevi
1275 1084 1415 1147 quasi
1440 1084 1737 1148 compendio
1764 1083 2113 1148 complectitur.
2183 1083 2336 1146 Igitur

422 1186 537 1219 cum
571 1170 678 1218 libri
714 1171 864 1233 ipsius
901 1171 1195 1234 praestantia
1229 1179 1332 1220 tum
1369 1171 1516 1220 editio
1557 1172 1661 1236 ejus
1695 1172 1869 1235 integri
1904 1179 2090 1220 mature
2125 1171 2250 1220 facta
2283 1171 2336 1219 in

423 1272 574 1307 causa
610 1258 711 1317 fuit,
746 1274 830 1307 cur
862 1274 922 1307 ex
954 1258 1050 1307 hoc
1086 1259 1393 1322 potissimum
1426 1275 1482 1308 ac
1518 1260 1617 1308 fere
1654 1260 1760 1308 solo
1796 1261 1919 1309 inter
1953 1274 2126 1309 omnes
2160 1259 2336 1309 Wiclifi

421 1345 570 1394 libros
594 1346 820 1395 homines
844 1346 1014 1395 literati
1038 1348 1177 1410 quasi
1202 1363 1262 1396 ex
1286 1348 1421 1397 fonte
1448 1349 1610 1412 aliquo
1635 1349 1890 1413 hucusque
1914 1349 2173 1398 haurirent.

491 1435 603 1500 Jam
636 1436 699 1485 ad
729 1435 904 1484 librum
937 1436 1098 1499 ipsum
1129 1438 1332 1500 propius
1365 1438 1668 1497 accedenteS,
1694 1453 1793 1502 quo
1821 1438 2056 1502 temporis
2079 1444 2335 1486 momento

424 1528 732 1590 conscriptus
764 1527 836 1586 sit,
871 1541 1112 1586 eruamuS‚
1145 1534 1487 1590 argumentum
1524 1535 1571 1576 et
1605 1527 1814 1576 formam
1846 1528 1953 1592 ejus
1990 1527 2335 1585 describamuS‚

380 1615 383 1618 ’
424 1615 542 1677 quid
567 1616 627 1663 de
654 1630 715 1663 eo
736 1615 1060 1678 judicandum
1084 1615 1158 1674 sit,
1182 1615 1449 1666 videamus.

1339 1852 1419 1907 A.

493 1984 571 2033 De
594 1989 796 2047 tempore,
821 1998 920 2047 quo
955 1984 1074 2032 liber
1109 1985 1414 2047 conscriptus
1446 1985 1519 2042 sit,
1552 1984 1682 2033 haud
1717 1985 1943 2034 omnibus
1979 1992 2184 2044 constat,
2214 1982 2340 2033 Tur-

428 2089 570 2121 nerus
602 2072 813 2136 quidem,
851 2073 922 2120 vir
954 2072 1259 2132 clarissimuS‚
1293 2073 1579 2136 Trialogum
1610 2074 1733 2121 inter
1766 2088 1925 2122 annos
1962 2084 2089 2136 1372
2123 2082 2172 2124 et
2209 2062 2333 2136 1377

2432 1586 2436 1633 i

428 2163 660 2224 scriptum
685 2176 805 2220 esse,
830 2161 940 2210 loco
964 2161 1180 2224 quodam
1203 2162 1307 2209 libri
1331 2161 1419 2209 IV.
1445 2176 1486 2210 c.
1515 2164 1576 2223 36
1603 2162 1775 2211 ductus
1800 2169 2017 2211 autumat
2044 2161 2269 2224 (Heli-lory
2287 2163 2354 2229 qs

426 2247 660 2310 England
676 2248 852 2310 during
875 2247 947 2295 the
966 2246 1152 2295 Mzddle
1173 2247 1312 2310 Ages,
1339 2250 1482 2309 1830,
1502 2248 1562 2296 V.
1594 2250 1727 2310 181).
1798 2248 1900 2297 Illic
1918 2249 2048 2297 enim
2067 2249 2338 2299 secundum

427 2339 692 2387 editionem
724 2339 992 2401 principem
1015 2338 1136 2386 haec
1159 2338 1408 2401 leguntur:
1461 2343 1472 2363 ‘
1492 2338 1673 2386 videtur
1702 2339 1825 2401 quod
1834 2339 2032 2403 fratres
2059 2340 2339 2403 generaliter

418 2435 513 2489 pro
534 2442 654 2474 anno
678 2427 857 2474 domini
873 2410 1130 2474 Mllesi'mo
1152 2428 1475 2489 septuagesimo
1497 2428 1688 2474 secundo
1711 2433 1908 2475 recenter
1929 2435 1972 2476 et
1981 2429 2338 2491 partzeularz'ter

429 2515 479 2560 z'n
503 2530 584 2561 suo
608 2515 793 2562 concilio
816 2520 967 2562 terrae
989 2519 1132 2562 motus
1155 2514 1425 2574 Londonz‘zlr,
1450 2516 1827 2565 intoxicaverant
1846 2533 2038 2580 regnum
2060 2519 2296 2567 nostrum?

497 2600 609 2665 Jam
642 2600 881 2659 Turnerus
912 2602 1015 2665 ipse
1051 2611 1178 2651 recte
1202 2603 1330 2661 vidit,
1363 2603 1414 2651 in
1448 2619 1651 2652 numero
1688 2605 1802 2652 anni
1836 2620 2068 2668 expresso
2102 2607 2337 2656 omissum

428 2704 534 2738 esse
570 2689 858 2737 vocabulum
896 2691 1294 2749 ‘trecentesim0‚'
1336 2699 1384 2739 et
1424 2690 1519 2740 hoc
1560 2692 1668 2754 ipso
1709 2707 1771 2740 ex
1805 2691 1917 2742 loco
1949 2693 2057 2756 jure
2091 2708 2181 2743 suo
2217 2696 2336 2744 con·
2406 2693 2432 2700 “’

429 2776 580 2835 clusit,
606 2777 892 2840 Trialogum
927 2793 1029 2826 non
1065 2786 1175 2827 ante
1212 2794 1396 2829 annum
1436 2791 1563 2842 1372
1602 2782 1830 2844 scriptum
1865 2796 1986 2831 esse.
2057 2781 2155 2830 Sed
2181 2782 2336 2832 virum

429 2864 762 2914 doctissimum
794 2867 843 2913 in
874 2867 1080 2915 termino
1103 2869 1357 2930 posteriori
1388 2868 1644 2916 statuendo
1669 2870 1913 2928 erravisse,
1937 2869 2035 2919 hoc
2057 2879 2130 2919 est
2160 2871 2336 2920 librum

428 2954 573 3002 istum
596 2962 708 3016 post
732 2971 914 3003 annum
943 2966 1068 3017 1377
1096 2956 1278 3004 editum
1301 2971 1421 3015 esse,
1447 2956 1586 3020 plura
1607 2965 1718 3005 sunt
1742 2972 1867 3020 quae
1892 2961 2227 3022 comprobent.
2300 2945 2302 2947 ’

498 3044 713 3092 Primum
759 3045 890 3092 enim
938 3045 997 3093 de
1041 3050 1052 3070 ‘
1071 3044 1269 3092 Roberto
1316 3043 1608 3094 Gz'lbonensz‘'
1649 3061 1750 3094 non
1792 3047 1941 3095 semel
1983 3045 2091 3113 (IV.
2129 3051 2209 3111 36,
2249 3048 2336 3115 37)

431 3147 590 3180 sermo
613 3141 697 3190 est,
725 3134 902 3183 scilicet
925 3134 985 3182 de
1011 3133 1254 3182 Cardinali
1284 3133 1501 3183 Roberto
1531 3134 1822 3193 Genevensi,
1847 3136 1930 3198 qui
1961 3138 2024 3186 ab
2055 3137 2335 3188 adversariis

432 3218 616 3267 Urbani
639 3221 726 3269 VI.
751 3238 906 3285 papae
940 3238 1071 3271 anno
1107 3226 1232 3284 1378
1264 3222 1442 3271 electus
1467 3222 1771 3272 Clementem
1794 3224 1908 3274 VII.
1941 3240 1993 3274 se
2025 3229 2334 3291 nuncupavit.

433 3306 575 3354 Unde
601 3308 765 3366 elucet,
792 3310 964 3358 librum
996 3319 1107 3374 post
1140 3320 1362 3360 exortum
1399 3312 1608 3361 schisma
1640 3327 1874 3376 magnum
1906 3314 2217 3374 occidentale,
2242 3331 2335 3367 nec

433 3403 543 3443 ante
568 3410 750 3443 annum
780 3402 905 3458 1378
931 3399 1208 3448 confectum
1232 3415 1351 3448 esse.
2204 3391 2213 3399 “
2266 3406 2273 3410 Χ

499 3481 687 3530 Deinde
720 3484 769 3530 in
801 3485 1014 3546 plurimis
1046 3487 1263 3551 Trialogi
1294 3488 1413 3537 locis
1443 3488 1662 3537 doctrina
1693 3489 1770 3537 illa
1805 3488 2036 3538 ecclesiae
2061 3489 2332 3551 Romanae,

434 3585 558 3632 quae
593 3574 604 3594 ‘
624 3572 1190 3623 transsubstanlz'atz'onem'
1215 3578 1264 3624 in
1297 3592 1432 3626 sacra
1464 3592 1619 3627 coena
1642 3578 1742 3626 fieri
1774 3578 2004 3641 perhibet,
2031 3593 2331 3629 commemo-
