2436 4094
323 452 422 506 168

982 444 1392 511 JOANNIS
1464 444 1818 496 WICLIF
2154 463 2314 494 mnan.

559 583 666 641 vuli,
692 598 795 631 non
819 581 1054 629 intrabitis
1077 581 1128 629 in
1153 596 1358 644 regnum
1383 580 1656 629 coelorum1
1672 580 1701 640 ;'
1737 580 1820 628 ubi
1844 586 1976 644 patet
1996 578 2105 628 luce
2123 577 2311 636 clariuS,

560 664 693 726 quod
719 663 938 711 Christus
957 662 1165 725 loquitur
1191 662 1251 710 de
1275 662 1474 725 parvulo
1493 677 1601 709 vere
1620 661 1790 709 humili
1807 663 1858 709 in
1882 676 1970 709 sua
1992 658 2312 722 reputatione,

559 754 608 794 et
631 744 854 803 eertum2,
881 743 1014 807 quod
1037 743 1142 792 talis
1168 744 1393 792 humilior
1418 751 1492 792 est
1514 743 1565 790 in
1588 758 1741 805 regno
1773 743 2023 791 coelorum
2054 741 2226 804 maj0r,
2257 747 2312 788 ut

561 826 780 875 Christus
822 826 936 874 dicit
975 833 1076 873 tam
1118 841 1265 889 opere
1302 840 1449 888 quam
1485 839 1724 873 sermone.
1793 823 1871 872 Ex
1903 823 2079 886 quibus
2113 820 2312 879 videtur,

561 923 674 956 cum
706 908 863 970 major
895 908 946 954 in
982 922 1136 969 regno
1171 907 1422 955 coelorum
1457 906 1603 955 debet
1635 905 1885 969 praeesse³
1919 903 2189 952 secundum
2219 901 2316 950 Dei

560 989 819 1048 arbitrium,
845 989 978 1052 quod
1002 988 1241 1051 praelatus
1265 996 1313 1036 et
1336 988 1654 1051 praepositus,
1680 988 1761 1050 qui
1797 986 2118 1035 communiter
2142 998 2315 1032 secun-

562 1072 678 1120 dum
702 1071 926 1118 homines
949 1070 1295 1133 praeferuntur,
1321 1086 1424 1119 non
1449 1078 1561 1119 sunt
1586 1070 1646 1119 de
1671 1084 1826 1133 regno
1851 1068 2116 1127 coelorum,
2142 1065 2230 1123 sed
2252 1064 2314 1114 de

561 1167 714 1215 regno
737 1152 864 1216 regis
889 1153 1154 1215 superbiae.
1743 1162 1746 1166 ’

1285 1484 1326 1533 C
1337 1483 1443 1532 ΑΡ.
1482 1484 1595 1531 XII.

1342 1626 1549 1675 Invidia.

635 1761 838 1809 Alz'llzz‘a.
909 1762 1113 1811 Videtur
1147 1764 1280 1823 mihi,
1318 1765 1451 1828 quod
1486 1766 1576 1813 ista
1613 1765 1864 1824 sententia,
1904 1761 2171 1827 specialiter
2205 1761 2319 1826 quia

569 1842 735 1891 alludit
759 1844 873 1891 fidei
898 1846 1173 1907 scripturae,
1202 1846 1346 1894 debet
1379 1861 1484 1895 esse
1517 1847 1644 1895 fideli
1678 1847 1857 1910 sapida.
1929 1845 2026 1893 Sed
2057 1859 2180 1907 rogo
2204 1858 2320 1907 pro-

571 1939 769 1986 sequere
795 1934 1024 1988 coeptum
1049 1927 1271 1976 ordinem
1295 1929 1644 1986 conservando,
1671 1944 1732 1975 ex
1762 1928 1936 1990 quibus
1959 1926 2159 1984 videtur,
2184 1923 2320 1989 quod

570 2006 719 2054 debes
742 2015 944 2055 tractare
969 2009 1020 2054 de
1043 2010 1153 2055 vilio
1177 2010 1391 2068 invidiae,
1418 2018 1465 2057 et
1489 2010 1549 2057 de
1574 2010 1664 2057 sibi
1689 2009 1914 2072 opposita
1937 2009 2147 2057 caritate.

638 2087 912 2136 Phrenesis,
985 2089 1146 2138 Placet
1193 2090 1253 2138 de
1301 2091 1393 2138 isto
1440 2091 1625 2149 ordine,
1669 2098 1716 2138 et
1756 2092 1914 2154 primo
1952 2090 2138 2138 videtur
2183 2087 2320 2152 quod

571 2169 749 2216 invidia
775 2170 834 2216 sit
857 2169 1156 2224 inordinatus
1188 2172 1429 2234 appetitus
1463 2173 1655 2220 volendi
1688 2172 1871 2220 malum
1906 2172 2078 2230 alteri4,
2103 2179 2150 2219 et
2182 2169 2321 2218 intel-

570 2250 670 2312 ligo
696 2250 756 2298 de
790 2251 919 2298 malo
953 2251 1132 2310 damni,
1158 2267 1260 2300 non
1292 2253 1352 2301 de
1377 2253 1509 2302 malo
1533 2269 1737 2316 poenae,
1762 2269 1874 2302 cum
1898 2253 2034 2301 Deus
2065 2252 2322 2301 ordinatis-

573 2332 691 2379 sime
733 2333 917 2394 appetit
956 2333 1051 2382 hoc
1092 2335 1274 2382 malum
1311 2336 1496 2383 inesse5
1532 2337 1785 2384 damnatis.
1857 2335 1964 2383 Nec
2005 2335 2190 2383 videtur
2231 2334 2323 2382 ista

573 2414 832 2476 descriptio
873 2415 1081 2463 invidiae
1123 2431 1230 2464 esse
1270 2417 1535 2475 laudabilis,
1574 2433 1699 2480 quae
1740 2418 2002 2481 imponitur
2038 2417 2320 2479 Augustino,

574 2496 753 2543 scilicet
795 2496 926 2558 quod
967 2497 1143 2544 invidia
1186 2499 1246 2545 sit
1287 2498 1425 2545 dolor
1467 2500 1526 2547 de
1568 2499 1725 2547 alieno
1766 2500 1916 2547 bono.
2001 2498 2119 2546 Non
2160 2502 2327 2546 autem

573 2584 764 2638 oportet
800 2577 933 2639 quod
966 2578 1025 2625 sit
1050 2579 1189 2626 dolor
1214 2580 1274 2627 de
1298 2579 1521 2627 felicitate
1546 2580 1752 2639 alterius,
1779 2582 1892 2644 quia
1923 2589 2023 2629 tam
2055 2581 2321 2644 praescitus

574 2675 722 2721 quam
748 2659 969 2707 diabolus
1002 2661 1181 2708 invidet
1206 2661 1294 2708 sibi
1327 2662 1579 2720 consimili,
1605 2663 1682 2710 cui
1714 2678 1817 2711 non
1839 2663 1966 2711 inest
1996 2662 2210 2720 felicitas,
2236 2661 2325 2710 sed

573 2740 765 2799 invidet,
792 2741 926 2804 quod
952 2750 1050 2789 tam
1076 2743 1450 2791 misericorditer
1474 2752 1547 2792 est
1570 2759 1682 2792 cum
1707 2744 1802 2793 illo.
1875 2743 2098 2792 Similiter
2122 2759 2226 2792 non
2249 2751 2324 2792 est

573 2822 695 2869 ratio
738 2837 886 2884 quare
922 2823 1100 2872 invidia
1134 2823 1257 2872 foret
1293 2825 1577 2888 descriptive
1614 2826 1753 2874 dolor
1789 2826 1850 2874 de
1890 2825 2114 2874 felicitate
2149 2825 2320 2885 aliena,

575 2904 692 2966 quin
715 2919 802 2966 per
825 2904 956 2952 idem
980 2913 1026 2952 et
1051 2906 1317 2954 evidentius
1342 2907 1464 2955 foret
1487 2908 1721 2970 gaudium
1745 2907 1806 2954 de
1831 2907 2013 2956 damno
2046 2907 2251 2966 alterius,
2276 2914 2325 2956 et

576 2988 644 3035 sic
681 2987 862 3034 invidia
898 2988 1022 3036 foret
1057 2996 1157 3035 tam
1193 2989 1332 3037 dolor
1373 3004 1521 3051 quam
1558 2989 1817 3052 gaudium3
1870 2997 1918 3037 et
1959 3004 2071 3037 curn
2111 2989 2189 3037 illa
2227 2990 2323 3038 sint

576 3070 815 3116 contraria
833 3077 880 3116 et
899 3084 1000 3117 non
1020 3070 1211 3117 relative
1231 3071 1467 3134 opposita,
1488 3071 1724 3118 contraria
1742 3070 1900 3118 forent
1925 3071 1986 3118 de
2005 3085 2056 3118 se
2075 3071 2322 3134 reciproce

577 3152 863 3213 praedicata,
889 3152 1028 3198 etsie
1063 3152 1194 3199 idem
1229 3151 1378 3199 homo
1414 3159 1578 3214 posset
1615 3166 1718 3199 esse
1756 3151 1895 3199 simul
1918 3153 2086 3199 beatus
2109 3152 2250 3215 plene
2275 3161 2324 3201 et

578 3232 832 3280 damnatus
857 3233 1134 3280 miserrime.
1211 3232 1445 3291 Quamvis
1470 3234 1600 3280 enim
1625 3231 1844 3280 Christus
1877 3232 2018 3280 simul
2044 3232 2212 3281 habuit
2237 3234 2324 3282 do-

575 3315 728 3362 lorem
763 3323 810 3362 et
834 3315 1078 3377 gaudium,
1103 3315 1198 3363 hoc
1233 3323 1396 3363 tamen
1431 3314 1518 3362 fuit
1553 3315 1613 3363 de
1647 3315 1915 3377 disparibus
1949 3315 2164 3378 objectis,
2189 3324 2236 3365 et
2270 3325 2323 3365 ut

633 3471 646 3493 ¹
677 3476 716 3510 et
744 3470 1176 3523 advocans—regnum
1205 3469 1433 3522 coelorum]
1456 3470 1513 3510 sie
1542 3470 1646 3511 Cod.
1668 3470 1796 3517 A.C.;
1841 3470 1895 3509 D.
1914 3470 2087 3517 brevius,
2110 3470 2156 3509 B.
2177 3470 2239 3510 ed.
2260 3485 2322 3523 pr.

578 3524 592 3545 ²
622 3525 796 3576 certum]
817 3526 975 3571 iterum,
996 3526 1058 3565 ed.
1079 3539 1140 3578 pr.
1269 3525 1284 3547 ³
1312 3525 1517 3578 praeesse]
1538 3525 1631 3565 ideo
1651 3537 1848 3576 praeesse,
1868 3524 1932 3565 ed.
1951 3536 2013 3577 pr.
2141 3523 2157 3547 ⁴
2183 3524 2320 3579 alteri]

579 3577 754 3625 alterius,
775 3579 927 3619 A.B.C.
1092 3580 1107 3604 ⁵
1135 3579 1286 3632 inesse]
1307 3592 1406 3626 esse,
1429 3579 1583 3620 A.B.C.
1605 3579 1668 3619 ed.
1689 3592 1748 3632 pr.
