<?xml version="1.0" encoding="UTF-8"?>
<!DOCTYPE html PUBLIC "-//W3C//DTD XHTML 1.0 Transitional//EN"
    "http://www.w3.org/TR/xhtml1/DTD/xhtml1-transitional.dtd">
<html xmlns="http://www.w3.org/1999/xhtml" xml:lang="en" lang="en">
 <head>
  <title>
</title>
<meta http-equiv="Content-Type" content="text/html;charset=utf-8" />
  <meta name='ocr-system' content='tesseract 3.04.00' />
  <meta name='ocr-capabilities' content='ocr_page ocr_carea ocr_par ocr_line ocrx_word'/>
</head>
<body>
  <div class='ocr_page' id='page_1' title='image "./trialoguscumsupp00wycluoft_0036.png"; bbox 0 0 2436 4094; ppageno 0'>
   <div class='ocr_carea' id='block_1_1' title="bbox 383 352 1710 431">
    <p class='ocr_par' dir='ltr' id='par_1_1' title="bbox 383 352 1710 431">
     <span class='ocr_line' id='line_1_1' title="bbox 383 352 1710 431; baseline -0.01 -12"><span class='ocrx_word' id='word_1_1' title='bbox 383 381 452 431; x_wconf 81' lang='lat'>24</span> <span class='ocrx_word' id='word_1_2' title='bbox 955 352 1710 412; x_wconf 78' lang='lat' dir='ltr'><em>PROLEGOMENA.</em></span> 
     </span>
    </p>
   </div>
   <div class='ocr_carea' id='block_1_2' title="bbox 376 485 2353 3643">
    <p class='ocr_par' dir='ltr' id='par_1_2' title="bbox 376 485 2298 1967">
     <span class='ocr_line' id='line_1_2' title="bbox 379 485 2288 563; baseline -0.005 -16"><span class='ocrx_word' id='word_1_3' title='bbox 379 501 601 563; x_wconf 88' lang='lat' dir='ltr'>nigriore,</span> <span class='ocrx_word' id='word_1_4' title='bbox 660 498 932 547; x_wconf 84' lang='lat' dir='ltr'>charactere</span> <span class='ocrx_word' id='word_1_5' title='bbox 991 496 1236 552; x_wconf 84' lang='lat' dir='ltr'>crassiore,</span> <span class='ocrx_word' id='word_1_6' title='bbox 1296 492 1603 555; x_wconf 86' lang='lat' dir='ltr'>paucioribus</span> <span class='ocrx_word' id='word_1_7' title='bbox 1668 490 1908 539; x_wconf 90' lang='lat' dir='ltr'>scribendi</span> <span class='ocrx_word' id='word_1_8' title='bbox 1968 485 2288 553; x_wconf 68' lang='lat' dir='ltr'>compendiis,</span> 
     </span>
     <span class='ocr_line' id='line_1_3' title="bbox 379 577 2290 651; baseline -0.006 -15"><span class='ocrx_word' id='word_1_9' title='bbox 379 588 567 651; x_wconf 91' lang='lat' dir='ltr'>planius</span> <span class='ocrx_word' id='word_1_10' title='bbox 613 594 660 635; x_wconf 91' lang='lat' dir='ltr'>et</span> <span class='ocrx_word' id='word_1_11' title='bbox 706 586 970 635; x_wconf 87' lang='lat' dir='ltr'>distinctius</span> <span class='ocrx_word' id='word_1_12' title='bbox 1018 582 1199 630; x_wconf 89' lang='lat' dir='ltr'>exarati</span> <span class='ocrx_word' id='word_1_13' title='bbox 1247 587 1372 629; x_wconf 89' lang='lat' dir='ltr'>sunt.</span> <span class='ocrx_word' id='word_1_14' title='bbox 1465 579 1657 627; x_wconf 89' lang='lat' dir='ltr'>Literae</span> <span class='ocrx_word' id='word_1_15' title='bbox 1703 578 1908 627; x_wconf 88' lang='lat' dir='ltr'>initiales</span> <span class='ocrx_word' id='word_1_16' title='bbox 1955 592 2130 626; x_wconf 88' lang='lat' dir='ltr'>omnes</span> <span class='ocrx_word' id='word_1_17' title='bbox 2175 577 2290 625; x_wconf 88' lang='lat' dir='ltr'>sim-</span> 
     </span>
     <span class='ocr_line' id='line_1_4' title="bbox 379 666 2292 738; baseline -0.005 -15"><span class='ocrx_word' id='word_1_18' title='bbox 379 676 569 738; x_wconf 91' lang='lat' dir='ltr'>pliciori</span> <span class='ocrx_word' id='word_1_19' title='bbox 604 674 754 721; x_wconf 91' lang='lat' dir='ltr'>modo</span> <span class='ocrx_word' id='word_1_20' title='bbox 791 673 943 719; x_wconf 92' lang='lat' dir='ltr'>minio</span> <span class='ocrx_word' id='word_1_21' title='bbox 986 671 1131 717; x_wconf 90' lang='lat' dir='ltr'>rubro</span> <span class='ocrx_word' id='word_1_22' title='bbox 1167 669 1336 732; x_wconf 86' lang='lat' dir='ltr'>pictae.</span> <span class='ocrx_word' id='word_1_23' title='bbox 1410 667 1640 730; x_wconf 90' lang='lat' dir='ltr'>Capitum</span> <span class='ocrx_word' id='word_1_24' title='bbox 1674 667 1859 715; x_wconf 90' lang='lat' dir='ltr'>indices</span> <span class='ocrx_word' id='word_1_25' title='bbox 1893 666 2151 724; x_wconf 89' lang='lat' dir='ltr'>breviores,</span> <span class='ocrx_word' id='word_1_26' title='bbox 2187 677 2292 713; x_wconf 92' lang='lat' dir='ltr'>non</span> 
     </span>
     <span class='ocr_line' id='line_1_5' title="bbox 378 753 2291 824; baseline -0.005 -13"><span class='ocrx_word' id='word_1_27' title='bbox 378 765 556 824; x_wconf 90' lang='lat' dir='ltr'>ubique</span> <span class='ocrx_word' id='word_1_28' title='bbox 597 762 682 810; x_wconf 89' lang='lat' dir='ltr'>sed</span> <span class='ocrx_word' id='word_1_29' title='bbox 722 761 1002 823; x_wconf 89' lang='lat' dir='ltr'>plerumque</span> <span class='ocrx_word' id='word_1_30' title='bbox 1038 757 1197 815; x_wconf 90' lang='lat' dir='ltr'>additi,</span> <span class='ocrx_word' id='word_1_31' title='bbox 1235 765 1284 804; x_wconf 91' lang='lat' dir='ltr'>et</span> <span class='ocrx_word' id='word_1_32' title='bbox 1324 757 1417 819; x_wconf 89' lang='lat' dir='ltr'>ipsi</span> <span class='ocrx_word' id='word_1_33' title='bbox 1454 756 1606 803; x_wconf 85' lang='lat' dir='ltr'>minio</span> <span class='ocrx_word' id='word_1_34' title='bbox 1644 756 1788 803; x_wconf 89' lang='lat' dir='ltr'>rubro</span> <span class='ocrx_word' id='word_1_35' title='bbox 1828 755 2002 818; x_wconf 86' lang='lat' dir='ltr'>scripti.</span> <span class='ocrx_word' id='word_1_36' title='bbox 2073 753 2204 802; x_wconf 89' lang='lat' dir='ltr'>Rem</span> <span class='ocrx_word' id='word_1_37' title='bbox 2239 753 2291 801; x_wconf 91' lang='lat' dir='ltr'>in</span> 
     </span>
     <span class='ocr_line' id='line_1_6' title="bbox 379 841 2290 912; baseline -0.004 -15"><span class='ocrx_word' id='word_1_38' title='bbox 379 851 571 912; x_wconf 90' lang='lat' dir='ltr'>reliquis</span> <span class='ocrx_word' id='word_1_39' title='bbox 618 848 836 909; x_wconf 88' lang='lat' dir='ltr'>Trialogi</span> <span class='ocrx_word' id='word_1_40' title='bbox 883 845 1131 894; x_wconf 90' lang='lat' dir='ltr'>codicibus</span> <span class='ocrx_word' id='word_1_41' title='bbox 1178 843 1307 891; x_wconf 90' lang='lat' dir='ltr'>haud</span> <span class='ocrx_word' id='word_1_42' title='bbox 1353 844 1599 891; x_wconf 89' lang='lat' dir='ltr'>inventam</span> <span class='ocrx_word' id='word_1_43' title='bbox 1645 842 1739 890; x_wconf 93' lang='lat' dir='ltr'>hoc</span> <span class='ocrx_word' id='word_1_44' title='bbox 1785 842 1836 890; x_wconf 91' lang='lat' dir='ltr'>in</span> <span class='ocrx_word' id='word_1_45' title='bbox 1889 842 2010 890; x_wconf 92' lang='lat' dir='ltr'>libro</span> <span class='ocrx_word' id='word_1_46' title='bbox 2055 841 2290 900; x_wconf 84' lang='lat' dir='ltr'>videmus,</span> 
     </span>
     <span class='ocr_line' id='line_1_7' title="bbox 379 929 2293 998; baseline -0.004 -13"><span class='ocrx_word' id='word_1_47' title='bbox 379 937 557 986; x_wconf 90' lang='lat' dir='ltr'>scilicet</span> <span class='ocrx_word' id='word_1_48' title='bbox 603 935 857 998; x_wconf 89' lang='lat' dir='ltr'>particulas</span> <span class='ocrx_word' id='word_1_49' title='bbox 906 933 1120 995; x_wconf 89' lang='lat' dir='ltr'>capitum</span> <span class='ocrx_word' id='word_1_50' title='bbox 1169 932 1470 994; x_wconf 90' lang='lat' dir='ltr'>singulorum</span> <span class='ocrx_word' id='word_1_51' title='bbox 1525 931 1670 979; x_wconf 87' lang='lat' dir='ltr'>literis</span> <span class='ocrx_word' id='word_1_52' title='bbox 1717 930 1776 978; x_wconf 94' lang='lat' dir='ltr'>A.</span> <span class='ocrx_word' id='word_1_53' title='bbox 1814 930 1870 979; x_wconf 92' lang='lat' dir='ltr'>B.</span> <span class='ocrx_word' id='word_1_54' title='bbox 1909 930 1965 978; x_wconf 92' lang='lat' dir='ltr'>C.</span> <span class='ocrx_word' id='word_1_55' title='bbox 2001 929 2199 993; x_wconf 86' lang='lat' dir='ltr'>reliquis·</span> <span class='ocrx_word' id='word_1_56' title='bbox 2240 929 2293 978; x_wconf 88' lang='lat' dir='ltr'>in</span> 
     </span>
     <span class='ocr_line' id='line_1_8' title="bbox 379 1018 2292 1087; baseline -0.003 -15"><span class='ocrx_word' id='word_1_57' title='bbox 379 1026 596 1087; x_wconf 84' lang='lat' dir='ltr'>margine</span> <span class='ocrx_word' id='word_1_58' title='bbox 638 1023 888 1084; x_wconf 86' lang='lat' dir='ltr'>adscriptis</span> <span class='ocrx_word' id='word_1_59' title='bbox 929 1021 1191 1079; x_wconf 89' lang='lat' dir='ltr'>distinctas,</span> <span class='ocrx_word' id='word_1_60' title='bbox 1235 1020 1284 1068; x_wconf 92' lang='lat' dir='ltr'>id</span> <span class='ocrx_word' id='word_1_61' title='bbox 1325 1020 1457 1084; x_wconf 93' lang='lat' dir='ltr'>quod</span> <span class='ocrx_word' id='word_1_62' title='bbox 1498 1020 1782 1083; x_wconf 90' lang='lat' dir='ltr'>plerumque</span> <span class='ocrx_word' id='word_1_63' title='bbox 1823 1034 1926 1067; x_wconf 92' lang='lat' dir='ltr'>non</span> <span class='ocrx_word' id='word_1_64' title='bbox 1967 1019 2070 1067; x_wconf 90' lang='lat' dir='ltr'>sine</span> <span class='ocrx_word' id='word_1_65' title='bbox 2108 1018 2292 1082; x_wconf 83' lang='lat' dir='ltr'>judicio</span> 
     </span>
     <span class='ocr_line' id='line_1_9' title="bbox 380 1108 2293 1173; baseline -0.003 -12"><span class='ocrx_word' id='word_1_66' title='bbox 380 1114 558 1161; x_wconf 90' lang='lat' dir='ltr'>facturn</span> <span class='ocrx_word' id='word_1_67' title='bbox 600 1120 687 1160; x_wconf 87' lang='lat' dir='ltr'>est.</span> <span class='ocrx_word' id='word_1_68' title='bbox 758 1111 1013 1159; x_wconf 90' lang='lat' dir='ltr'>Praeterea</span> <span class='ocrx_word' id='word_1_69' title='bbox 1060 1118 1457 1173; x_wconf 90' lang='lat' dir='ltr'>argumentorum</span> <span class='ocrx_word' id='word_1_70' title='bbox 1503 1109 1876 1157; x_wconf 88' lang='lat' dir='ltr'>indicandorum</span> <span class='ocrx_word' id='word_1_71' title='bbox 1914 1124 2061 1157; x_wconf 90' lang='lat' dir='ltr'>causa</span> <span class='ocrx_word' id='word_1_72' title='bbox 2099 1108 2293 1171; x_wconf 86' lang='lat' dir='ltr'>glossae</span> 
     </span>
     <span class='ocr_line' id='line_1_10' title="bbox 378 1194 2295 1263; baseline -0.003 -14"><span class='ocrx_word' id='word_1_73' title='bbox 378 1201 667 1263; x_wconf 84' lang='lat' dir='ltr'>marginales</span> <span class='ocrx_word' id='word_1_74' title='bbox 705 1199 833 1263; x_wconf 88' lang='lat' dir='ltr'>apud</span> <span class='ocrx_word' id='word_1_75' title='bbox 867 1200 1042 1247; x_wconf 90' lang='lat' dir='ltr'>librum</span> <span class='ocrx_word' id='word_1_76' title='bbox 1071 1201 1281 1262; x_wconf 91' lang='lat' dir='ltr'>primum</span> <span class='ocrx_word' id='word_1_77' title='bbox 1306 1206 1353 1246; x_wconf 91' lang='lat' dir='ltr'>et</span> <span class='ocrx_word' id='word_1_78' title='bbox 1387 1199 1656 1246; x_wconf 91' lang='lat' dir='ltr'>secundum</span> <span class='ocrx_word' id='word_1_79' title='bbox 1688 1197 2074 1260; x_wconf 89' lang='lat' dir='ltr'>frequentissime</span> <span class='ocrx_word' id='word_1_80' title='bbox 2103 1194 2295 1244; x_wconf 86' lang='lat' dir='ltr'>additae</span> 
     </span>
     <span class='ocr_line' id='line_1_11' title="bbox 379 1284 2295 1351; baseline -0.003 -15"><span class='ocrx_word' id='word_1_81' title='bbox 379 1296 505 1347; x_wconf 91' lang='lat' dir='ltr'>sunt,</span> <span class='ocrx_word' id='word_1_82' title='bbox 544 1288 673 1351; x_wconf 91' lang='lat' dir='ltr'>apud</span> <span class='ocrx_word' id='word_1_83' title='bbox 708 1288 883 1335; x_wconf 89' lang='lat' dir='ltr'>librum</span> <span class='ocrx_word' id='word_1_84' title='bbox 919 1295 1143 1350; x_wconf 91' lang='lat' dir='ltr'>quartum</span> <span class='ocrx_word' id='word_1_85' title='bbox 1182 1287 1335 1334; x_wconf 92' lang='lat' dir='ltr'>multo</span> <span class='ocrx_word' id='word_1_86' title='bbox 1374 1286 1577 1333; x_wconf 90' lang='lat' dir='ltr'>rariores</span> <span class='ocrx_word' id='word_1_87' title='bbox 1618 1286 1935 1332; x_wconf 89' lang='lat' dir='ltr'>inveniuntur.</span> <span class='ocrx_word' id='word_1_88' title='bbox 2007 1284 2295 1347; x_wconf 86' lang='lat' dir='ltr'>Trialogum</span> 
     </span>
     <span class='ocr_line' id='line_1_12' title="bbox 378 1371 2294 1439; baseline -0.003 -14"><span class='ocrx_word' id='word_1_89' title='bbox 378 1377 604 1439; x_wconf 88' lang='lat' dir='ltr'>sequitur,</span> <span class='ocrx_word' id='word_1_90' title='bbox 630 1383 682 1423; x_wconf 93' lang='lat' dir='ltr'>ut</span> <span class='ocrx_word' id='word_1_91' title='bbox 718 1391 863 1438; x_wconf 91' lang='lat' dir='ltr'>supra</span> <span class='ocrx_word' id='word_1_92' title='bbox 899 1376 1081 1423; x_wconf 89' lang='lat' dir='ltr'>dictum</span> <span class='ocrx_word' id='word_1_93' title='bbox 1116 1384 1202 1433; x_wconf 92' lang='lat' dir='ltr'>est,</span> <span class='ocrx_word' id='word_1_94' title='bbox 1228 1376 1387 1438; x_wconf 89' lang='lat' dir='ltr'>primo</span> <span class='ocrx_word' id='word_1_95' title='bbox 1420 1374 1821 1437; x_wconf 90' lang='lat' dir='ltr'>Supplementum</span> <span class='ocrx_word' id='word_1_96' title='bbox 1857 1373 2090 1436; x_wconf 88' lang='lat' dir='ltr'>Trialogi,</span> <span class='ocrx_word' id='word_1_97' title='bbox 2118 1371 2294 1420; x_wconf 90' lang='lat' dir='ltr'>deinde</span> 
     </span>
     <span class='ocr_line' id='line_1_13' title="bbox 376 1461 2294 1527; baseline -0.002 -15"><span class='ocrx_word' id='word_1_98' title='bbox 376 1472 604 1513; x_wconf 86' lang='lat' dir='ltr'>tractatus</span> <span class='ocrx_word' id='word_1_99' title='bbox 641 1464 840 1527; x_wconf 87' lang='lat' dir='ltr'>quidam</span> <span class='ocrx_word' id='word_1_100' title='bbox 874 1464 1064 1511; x_wconf 86' lang='lat' dir='ltr'>brevior</span> <span class='ocrx_word' id='word_1_101' title='bbox 1093 1463 1153 1511; x_wconf 94' lang='lat' dir='ltr'>de</span> <span class='ocrx_word' id='word_1_102' title='bbox 1187 1463 1472 1511; x_wconf 91' lang='lat' dir='ltr'>salutatione</span> <span class='ocrx_word' id='word_1_103' title='bbox 1506 1463 1752 1525; x_wconf 90' lang='lat' dir='ltr'>angelica;</span> <span class='ocrx_word' id='word_1_104' title='bbox 1789 1462 1901 1510; x_wconf 94' lang='lat' dir='ltr'>huic</span> <span class='ocrx_word' id='word_1_105' title='bbox 1937 1461 2149 1525; x_wconf 90' lang='lat' dir='ltr'>denique</span> <span class='ocrx_word' id='word_1_106' title='bbox 2185 1475 2294 1509; x_wconf 88' lang='lat' dir='ltr'>suc-</span> 
     </span>
     <span class='ocr_line' id='line_1_14' title="bbox 378 1549 2296 1615; baseline -0.002 -13"><span class='ocrx_word' id='word_1_107' title='bbox 378 1553 503 1602; x_wconf 90' lang='lat' dir='ltr'>cedit</span> <span class='ocrx_word' id='word_1_108' title='bbox 543 1553 690 1601; x_wconf 84' lang='lat' dir='ltr'>index</span> <span class='ocrx_word' id='word_1_109' title='bbox 731 1553 1136 1615; x_wconf 88' lang='lat' dir='ltr'>locupletissimus</span> <span class='ocrx_word' id='word_1_110' title='bbox 1177 1568 1338 1600; x_wconf 89' lang='lat' dir='ltr'>rerum</span> <span class='ocrx_word' id='word_1_111' title='bbox 1380 1553 1431 1600; x_wconf 91' lang='lat' dir='ltr'>in</span> <span class='ocrx_word' id='word_1_112' title='bbox 1473 1552 1706 1614; x_wconf 90' lang='lat' dir='ltr'>Trialogo</span> <span class='ocrx_word' id='word_1_113' title='bbox 1747 1558 2068 1610; x_wconf 89' lang='lat' dir='ltr'>tractatarum,</span> <span class='ocrx_word' id='word_1_114' title='bbox 2110 1565 2141 1599; x_wconf 89' lang='lat' dir='ltr'>a</span> <span class='ocrx_word' id='word_1_115' title='bbox 2179 1549 2296 1598; x_wconf 89' lang='lat' dir='ltr'>folio</span> 
     </span>
     <span class='ocr_line' id='line_1_15' title="bbox 381 1640 2297 1707; baseline -0.001 -17"><span class='ocrx_word' id='word_1_116' title='bbox 381 1640 504 1704; x_wconf 81' lang='lat'>2092</span> <span class='ocrx_word' id='word_1_117' title='bbox 539 1659 695 1706; x_wconf 91' lang='lat' dir='ltr'>usque</span> <span class='ocrx_word' id='word_1_118' title='bbox 734 1642 797 1691; x_wconf 89' lang='lat' dir='ltr'>ad</span> <span class='ocrx_word' id='word_1_119' title='bbox 838 1643 1007 1691; x_wconf 88' lang='lat' dir='ltr'>folium</span> <span class='ocrx_word' id='word_1_120' title='bbox 1046 1655 1139 1704; x_wconf 88' lang='lat'>227</span> <span class='ocrx_word' id='word_1_121' title='bbox 1179 1659 1267 1707; x_wconf 92' lang='lat' dir='ltr'>per</span> <span class='ocrx_word' id='word_1_122' title='bbox 1301 1645 1441 1691; x_wconf 87' lang='lat' dir='ltr'>binas</span> <span class='ocrx_word' id='word_1_123' title='bbox 1480 1643 1745 1701; x_wconf 82' lang='lat' dir='ltr'>columnaS,</span> <span class='ocrx_word' id='word_1_124' title='bbox 1785 1643 1814 1690; x_wconf 92' lang='lat' dir='ltr'>i.</span> <span class='ocrx_word' id='word_1_125' title='bbox 1835 1658 1874 1690; x_wconf 90' lang='lat' dir='ltr'>e.</span> <span class='ocrx_word' id='word_1_126' title='bbox 1915 1657 2003 1705; x_wconf 91' lang='lat' dir='ltr'>per</span> <span class='ocrx_word' id='word_1_127' title='bbox 2044 1641 2297 1690; x_wconf 87' lang='lat' dir='ltr'>columnas</span> 
     </span>
     <span class='ocr_line' id='line_1_16' title="bbox 380 1730 2297 1793; baseline 0.001 -16"><span class='ocrx_word' id='word_1_128' title='bbox 380 1740 440 1791; x_wconf 86' lang='lat'>72</span> <span class='ocrx_word' id='word_1_129' title='bbox 488 1746 679 1779; x_wconf 89' lang='lat' dir='ltr'>summa</span> <span class='ocrx_word' id='word_1_130' title='bbox 720 1731 966 1793; x_wconf 88' lang='lat' dir='ltr'>diligentia</span> <span class='ocrx_word' id='word_1_131' title='bbox 1008 1731 1272 1781; x_wconf 89' lang='lat' dir='ltr'>confectus.</span> <span class='ocrx_word' id='word_1_132' title='bbox 1343 1731 1425 1779; x_wconf 94' lang='lat' dir='ltr'>Ad</span> <span class='ocrx_word' id='word_1_133' title='bbox 1467 1731 1651 1779; x_wconf 90' lang='lat' dir='ltr'>calcem</span> <span class='ocrx_word' id='word_1_134' title='bbox 1685 1731 1870 1782; x_wconf 77' lang='lat' dir='ltr'>,indicis</span> <span class='ocrx_word' id='word_1_135' title='bbox 1912 1744 2142 1781; x_wconf 89' lang='lat' dir='ltr'>numerus</span> <span class='ocrx_word' id='word_1_136' title='bbox 2181 1730 2297 1779; x_wconf 89' lang='lat' dir='ltr'>anni</span> 
     </span>
     <span class='ocr_line' id='line_1_17' title="bbox 383 1818 2298 1882; baseline 0.001 -17"><span class='ocrx_word' id='word_1_137' title='bbox 383 1833 510 1879; x_wconf 90' lang='lat'><strong>1429</strong></span> <span class='ocrx_word' id='word_1_138' title='bbox 551 1819 801 1877; x_wconf 89' lang='lat' dir='ltr'>invenitur,</span> <span class='ocrx_word' id='word_1_139' title='bbox 842 1820 924 1882; x_wconf 93' lang='lat' dir='ltr'>qui</span> <span class='ocrx_word' id='word_1_140' title='bbox 965 1834 1068 1866; x_wconf 92' lang='lat' dir='ltr'>non</span> <span class='ocrx_word' id='word_1_141' title='bbox 1105 1828 1206 1868; x_wconf 90' lang='lat' dir='ltr'>tarn</span> <span class='ocrx_word' id='word_1_142' title='bbox 1247 1819 1422 1868; x_wconf 89' lang='lat' dir='ltr'>librarii</span> <span class='ocrx_word' id='word_1_143' title='bbox 1460 1835 1609 1882; x_wconf 88' lang='lat' dir='ltr'>quam</span> <span class='ocrx_word' id='word_1_144' title='bbox 1650 1819 1841 1867; x_wconf 90' lang='lat' dir='ltr'>lectoris</span> <span class='ocrx_word' id='word_1_145' title='bbox 1881 1826 1963 1867; x_wconf 92' lang='lat' dir='ltr'>aut</span> <span class='ocrx_word' id='word_1_146' title='bbox 2001 1818 2298 1882; x_wconf 87' lang='lat' dir='ltr'>possessoris</span> 
     </span>
     <span class='ocr_line' id='line_1_18' title="bbox 378 1905 1563 1967; baseline 0.006 -15"><span class='ocrx_word' id='word_1_147' title='bbox 378 1905 579 1967; x_wconf 90' lang='lat' dir='ltr'>alicujus</span> <span class='ocrx_word' id='word_1_148' title='bbox 616 1914 822 1954; x_wconf 89' lang='lat' dir='ltr'>aetatem</span> <span class='ocrx_word' id='word_1_149' title='bbox 858 1907 1070 1954; x_wconf 87' lang='lat' dir='ltr'>indicare</span> <span class='ocrx_word' id='word_1_150' title='bbox 1107 1907 1306 1955; x_wconf 90' lang='lat' dir='ltr'>videtur.</span> <span class='ocrx_word' id='word_1_151' title='bbox 1561 1957 1563 1959; x_wconf 83' lang='grc'><em>,</em></span> 
     </span>
    </p>

    <p class='ocr_par' dir='ltr' id='par_1_3' title="bbox 377 1992 2353 2497">
     <span class='ocr_line' id='line_1_19' title="bbox 447 1992 2298 2057; baseline 0 -17"><span class='ocrx_word' id='word_1_152' title='bbox 447 1992 620 2041; x_wconf 81' lang='lat' dir='ltr'>Codex</span> <span class='ocrx_word' id='word_1_153' title='bbox 652 1994 730 2041; x_wconf 91' lang='lat' dir='ltr'>hic</span> <span class='ocrx_word' id='word_1_154' title='bbox 763 2003 816 2042; x_wconf 93' lang='lat' dir='ltr'>ut</span> <span class='ocrx_word' id='word_1_155' title='bbox 848 2010 951 2042; x_wconf 92' lang='lat' dir='ltr'>non</span> <span class='ocrx_word' id='word_1_156' title='bbox 982 2010 1081 2043; x_wconf 92' lang='lat' dir='ltr'>una</span> <span class='ocrx_word' id='word_1_157' title='bbox 1115 2010 1265 2042; x_wconf 91' lang='lat' dir='ltr'>manu</span> <span class='ocrx_word' id='word_1_158' title='bbox 1300 1995 1595 2057; x_wconf 90' lang='lat' dir='ltr'>perscriptus</span> <span class='ocrx_word' id='word_1_159' title='bbox 1631 2002 1719 2054; x_wconf 92' lang='lat' dir='ltr'>est,</span> <span class='ocrx_word' id='word_1_160' title='bbox 1745 1995 1811 2043; x_wconf 90' lang='lat' dir='ltr'>ita</span> <span class='ocrx_word' id='word_1_161' title='bbox 1845 1995 2006 2042; x_wconf 91' lang='lat' dir='ltr'>minus</span> <span class='ocrx_word' id='word_1_162' title='bbox 2042 1992 2298 2056; x_wconf 89' lang='lat' dir='ltr'>aequalem</span> 
     </span>
     <span class='ocr_line' id='line_1_20' title="bbox 379 2081 2353 2143; baseline 0 -14"><span class='ocrx_word' id='word_1_163' title='bbox 379 2081 596 2143; x_wconf 88' lang='lat' dir='ltr'>Trialogi</span> <span class='ocrx_word' id='word_1_164' title='bbox 638 2081 846 2129; x_wconf 88' lang='lat' dir='ltr'>formam</span> <span class='ocrx_word' id='word_1_165' title='bbox 892 2083 1098 2131; x_wconf 83' lang='lat' dir='ltr'>exhibet.</span> <span class='ocrx_word' id='word_1_166' title='bbox 1168 2082 1496 2130; x_wconf 90' lang='lat' dir='ltr'>Posteriorum</span> <span class='ocrx_word' id='word_1_167' title='bbox 1538 2083 1670 2130; x_wconf 90' lang='lat' dir='ltr'>enim</span> <span class='ocrx_word' id='word_1_168' title='bbox 1710 2082 1942 2130; x_wconf 89' lang='lat' dir='ltr'>librorum</span> <span class='ocrx_word' id='word_1_169' title='bbox 1981 2089 2141 2129; x_wconf 87' lang='lat' dir='ltr'>textus</span> <span class='ocrx_word' id='word_1_170' title='bbox 2181 2081 2297 2141; x_wconf 86' lang='lat' dir='ltr'>inde</span> <span class='ocrx_word' id='word_1_171' title='bbox 2335 2103 2353 2112; x_wconf 39' lang='grc' dir='ltr'><em>κ</em></span> 
     </span>
     <span class='ocr_line' id='line_1_21' title="bbox 379 2169 2298 2233; baseline -0.001 -16"><span class='ocrx_word' id='word_1_172' title='bbox 379 2184 408 2217; x_wconf 88' lang='lat' dir='ltr'>a</span> <span class='ocrx_word' id='word_1_173' title='bbox 448 2169 552 2216; x_wconf 93' lang='lat' dir='ltr'>libri</span> <span class='ocrx_word' id='word_1_174' title='bbox 591 2169 683 2216; x_wconf 91' lang='lat' dir='ltr'>III.</span> <span class='ocrx_word' id='word_1_175' title='bbox 724 2171 932 2232; x_wconf 89' lang='lat' dir='ltr'>capitulo</span> <span class='ocrx_word' id='word_1_176' title='bbox 972 2186 999 2231; x_wconf 86' lang='lat'><strong>3</strong></span> <span class='ocrx_word' id='word_1_177' title='bbox 1040 2170 1340 2218; x_wconf 89' lang='lat' dir='ltr'>emendatior</span> <span class='ocrx_word' id='word_1_178' title='bbox 1381 2178 1594 2232; x_wconf 88' lang='lat' dir='ltr'>apparet,</span> <span class='ocrx_word' id='word_1_179' title='bbox 1632 2186 1780 2233; x_wconf 91' lang='lat' dir='ltr'>quam</span> <span class='ocrx_word' id='word_1_180' title='bbox 1815 2170 2048 2217; x_wconf 90' lang='lat' dir='ltr'>librorum</span> <span class='ocrx_word' id='word_1_181' title='bbox 2081 2169 2298 2232; x_wconf 88' lang='lat' dir='ltr'>priorum</span> 
     </span>
     <span class='ocr_line' id='line_1_22' title="bbox 377 2258 2298 2322; baseline -0.002 -15"><span class='ocrx_word' id='word_1_182' title='bbox 377 2267 551 2308; x_wconf 88' lang='lat' dir='ltr'>textus.</span> <span class='ocrx_word' id='word_1_183' title='bbox 636 2258 864 2307; x_wconf 89' lang='lat' dir='ltr'>Ceterum</span> <span class='ocrx_word' id='word_1_184' title='bbox 912 2259 1067 2307; x_wconf 92' lang='lat' dir='ltr'>codex</span> <span class='ocrx_word' id='word_1_185' title='bbox 1116 2259 1171 2307; x_wconf 89' lang='lat' dir='ltr'>C.</span> <span class='ocrx_word' id='word_1_186' title='bbox 1220 2275 1333 2307; x_wconf 92' lang='lat' dir='ltr'>cum</span> <span class='ocrx_word' id='word_1_187' title='bbox 1380 2259 1436 2306; x_wconf 92' lang='lat' dir='ltr'>B.</span> <span class='ocrx_word' id='word_1_188' title='bbox 1486 2260 1747 2322; x_wconf 89' lang='lat' dir='ltr'>plurimum</span> <span class='ocrx_word' id='word_1_189' title='bbox 1794 2266 2047 2317; x_wconf 90' lang='lat' dir='ltr'>consonat,</span> <span class='ocrx_word' id='word_1_190' title='bbox 2096 2266 2298 2320; x_wconf 91' lang='lat' dir='ltr'>uterque</span> 
     </span>
     <span class='ocr_line' id='line_1_23' title="bbox 378 2345 2299 2410; baseline -0.001 -15"><span class='ocrx_word' id='word_1_191' title='bbox 378 2346 509 2395; x_wconf 89' lang='lat' dir='ltr'>haud</span> <span class='ocrx_word' id='word_1_192' title='bbox 546 2361 655 2394; x_wconf 90' lang='lat' dir='ltr'>raro</span> <span class='ocrx_word' id='word_1_193' title='bbox 698 2355 1026 2394; x_wconf 89' lang='lat' dir='ltr'>correctorum</span> <span class='ocrx_word' id='word_1_194' title='bbox 1068 2361 1163 2409; x_wconf 92' lang='lat' dir='ltr'>ope</span> <span class='ocrx_word' id='word_1_195' title='bbox 1207 2347 1406 2394; x_wconf 91' lang='lat' dir='ltr'>easdem</span> <span class='ocrx_word' id='word_1_196' title='bbox 1447 2348 1646 2410; x_wconf 88' lang='lat' dir='ltr'>praebet</span> <span class='ocrx_word' id='word_1_197' title='bbox 1686 2347 1933 2405; x_wconf 91' lang='lat' dir='ltr'>lectiones,</span> <span class='ocrx_word' id='word_1_198' title='bbox 1976 2361 2098 2410; x_wconf 90' lang='lat' dir='ltr'>quas</span> <span class='ocrx_word' id='word_1_199' title='bbox 2142 2345 2299 2395; x_wconf 86' lang='lat' dir='ltr'>codex</span> 
     </span>
     <span class='ocr_line' id='line_1_24' title="bbox 380 2435 1287 2497; baseline 0 -15"><span class='ocrx_word' id='word_1_200' title='bbox 380 2435 439 2482; x_wconf 92' lang='lat' dir='ltr'>A.</span> <span class='ocrx_word' id='word_1_201' title='bbox 465 2435 622 2497; x_wconf 91' lang='lat' dir='ltr'>prima</span> <span class='ocrx_word' id='word_1_202' title='bbox 656 2450 806 2483; x_wconf 90' lang='lat' dir='ltr'>manu</span> <span class='ocrx_word' id='word_1_203' title='bbox 842 2436 1043 2497; x_wconf 90' lang='lat' dir='ltr'>scriptas</span> <span class='ocrx_word' id='word_1_204' title='bbox 1080 2435 1287 2483; x_wconf 91' lang='lat' dir='ltr'>exhibet.</span> 
     </span>
    </p>

    <p class='ocr_par' dir='ltr' id='par_1_4' title="bbox 380 2522 2313 3643">
     <span class='ocr_line' id='line_1_25' title="bbox 450 2522 2298 2585; baseline 0.002 -14"><span class='ocrx_word' id='word_1_205' title='bbox 450 2522 621 2571; x_wconf 93' lang='lat' dir='ltr'>Codex</span> <span class='ocrx_word' id='word_1_206' title='bbox 662 2522 740 2580; x_wconf 73' lang='lat' dir='ltr'>D„</span> <span class='ocrx_word' id='word_1_207' title='bbox 780 2522 896 2569; x_wconf 90' lang='lat' dir='ltr'>olim</span> <span class='ocrx_word' id='word_1_208' title='bbox 938 2538 1141 2570; x_wconf 89' lang='lat' dir='ltr'>numero</span> <span class='ocrx_word' id='word_1_209' title='bbox 1182 2525 1295 2584; x_wconf 85' lang='lat'>883,</span> <span class='ocrx_word' id='word_1_210' title='bbox 1334 2523 1509 2572; x_wconf 92' lang='lat' dir='ltr'>deinde</span> <span class='ocrx_word' id='word_1_211' title='bbox 1553 2526 1650 2585; x_wconf 88' lang='lat'>388</span> <span class='ocrx_word' id='word_1_212' title='bbox 1691 2523 1878 2583; x_wconf 57' lang='lat' dir='ltr'>(Denz‘s,</span> <span class='ocrx_word' id='word_1_213' title='bbox 1914 2524 2025 2573; x_wconf 90' lang='lat' dir='ltr'>loco</span> <span class='ocrx_word' id='word_1_214' title='bbox 2062 2525 2131 2585; x_wconf 91' lang='lat' dir='ltr'>l.)‚</span> <span class='ocrx_word' id='word_1_215' title='bbox 2167 2541 2298 2574; x_wconf 91' lang='lat' dir='ltr'>nunc</span> 
     </span>
     <span class='ocr_line' id='line_1_26' title="bbox 385 2612 2313 2673; baseline 0.002 -14"><span class='ocrx_word' id='word_1_216' title='bbox 385 2627 512 2673; x_wconf 85' lang='lat'><strong>3932</strong></span> <span class='ocrx_word' id='word_1_217' title='bbox 553 2619 763 2668; x_wconf 88' lang='lat' dir='ltr'>notatus,</span> <span class='ocrx_word' id='word_1_218' title='bbox 791 2625 921 2657; x_wconf 92' lang='lat' dir='ltr'>anno</span> <span class='ocrx_word' id='word_1_219' title='bbox 963 2614 1090 2669; x_wconf 91' lang='lat'>1418</span> <span class='ocrx_word' id='word_1_220' title='bbox 1128 2619 1363 2669; x_wconf 87' lang='lat' dir='ltr'>exaratus,</span> <span class='ocrx_word' id='word_1_221' title='bbox 1389 2612 1505 2659; x_wconf 90' lang='lat' dir='ltr'>folio</span> <span class='ocrx_word' id='word_1_222' title='bbox 1542 2613 1717 2660; x_wconf 91' lang='lat' dir='ltr'>minori</span> <span class='ocrx_word' id='word_1_223' title='bbox 1751 2612 1864 2660; x_wconf 88' lang='lat' dir='ltr'>folia</span> <span class='ocrx_word' id='word_1_224' title='bbox 1899 2628 1996 2661; x_wconf 87' lang='lat'>210</span> <span class='ocrx_word' id='word_1_225' title='bbox 2030 2614 2313 2673; x_wconf 51' lang='lat' dir='ltr'>continens,⁴¹</span> 
     </span>
     <span class='ocr_line' id='line_1_27' title="bbox 380 2698 2301 2765; baseline 0.003 -20"><span class='ocrx_word' id='word_1_226' title='bbox 380 2715 468 2762; x_wconf 93' lang='lat' dir='ltr'>per</span> <span class='ocrx_word' id='word_1_227' title='bbox 508 2699 648 2746; x_wconf 91' lang='lat' dir='ltr'>binas</span> <span class='ocrx_word' id='word_1_228' title='bbox 693 2699 945 2746; x_wconf 89' lang='lat' dir='ltr'>columnas</span> <span class='ocrx_word' id='word_1_229' title='bbox 984 2698 1219 2746; x_wconf 89' lang='lat' dir='ltr'>linearum</span> <span class='ocrx_word' id='word_1_230' title='bbox 1264 2701 1463 2759; x_wconf 88' lang='lat'><strong>55—64</strong></span> <span class='ocrx_word' id='word_1_231' title='bbox 1508 2699 1781 2748; x_wconf 89' lang='lat' dir='ltr'>charactere</span> <span class='ocrx_word' id='word_1_232' title='bbox 1822 2700 1963 2760; x_wconf 91' lang='lat' dir='ltr'>facili,</span> <span class='ocrx_word' id='word_1_233' title='bbox 2006 2717 2152 2765; x_wconf 89' lang='lat' dir='ltr'>quem</span> <span class='ocrx_word' id='word_1_234' title='bbox 2193 2717 2301 2750; x_wconf 48' lang='lat' dir='ltr'>cura</span> 
     </span>
     <span class='ocr_line' id='line_1_28' title="bbox 382 2787 2300 2853; baseline 0.003 -19"><span class='ocrx_word' id='word_1_235' title='bbox 382 2789 536 2835; x_wconf 87' lang='lat' dir='ltr'>sivum</span> <span class='ocrx_word' id='word_1_236' title='bbox 573 2787 829 2849; x_wconf 88' lang='lat' dir='ltr'>appellant,</span> <span class='ocrx_word' id='word_1_237' title='bbox 855 2788 1009 2849; x_wconf 90' lang='lat' dir='ltr'>probe</span> <span class='ocrx_word' id='word_1_238' title='bbox 1046 2788 1263 2849; x_wconf 88' lang='lat' dir='ltr'>scriptus,</span> <span class='ocrx_word' id='word_1_239' title='bbox 1289 2788 1448 2849; x_wconf 90' lang='lat' dir='ltr'>plures</span> <span class='ocrx_word' id='word_1_240' title='bbox 1473 2787 1647 2835; x_wconf 92' lang='lat' dir='ltr'>Wiclifi</span> <span class='ocrx_word' id='word_1_241' title='bbox 1681 2796 1906 2837; x_wconf 88' lang='lat' dir='ltr'>tractatus</span> <span class='ocrx_word' id='word_1_242' title='bbox 1941 2791 2300 2853; x_wconf 88' lang='lat' dir='ltr'>complectitur:</span> 
     </span>
     <span class='ocr_line' id='line_1_29' title="bbox 388 2874 2300 2938; baseline 0.003 -17"><span class='ocrx_word' id='word_1_243' title='bbox 388 2890 427 2923; x_wconf 91' lang='lat'>1.</span> <span class='ocrx_word' id='word_1_244' title='bbox 458 2875 758 2937; x_wconf 89' lang='lat' dir='ltr'>Trialogum‚</span> <span class='ocrx_word' id='word_1_245' title='bbox 800 2890 843 2921; x_wconf 89' lang='lat'>2.</span> <span class='ocrx_word' id='word_1_246' title='bbox 869 2874 1136 2937; x_wconf 88' lang='lat' dir='ltr'>Dialogum</span> <span class='ocrx_word' id='word_1_247' title='bbox 1175 2891 1219 2935; x_wconf 88' lang='lat'>3.</span> <span class='ocrx_word' id='word_1_248' title='bbox 1250 2875 1412 2938; x_wconf 91' lang='lat' dir='ltr'>plures</span> <span class='ocrx_word' id='word_1_249' title='bbox 1452 2891 1703 2924; x_wconf 89' lang='lat' dir='ltr'>sermones</span> <span class='ocrx_word' id='word_1_250' title='bbox 1738 2876 2069 2936; x_wconf 84' lang='lat' dir='ltr'>dominicaleS,</span> <span class='ocrx_word' id='word_1_251' title='bbox 2108 2892 2154 2936; x_wconf 90' lang='lat'>4.</span> <span class='ocrx_word' id='word_1_252' title='bbox 2177 2885 2300 2926; x_wconf 89' lang='lat' dir='ltr'>trac—</span> 
     </span>
     <span class='ocr_line' id='line_1_30' title="bbox 381 2962 2299 3026; baseline 0.002 -16"><span class='ocrx_word' id='word_1_253' title='bbox 381 2971 535 3010; x_wconf 89' lang='lat' dir='ltr'>tatum</span> <span class='ocrx_word' id='word_1_254' title='bbox 578 2962 638 3009; x_wconf 92' lang='lat' dir='ltr'>de</span> <span class='ocrx_word' id='word_1_255' title='bbox 681 2977 766 3010; x_wconf 93' lang='lat' dir='ltr'>sex</span> <span class='ocrx_word' id='word_1_256' title='bbox 804 2963 948 3025; x_wconf 90' lang='lat' dir='ltr'>jugis,</span> <span class='ocrx_word' id='word_1_257' title='bbox 995 2974 1038 3023; x_wconf 89' lang='lat'>5.</span> <span class='ocrx_word' id='word_1_258' title='bbox 1075 2970 1330 3011; x_wconf 87' lang='lat' dir='ltr'>tractatum</span> <span class='ocrx_word' id='word_1_259' title='bbox 1373 2964 1434 3011; x_wconf 93' lang='lat' dir='ltr'>de</span> <span class='ocrx_word' id='word_1_260' title='bbox 1477 2963 1792 3022; x_wconf 88' lang='lat' dir='ltr'>Eucharistia,</span> <span class='ocrx_word' id='word_1_261' title='bbox 1836 2973 2083 3026; x_wconf 88' lang='lat' dir='ltr'>postremo</span> <span class='ocrx_word' id='word_1_262' title='bbox 2125 2965 2299 3014; x_wconf 80' lang='lat' dir='ltr'>disser-</span> 
     </span>
     <span class='ocr_line' id='line_1_31' title="bbox 382 3050 2299 3116; baseline 0.003 -20"><span class='ocrx_word' id='word_1_263' title='bbox 382 3052 614 3098; x_wconf 89' lang='lat' dir='ltr'>tationem</span> <span class='ocrx_word' id='word_1_264' title='bbox 653 3050 862 3112; x_wconf 90' lang='lat' dir='ltr'>aliquam</span> <span class='ocrx_word' id='word_1_265' title='bbox 900 3051 951 3098; x_wconf 93' lang='lat' dir='ltr'>in</span> <span class='ocrx_word' id='word_1_266' title='bbox 986 3050 1356 3098; x_wconf 89' lang='lat' dir='ltr'>Proverbiorum</span> <span class='ocrx_word' id='word_1_267' title='bbox 1395 3067 1500 3115; x_wconf 88' lang='lat' dir='ltr'>cap.</span> <span class='ocrx_word' id='word_1_268' title='bbox 1529 3068 1586 3113; x_wconf 85' lang='lat'>31</span> <span class='ocrx_word' id='word_1_269' title='bbox 1617 3067 1809 3099; x_wconf 91' lang='lat' dir='ltr'>versum</span> <span class='ocrx_word' id='word_1_270' title='bbox 1850 3068 1911 3099; x_wconf 92' lang='lat'>10</span> <span class='ocrx_word' id='word_1_271' title='bbox 1947 3060 1994 3100; x_wconf 92' lang='lat' dir='ltr'>et</span> <span class='ocrx_word' id='word_1_272' title='bbox 2029 3061 2299 3116; x_wconf 91' lang='lat' dir='ltr'>sequentes.</span> 
     </span>
     <span class='ocr_line' id='line_1_32' title="bbox 385 3124 2301 3203; baseline 0.003 -19"><span class='ocrx_word' id='word_1_273' title='bbox 385 3138 578 3185; x_wconf 88' lang='lat' dir='ltr'>Praeter</span> <span class='ocrx_word' id='word_1_274' title='bbox 615 3138 705 3185; x_wconf 90' lang='lat' dir='ltr'>hos</span> <span class='ocrx_word' id='word_1_275' title='bbox 759 3146 985 3187; x_wconf 88' lang='lat' dir='ltr'>tractatus</span> <span class='ocrx_word' id='word_1_276' title='bbox 1032 3124 1202 3201; x_wconf 90' lang='lat' dir='ltr'>procul</span> <span class='ocrx_word' id='word_1_277' title='bbox 1244 3139 1391 3187; x_wconf 92' lang='lat' dir='ltr'>dubio</span> <span class='ocrx_word' id='word_1_278' title='bbox 1438 3156 1468 3188; x_wconf 93' lang='lat' dir='ltr'>a</span> <span class='ocrx_word' id='word_1_279' title='bbox 1508 3139 1703 3187; x_wconf 90' lang='lat' dir='ltr'>Wiclifo</span> <span class='ocrx_word' id='word_1_280' title='bbox 1740 3140 1847 3202; x_wconf 91' lang='lat' dir='ltr'>ipso</span> <span class='ocrx_word' id='word_1_281' title='bbox 1886 3141 2187 3203; x_wconf 91' lang='lat' dir='ltr'>compositos</span> <span class='ocrx_word' id='word_1_282' title='bbox 2227 3142 2301 3189; x_wconf 86' lang='lat' dir='ltr'>in-</span> 
     </span>
     <span class='ocr_line' id='line_1_33' title="bbox 388 3225 2301 3292; baseline 0.004 -21"><span class='ocrx_word' id='word_1_283' title='bbox 388 3233 497 3272; x_wconf 90' lang='lat' dir='ltr'>sunt</span> <span class='ocrx_word' id='word_1_284' title='bbox 529 3225 758 3272; x_wconf 90' lang='lat' dir='ltr'>volumini</span> <span class='ocrx_word' id='word_1_285' title='bbox 795 3226 919 3274; x_wconf 88' lang='lat' dir='ltr'>duae</span> <span class='ocrx_word' id='word_1_286' title='bbox 957 3227 1476 3275; x_wconf 88' lang='lat' dir='ltr'>commentatiunculae</span> <span class='ocrx_word' id='word_1_287' title='bbox 1510 3243 1539 3275; x_wconf 92' lang='lat' dir='ltr'>a</span> <span class='ocrx_word' id='word_1_288' title='bbox 1571 3227 1814 3289; x_wconf 90' lang='lat' dir='ltr'>discipulis</span> <span class='ocrx_word' id='word_1_289' title='bbox 1848 3228 2140 3289; x_wconf 89' lang='lat' dir='ltr'>quibusdam</span> <span class='ocrx_word' id='word_1_290' title='bbox 2174 3229 2301 3292; x_wconf 88' lang='lat' dir='ltr'>ejus-</span> 
     </span>
     <span class='ocr_line' id='line_1_34' title="bbox 387 3312 2302 3379; baseline 0.003 -21"><span class='ocrx_word' id='word_1_291' title='bbox 387 3312 500 3359; x_wconf 88' lang='lat' dir='ltr'>dem</span> <span class='ocrx_word' id='word_1_292' title='bbox 552 3312 769 3375; x_wconf 87' lang='lat' dir='ltr'>Anglicis</span> <span class='ocrx_word' id='word_1_293' title='bbox 825 3316 1141 3378; x_wconf 85' lang='lat' dir='ltr'>conscriptae,</span> <span class='ocrx_word' id='word_1_294' title='bbox 1197 3330 1402 3378; x_wconf 91' lang='lat' dir='ltr'>quarum</span> <span class='ocrx_word' id='word_1_295' title='bbox 1455 3316 1600 3379; x_wconf 90' lang='lat' dir='ltr'>prior,</span> <span class='ocrx_word' id='word_1_296' title='bbox 1658 3314 1922 3378; x_wconf 87' lang='lat' dir='ltr'>Dialogum</span> <span class='ocrx_word' id='word_1_297' title='bbox 1973 3330 2198 3378; x_wconf 90' lang='lat' dir='ltr'>sequens,</span> <span class='ocrx_word' id='word_1_298' title='bbox 2250 3317 2302 3364; x_wconf 89' lang='lat' dir='ltr'>in</span> 
     </span>
     <span class='ocr_line' id='line_1_35' title="bbox 390 3402 2303 3466; baseline 0.004 -21"><span class='ocrx_word' id='word_1_299' title='bbox 390 3407 748 3461; x_wconf 87' lang='lat' dir='ltr'>persecutorem</span> <span class='ocrx_word' id='word_1_300' title='bbox 793 3402 1002 3464; x_wconf 91' lang='lat' dir='ltr'>aliquem</span> <span class='ocrx_word' id='word_1_301' title='bbox 1040 3407 1051 3427; x_wconf 94' lang='lat'>‘</span> <span class='ocrx_word' id='word_1_302' title='bbox 1071 3403 1283 3466; x_wconf 90' lang='lat' dir='ltr'>piorum&#39;</span> <span class='ocrx_word' id='word_1_303' title='bbox 1320 3404 1349 3451; x_wconf 89' lang='lat' dir='ltr'>i.</span> <span class='ocrx_word' id='word_1_304' title='bbox 1370 3419 1410 3451; x_wconf 92' lang='lat' dir='ltr'>e.</span> <span class='ocrx_word' id='word_1_305' title='bbox 1447 3403 1785 3451; x_wconf 88' lang='lat' dir='ltr'>Lollardorum</span> <span class='ocrx_word' id='word_1_306' title='bbox 1819 3403 2009 3462; x_wconf 92' lang='lat' dir='ltr'>invehit,</span> <span class='ocrx_word' id='word_1_307' title='bbox 2046 3404 2303 3466; x_wconf 89' lang='lat' dir='ltr'>posterior,</span> 
     </span>
     <span class='ocr_line' id='line_1_36' title="bbox 394 3487 2301 3555; baseline 0.004 -23"><span class='ocrx_word' id='word_1_308' title='bbox 394 3487 611 3534; x_wconf 88' lang='lat' dir='ltr'>tractatui</span> <span class='ocrx_word' id='word_1_309' title='bbox 650 3487 709 3534; x_wconf 93' lang='lat' dir='ltr'>de</span> <span class='ocrx_word' id='word_1_310' title='bbox 752 3504 836 3536; x_wconf 88' lang='lat' dir='ltr'>sex</span> <span class='ocrx_word' id='word_1_311' title='bbox 874 3490 1002 3552; x_wconf 86' lang='lat' dir='ltr'>jugis</span> <span class='ocrx_word' id='word_1_312' title='bbox 1045 3491 1324 3548; x_wconf 90' lang='lat' dir='ltr'>succedens,</span> <span class='ocrx_word' id='word_1_313' title='bbox 1366 3491 1426 3539; x_wconf 93' lang='lat' dir='ltr'>de</span> <span class='ocrx_word' id='word_1_314' title='bbox 1464 3492 1569 3555; x_wconf 88' lang='lat' dir='ltr'>jure</span> <span class='ocrx_word' id='word_1_315' title='bbox 1611 3491 1738 3555; x_wconf 90' lang='lat' dir='ltr'>regis</span> <span class='ocrx_word' id='word_1_316' title='bbox 1778 3491 1982 3554; x_wconf 88' lang='lat' dir='ltr'>Angliae</span> <span class='ocrx_word' id='word_1_317' title='bbox 2023 3492 2074 3539; x_wconf 92' lang='lat' dir='ltr'>in</span> <span class='ocrx_word' id='word_1_318' title='bbox 2121 3491 2301 3541; x_wconf 88' lang='lat' dir='ltr'>clerum</span> 
     </span>
     <span class='ocr_line' id='line_1_37' title="bbox 393 3573 2301 3643; baseline 0.006 -23"><span class='ocrx_word' id='word_1_319' title='bbox 393 3575 501 3636; x_wconf 84' lang='lat' dir='ltr'>agit.</span> <span class='ocrx_word' id='word_1_320' title='bbox 576 3573 692 3622; x_wconf 88' lang='lat' dir='ltr'>Post</span> <span class='ocrx_word' id='word_1_321' title='bbox 729 3576 875 3623; x_wconf 91' lang='lat' dir='ltr'>finem</span> <span class='ocrx_word' id='word_1_322' title='bbox 910 3576 1104 3641; x_wconf 88' lang='lat' dir='ltr'>Dialogi</span> <span class='ocrx_word' id='word_1_323' title='bbox 1141 3587 1283 3643; x_wconf 92' lang='lat' dir='ltr'>atque</span> <span class='ocrx_word' id='word_1_324' title='bbox 1321 3579 1684 3628; x_wconf 87' lang='lat' dir='ltr'>declamationis</span> <span class='ocrx_word' id='word_1_325' title='bbox 1721 3580 1864 3628; x_wconf 90' lang='lat' dir='ltr'>istum</span> <span class='ocrx_word' id='word_1_326' title='bbox 1901 3579 2145 3642; x_wconf 89' lang='lat' dir='ltr'>sequentis</span> <span class='ocrx_word' id='word_1_327' title='bbox 2181 3580 2301 3631; x_wconf 89' lang='lat' dir='ltr'>haec</span> 
     </span>
    </p>
   </div>
   <div class='ocr_carea' id='block_1_3' title="bbox 2341 0 2436 1295">
    <p class='ocr_par' dir='ltr' id='par_1_5' title="bbox 2341 0 2436 1295">
     <span class='ocr_line' id='line_1_38' title="bbox 2341 0 2436 1295; baseline 0 0"><span class='ocrx_word' id='word_1_328' title='bbox 2341 0 2436 1295; x_wconf 95' lang='lat' dir='ltr'> </span> 
     </span>
    </p>
   </div>
  </div>
 </body>
</html>
