2436 4094
342 411 436 463 118

545 3560 548 3599 l

1029 402 1451 465 JOANNIS
1511 404 1862 454 WICLIF
1910 454 1926 463 Δ,
2176 426 2318 455 mnu.

572 537 749 584 lineam
786 537 1054 594 refractam,
1081 546 1128 584 et
1163 539 1307 585 tertia
1325 553 1411 600 per
1442 538 1620 586 lineam
1645 540 1887 587 reflexam.
1960 539 2023 599 Et
2046 541 2141 589 isto
2165 540 2317 597 modo

573 622 585 642 ‘
602 618 817 666 videmus
842 633 972 666 nunc
996 634 1083 681 per
1107 619 1357 681 speculum
1388 621 1438 667 in
1461 619 1757 682 enigmate1,'
1785 637 1896 668 cum
1921 621 2200 670 ‘invisibilia
2222 621 2317 670 Dei

571 715 657 761 per
680 715 738 746 ea
761 714 884 761 quae
909 699 1036 747 facta
1068 708 1191 759 sunt,
1217 701 1455 754 intellecta
1487 703 1848 764 conspiciuntur
1858 703 1904 749 ².’
1975 702 2318 766 Relinquendo

572 795 688 843 ergo
713 781 1023 843 perspectivis
1048 781 1421 830 declarationem
1446 783 1587 846 hujus
1611 784 1807 846 triplicis
1841 785 2051 842 notitiae,
2077 784 2188 832 dico
2212 792 2319 848 tans

571 876 718 923 quam
755 861 870 909 mihi
905 864 1168 924 probabile,
1199 864 1332 926 quod
1368 880 1542 913 omnes
1577 866 1735 928 angeli
1770 866 2040 914 habuerunt
2055 852 2058 856 ⁴
2073 866 2124 914 in
2159 848 2318 928 primo

570 944 766 991 instanti
802 944 970 991 mundi
1005 953 1051 992 et
1086 946 1231 1007 paulo
1268 954 1380 1009 post
1414 948 1464 994 in
1499 948 1647 994 verbo
1671 946 1765 995 Dei
1798 947 1976 994 claram
2011 947 2246 1005 notitiam,
2271 955 2319 994 et

571 1023 746 1071 eodem
778 1025 1054 1074 meditulio³
1076 1028 1308 1089 temporis
1342 1028 1630 1076 declinando
1662 1029 1722 1075 ab
1755 1029 1844 1076 ista
1876 1029 2058 1087 notitia,
2084 1036 2320 1076 noverunt

571 1121 648 1154 res
684 1107 733 1153 in
770 1121 858 1154 suo
893 1122 1071 1169 genere
1108 1109 1276 1156 notitia
1310 1110 1469 1157 minus
1512 1110 1638 1157 clara
1650 1125 1663 1168 ;
1719 1118 1765 1157 et
1806 1094 1903 1172 pro
1937 1117 2155 1172 tempore
2197 1109 2320 1157 illius

572 1188 768 1235 notitiae
793 1188 914 1251 lapsi
940 1198 1050 1237 sunt
1084 1190 1241 1253 angeli
1275 1205 1376 1238 non
1410 1192 1672 1249 credentes,
1700 1190 1831 1254 quod
1855 1191 2170 1254 pacificantur
2191 1189 2319 1248 Deo,

572 1286 683 1319 cum
708 1271 803 1318 hoc
828 1272 956 1319 non4
979 1281 1145 1334 posset
1177 1273 1388 1335 intelligi,
1415 1273 1501 1320 sed
1534 1273 1814 1320 affectantes
1844 1274 2003 1320 conati
2029 1271 2164 1320 sunt⁶
2186 1271 2321 1335 quod

572 1353 664 1410 sint
690 1354 865 1403 similes
890 1354 1136 1412 altissimo,
1163 1355 1230 1402 sic
1256 1355 1447 1412 scilicet,
1468 1355 1601 1417 quod
1626 1355 1747 1402 sicut
1771 1354 2026 1402 altissimus
2050 1369 2152 1402 non
2175 1352 2322 1402 habet

573 1437 885 1498 superiorem,
913 1436 974 1483 ad
1011 1451 1156 1499 quem
1193 1436 1364 1484 referat
1399 1437 1575 1498 gratias
1610 1450 1700 1498 pro
1736 1435 1941 1495 donatis,
1967 1436 2035 1483 sic
2063 1435 2128 1482 illi
2160 1434 2321 1498 angeli

572 1517 685 1564 mali
722 1518 970 1580 quiescant
1006 1519 1055 1565 in
1091 1519 1263 1566 notitia
1296 1533 1456 1565 rerum
1492 1518 1541 1564 in
1577 1517 1774 1579 proprio
1809 1532 2002 1579 genere,
2038 1523 2086 1563 et
2119 1531 2223 1574 non
2257 1503 2320 1574 ad

572 1597 738 1654 laudes
773 1599 883 1647 Deo
922 1600 1108 1647 debitas
1143 1607 1449 1647 revertantur.
1520 1599 1584 1646 Et
1622 1597 1750 1646 credi
1785 1606 1961 1660 potest,
1993 1597 2127 1660 quod
2162 1597 2321 1659 angeli

573 1681 686 1728 mali
711 1681 853 1729 nimis
879 1682 961 1729 diu
985 1683 1035 1729 in
1059 1682 1227 1729 notitia
1251 1697 1410 1728 rerum
1435 1682 1484 1728 in
1509 1695 1599 1728 suo
1632 1695 1809 1742 genere
1837 1679 2153 1741 perstiterunt,
2178 1685 2227 1726 et
2251 1678 2320 1726 sic

575 1763 623 1809 in
666 1763 766 1820 illis,
805 1763 926 1810 sicut
967 1764 1016 1810 in
1057 1763 1192 1810 omni
1227 1762 1427 1810 homine
1463 1769 1714 1825 peccante,
1752 1762 1909 1822 primo
1946 1748 2033 1807 fuit
2066 1766 2321 1822 peccatum

574 1845 868 1902 omissionis,
901 1853 1031 1892 etex
1058 1845 1394 1892 continuitate⁶
1426 1844 1658 1906 temporis
1683 1851 1730 1889 et
1764 1842 2092 1890 misericordia
2130 1841 2319 1901 divinae

575 1926 837 1987 punitionis
869 1934 914 1973 et
939 1941 997 1973 ex
1033 1927 1244 1973 carentia
1269 1925 1591 1973 innovationis
1619 1939 1808 1986 poenae
1834 1923 2084 1981 sensibilis,
2111 1930 2222 1971 sunt
2253 1922 2319 1970 illi

574 2007 686 2053 mali
711 2007 868 2068 angeli
901 2008 951 2053 in
981 2007 1078 2054 suis
1102 2007 1222 2054 vitiis
1254 2007 1487 2065 indurati;
1525 2007 1795 2068 quietantur
1827 2005 1958 2052 enim
1982 2006 2032 2052 in
2055 2018 2144 2052 suo
2168 2004 2320 2052 modo

573 2089 773 2146 vivendi,
806 2104 952 2151 quem
987 2087 1167 2136 habent
1203 2104 1231 2135 a
1266 2088 1391 2136 Deo.
1461 2087 1582 2135 Ideo
1618 2102 1719 2134 non
1755 2095 2067 2149 praesumunt
2099 2086 2165 2134 illi
2202 2101 2322 2150 apo-

575 2178 721 2221 statae
747 2171 1007 2232 poenitere,
1034 2170 1107 2218 vel
1131 2171 1272 2232 plene
1297 2179 1344 2218 et
1363 2170 1518 2218 debite
1538 2170 1712 2231 gratias
1732 2183 1874 2231 agere
1893 2167 2003 2216 Deo
2029 2183 2146 2227 suo;
2180 2176 2226 2216 et
2251 2168 2322 2216 sic

575 2253 810 2314 contingit
845 2252 1095 2300 hominem
1130 2252 1366 2314 paulative
1402 2260 1448 2300 et
1485 2251 1750 2313 specialiter
1791 2250 1907 2297 dum
1949 2251 2142 2312 spiritus
2179 2249 2322 2298 fuerit

576 2342 821 2397 separatus
848 2350 876 2381 a
909 2349 1128 2396 corpore,
1155 2334 1358 2380 finaliter
1390 2333 1634 2380 obstinari.
1705 2331 1767 2379 Et
1799 2331 1938 2378 illud⁷
1962 2339 2035 2379 est
2066 2339 2319 2394 peccatum

574 2417 623 2463 in
650 2417 868 2478 spiritum
894 2424 1128 2473 sanctum,
1154 2424 1200 2462 et
1225 2414 1529 2462 diabolicum.
1603 2413 1684 2461 Ad
1704 2415 1915 2475 primum
1945 2414 2147 2460 istorum
2179 2428 2322 2475 argu-

575 2506 850 2546 mentorum
874 2507 1005 2560 patet
1029 2513 1088 2544 ex
1123 2497 1274 2554 dictis,
1301 2496 1434 2558 quod
1467 2496 1732 2543 daemones
1763 2510 1863 2542 non
1889 2495 1957 2542 sic
1989 2493 2203 2551 credunt,
2231 2494 2318 2542 sed

575 2581 774 2628 credunt
810 2579 1050 2641 implicite,
1083 2580 1202 2626 sicut
1238 2586 1285 2625 et
1320 2592 1493 2625 omnes
1530 2575 1761 2639 superbi⁸.
1846 2575 1924 2623 Ex
1959 2591 2057 2638 quo
2094 2576 2323 2638 sequitur,

574 2663 706 2723 quod
732 2668 1112 2723 coaequarentur
1131 2659 1257 2718 Deo,
1278 2660 1317 2707 si
1343 2675 1452 2707 cum
1478 2659 1568 2706 illis
1597 2659 1791 2720 paribus
1815 2673 1917 2706 non
1940 2674 2001 2705 ex
2026 2658 2120 2715 Dei
2140 2658 2322 2721 Justitia

564 2743 691 2793 ,sint9
729 2743 899 2805 puniti.
983 2741 1105 2789 Ideo
1147 2741 1315 2789 dicitur
1357 2741 1692 2797 communiter,
1741 2740 1874 2802 quod
1921 2740 2113 2802 superbi
2154 2740 2323 2788 volunt

568 2825 799 2887 implicite
823 2824 1017 2886 aequari
1051 2823 1175 2880 Deo,
1202 2830 1249 2870 et
1281 2823 1348 2869 sic
1374 2823 1434 2869 de
1467 2822 1627 2869 multis
1659 2821 2024 2879 volitionibusm,
2050 2836 2174 2884 quae
2208 2836 2319 2870 cum

573 2905 974 2955 conditionibus11
999 2905 1276 2967 hujusmodi
1301 2912 1411 2951 sunt
1435 2903 1744 2965 supplendae.
1814 2902 1894 2949 Ad
1916 2903 2156 2951 secundum
2180 2918 2320 2965 argu-

569 2997 791 3052 mentum
818 2987 999 3044 dicitur,
1021 2986 1154 3049 quod
1171 2986 1276 3033 talis
1301 2985 1500 3046 angelus
1518 3000 1546 3031 a
1567 2985 1882 3047 delectatione
1902 2985 1952 3031 in
1971 2984 2080 3031 Deo
2100 2982 2321 3033 decidit12

630 3147 641 3169 ¹
670 3147 720 3187 cf.
748 3158 763 3185 1
789 3145 976 3186 Corinth⁴
994 3145 1077 3184 xiii.
1103 3156 1166 3184 12.
1384 3143 1399 3165 ²
1428 3142 1478 3182 cf.
1501 3142 1620 3181 Rom.
1642 3141 1668 3180 i.
1694 3152 1755 3180 20.
1813 3141 1950 3181 Editio
1971 3141 2159 3195 princeps
2178 3148 2319 3183 notam

574 3201 855 3253 marginalem,
867 3213 980 3252 »quae
1002 3200 1050 3239 'in
1071 3199 1175 3238 Cod.
1193 3199 1240 3238 C.
1261 3197 1445 3242 habetur,
1466 3203 1474 3218 ‘
1491 3196 1635 3236 Roma.
1656 3195 1695 3234 i.'
1715 3201 1810 3235 ante
1829 3196 1952 3235 verba
1972 3202 1981 3217 ‘
1995 3196 2223 3235 invisibilia'
2241 3203 2319 3237 etc.

575 3254 616 3294 in
637 3261 791 3294 textum
811 3254 944 3306 ipsum
965 3253 1129 3306 recepit.
1293 3253 1308 3272 ³
1336 3250 1568 3302 meditulio]
1590 3249 2022 3289 meditulli0=medi0.
2181 3249 2197 3273 ⁴
2224 3263 2317 3291 cum

575 3308 655 3349 hoc
674 3309 777 3360 non]
800 3314 887 3348 tum
906 3308 986 3348 hoc
1006 3307 1116 3359 quod
1130 3319 1226 3351 non,
1247 3305 1310 3345 ed.
1330 3318 1390 3358 pr.
1527 3305 1542 3327 ⁵
1570 3305 1804 3344 affectantes
1822 3303 1958 3342 conati
1978 3303 2090 3355 sunt]
2112 3305 2321 3345 credentes

576 3363 809 3404 affectantes
828 3369 868 3402 et
889 3361 1126 3406 contentati,
1147 3361 1209 3399 ed.
1230 3373 1290 3412 pr.
1311 3372 1404 3399 cum
1425 3358 1522 3398 B.C.
1543 3358 1697 3411 primae
1716 3370 1871 3402 manus,
1893 3357 1947 3396 D.
2179 3358 2196 3381 ⁶
2211 3365 2318 3399 'con—

577 3416 783 3470 tinuitate]
806 3413 1080 3467 contingente,
1101 3415 1163 3454 ed.
1184 3427 1244 3467 pr.
1454 3413 1468 3434 ⁷
1495 3412 1616 3464 illud]
1638 3426 1720 3452 om.
1740 3411 1803 3451 ed.
1824 3424 1884 3463 pr.
2091 3412 2107 3434 ⁸
2135 3413 2318 3466 superbi]

578 3471 738 3522 superbi
758 3470 938 3514 credunt,
957 3469 1111 3509 A.B.C.
1133 3469 1195 3508 ed.
1216 3481 1275 3520 pr.
1424 3467 1439 3489 ⁹
1468 3466 1567 3518 sint]
1590 3472 1697 3511 sunt,
1717 3466 1819 3506 A.B.
1984 3465 2014 3487 ¹⁰
2032 3465 2316 3517 volitionibus]

576 3524 836 3568 notabilibus,
858 3524 920 3563 ed.
942 3537 1001 3575 pr.
1023 3537 1114 3563 cum
1136 3523 1234 3561 B.C.
1255 3523 1408 3575 primae
1424 3534 1592 3561 ,manus
1936 3519 1963 3541 ¹¹
1994 3519 2316 3572 conditionibus]

577 3577 822 3622 conditione,
845 3578 997 3617 ΑΒΕ.
1019 3577 1081 3617 ed.
1103 3590 1161 3628 pr.
1274 3578 1302 3599 ¹²
1332 3577 1372 3615 in
1395 3576 1487 3615 Deo
1507 3574 1676 3626 decidit]
1699 3573 1860 3619 decidit,
1882 3572 1923 3612 in
1946 3572 2050 3618 Deo,
2071 3573 2133 3614 ed.
2155 3586 2215 3626 pr.
