<?xml version="1.0" encoding="UTF-8"?>
<!DOCTYPE html PUBLIC "-//W3C//DTD XHTML 1.0 Transitional//EN"
    "http://www.w3.org/TR/xhtml1/DTD/xhtml1-transitional.dtd">
<html xmlns="http://www.w3.org/1999/xhtml" xml:lang="en" lang="en">
 <head>
  <title>
</title>
<meta http-equiv="Content-Type" content="text/html;charset=utf-8" />
  <meta name='ocr-system' content='tesseract 3.04.00' />
  <meta name='ocr-capabilities' content='ocr_page ocr_carea ocr_par ocr_line ocrx_word'/>
</head>
<body>
  <div class='ocr_page' id='page_1' title='image "./trialoguscumsupp00wycluoft_0044.png"; bbox 0 0 2436 4094; ppageno 0'>
   <div class='ocr_carea' id='block_1_1' title="bbox 406 354 1733 427">
    <p class='ocr_par' dir='ltr' id='par_1_1' title="bbox 406 354 1733 427">
     <span class='ocr_line' id='line_1_1' title="bbox 406 354 1733 427; baseline -0.008 -16"><span class='ocrx_word' id='word_1_1' title='bbox 406 373 472 427; x_wconf 83' lang='lat'>32</span> <span class='ocrx_word' id='word_1_2' title='bbox 979 354 1733 406; x_wconf 82' lang='lat' dir='ltr'><em>PROLEGOMENA.</em></span> 
     </span>
    </p>
   </div>
   <div class='ocr_carea' id='block_1_2' title="bbox 402 491 2310 625">
    <p class='ocr_par' dir='ltr' id='par_1_2' title="bbox 402 491 2310 625">
     <span class='ocr_line' id='line_1_2' title="bbox 402 491 2310 557; baseline -0.002 -14"><span class='ocrx_word' id='word_1_3' title='bbox 402 510 514 544; x_wconf 90' lang='lat' dir='ltr'>cum</span> <span class='ocrx_word' id='word_1_4' title='bbox 544 494 778 557; x_wconf 90' lang='lat' dir='ltr'>Trialogo</span> <span class='ocrx_word' id='word_1_5' title='bbox 814 495 881 542; x_wconf 89' lang='lat' dir='ltr'>ita</span> <span class='ocrx_word' id='word_1_6' title='bbox 913 493 1228 557; x_wconf 88' lang='lat' dir='ltr'>conjunctum</span> <span class='ocrx_word' id='word_1_7' title='bbox 1260 492 1421 550; x_wconf 87' lang='lat' dir='ltr'>fuisse,</span> <span class='ocrx_word' id='word_1_8' title='bbox 1445 501 1497 540; x_wconf 88' lang='lat' dir='ltr'>ut</span> <span class='ocrx_word' id='word_1_9' title='bbox 1528 491 1672 555; x_wconf 87' lang='lat' dir='ltr'>hujus</span> <span class='ocrx_word' id='word_1_10' title='bbox 1706 493 1844 555; x_wconf 89' lang='lat' dir='ltr'>quasi</span> <span class='ocrx_word' id='word_1_11' title='bbox 1876 499 2064 554; x_wconf 89' lang='lat' dir='ltr'>partem</span> <span class='ocrx_word' id='word_1_12' title='bbox 2100 491 2310 556; x_wconf 76' lang='lat' dir='ltr'>aliquam</span> 
     </span>
     <span class='ocr_line' id='line_1_3' title="bbox 402 577 628 625; baseline 0 0"><span class='ocrx_word' id='word_1_13' title='bbox 402 577 628 625; x_wconf 89' lang='lat' dir='ltr'>efficeret.</span> 
     </span>
    </p>
   </div>
   <div class='ocr_carea' id='block_1_3' title="bbox 400 662 2316 1349">
    <p class='ocr_par' dir='ltr' id='par_1_3' title="bbox 400 662 2316 1349">
     <span class='ocr_line' id='line_1_4' title="bbox 469 662 2314 727; baseline -0.002 -13"><span class='ocrx_word' id='word_1_14' title='bbox 469 665 698 714; x_wconf 89' lang='lat' dir='ltr'>Ceterum</span> <span class='ocrx_word' id='word_1_15' title='bbox 720 671 948 712; x_wconf 87' lang='lat' dir='ltr'>tractatus</span> <span class='ocrx_word' id='word_1_16' title='bbox 971 663 1051 710; x_wconf 92' lang='lat' dir='ltr'>hic</span> <span class='ocrx_word' id='word_1_17' title='bbox 1076 677 1179 710; x_wconf 93' lang='lat' dir='ltr'>non</span> <span class='ocrx_word' id='word_1_18' title='bbox 1204 678 1317 710; x_wconf 92' lang='lat' dir='ltr'>cum</span> <span class='ocrx_word' id='word_1_19' title='bbox 1342 663 1570 710; x_wconf 91' lang='lat' dir='ltr'>omnibus</span> <span class='ocrx_word' id='word_1_20' title='bbox 1594 663 1811 725; x_wconf 88' lang='lat' dir='ltr'>Trialogi</span> <span class='ocrx_word' id='word_1_21' title='bbox 1835 663 2050 726; x_wconf 88' lang='lat' dir='ltr'>partibus</span> <span class='ocrx_word' id='word_1_22' title='bbox 2073 662 2314 727; x_wconf 85' lang='lat' dir='ltr'><strong>aequabili</strong></span> 
     </span>
     <span class='ocr_line' id='line_1_5' title="bbox 400 750 2312 820; baseline -0.002 -17"><span class='ocrx_word' id='word_1_23' title='bbox 400 755 585 803; x_wconf 89' lang='lat' dir='ltr'>ratione</span> <span class='ocrx_word' id='word_1_24' title='bbox 611 753 922 811; x_wconf 88' lang='lat' dir='ltr'>connectitur,</span> <span class='ocrx_word' id='word_1_25' title='bbox 949 752 1012 800; x_wconf 91' lang='lat' dir='ltr'>ad</span> <span class='ocrx_word' id='word_1_26' title='bbox 1035 752 1219 814; x_wconf 90' lang='lat' dir='ltr'>primos</span> <span class='ocrx_word' id='word_1_27' title='bbox 1243 750 1375 799; x_wconf 89' lang='lat' dir='ltr'>enim</span> <span class='ocrx_word' id='word_1_28' title='bbox 1398 759 1493 799; x_wconf 89' lang='lat' dir='ltr'>tres</span> <span class='ocrx_word' id='word_1_29' title='bbox 1517 752 1665 820; x_wconf 85' lang='lat' dir='ltr'>libros</span> <span class='ocrx_word' id='word_1_30' title='bbox 1690 752 1959 801; x_wconf 92' lang='lat' dir='ltr'>nullatenus</span> <span class='ocrx_word' id='word_1_31' title='bbox 1983 752 2198 811; x_wconf 91' lang='lat' dir='ltr'>refertur,</span> <span class='ocrx_word' id='word_1_32' title='bbox 2219 767 2312 800; x_wconf 91' lang='lat' dir='ltr'>nec</span> 
     </span>
     <span class='ocr_line' id='line_1_6' title="bbox 402 840 2313 904; baseline -0.002 -12"><span class='ocrx_word' id='word_1_33' title='bbox 402 844 493 892; x_wconf 91' lang='lat' dir='ltr'>nisi</span> <span class='ocrx_word' id='word_1_34' title='bbox 518 858 628 890; x_wconf 91' lang='lat' dir='ltr'>cum</span> <span class='ocrx_word' id='word_1_35' title='bbox 652 842 866 903; x_wconf 89' lang='lat' dir='ltr'>partibus</span> <span class='ocrx_word' id='word_1_36' title='bbox 895 840 1138 888; x_wconf 86' lang='lat' dir='ltr'>nonnuHis</span> <span class='ocrx_word' id='word_1_37' title='bbox 1173 840 1280 887; x_wconf 91' lang='lat' dir='ltr'>libri</span> <span class='ocrx_word' id='word_1_38' title='bbox 1315 840 1469 903; x_wconf 91' lang='lat' dir='ltr'>quarti</span> <span class='ocrx_word' id='word_1_39' title='bbox 1505 841 1794 904; x_wconf 89' lang='lat' dir='ltr'>conjunctus</span> <span class='ocrx_word' id='word_1_40' title='bbox 1831 849 1914 890; x_wconf 90' lang='lat' dir='ltr'>est.</span> <span class='ocrx_word' id='word_1_41' title='bbox 1987 841 2145 890; x_wconf 91' lang='lat' dir='ltr'>Totus</span> <span class='ocrx_word' id='word_1_42' title='bbox 2181 840 2313 889; x_wconf 88' lang='lat' dir='ltr'>enim</span> 
     </span>
     <span class='ocr_line' id='line_1_7' title="bbox 404 928 2315 992; baseline -0.002 -13"><span class='ocrx_word' id='word_1_43' title='bbox 404 932 530 980; x_wconf 92' lang='lat' dir='ltr'>circa</span> <span class='ocrx_word' id='word_1_44' title='bbox 562 931 860 978; x_wconf 89' lang='lat' dir='ltr'>dotationem</span> <span class='ocrx_word' id='word_1_45' title='bbox 893 928 1123 976; x_wconf 87' lang='lat' dir='ltr'>ecclesiae</span> <span class='ocrx_word' id='word_1_46' title='bbox 1157 929 1294 992; x_wconf 90' lang='lat' dir='ltr'>quasi</span> <span class='ocrx_word' id='word_1_47' title='bbox 1327 929 1575 977; x_wconf 84' lang='lat' dir='ltr'>cardinem</span> <span class='ocrx_word' id='word_1_48' title='bbox 1606 930 1812 988; x_wconf 90' lang='lat' dir='ltr'>vertitur,</span> <span class='ocrx_word' id='word_1_49' title='bbox 1847 945 1995 992; x_wconf 86' lang='lat' dir='ltr'>quam</span> <span class='ocrx_word' id='word_1_50' title='bbox 2027 930 2094 977; x_wconf 92' lang='lat' dir='ltr'>ob</span> <span class='ocrx_word' id='word_1_51' title='bbox 2125 944 2232 977; x_wconf 89' lang='lat' dir='ltr'>rem</span> <span class='ocrx_word' id='word_1_52' title='bbox 2262 929 2315 976; x_wconf 90' lang='lat' dir='ltr'>in</span> 
     </span>
     <span class='ocr_line' id='line_1_8' title="bbox 404 1015 2314 1081; baseline 0 -15"><span class='ocrx_word' id='word_1_53' title='bbox 404 1020 584 1081; x_wconf 86' lang='lat' dir='ltr'>aliquot</span> <span class='ocrx_word' id='word_1_54' title='bbox 607 1018 737 1065; x_wconf 91' lang='lat' dir='ltr'>libris</span> <span class='ocrx_word' id='word_1_55' title='bbox 762 1031 910 1064; x_wconf 90' lang='lat' dir='ltr'>manu</span> <span class='ocrx_word' id='word_1_56' title='bbox 934 1017 1139 1064; x_wconf 90' lang='lat' dir='ltr'>exaratis</span> <span class='ocrx_word' id='word_1_57' title='bbox 1163 1016 1294 1065; x_wconf 88' lang='lat' dir='ltr'>haud</span> <span class='ocrx_word' id='word_1_58' title='bbox 1322 1016 1443 1065; x_wconf 86' lang='lat' dir='ltr'>falso</span> <span class='ocrx_word' id='word_1_59' title='bbox 1479 1017 1569 1065; x_wconf 91' lang='lat' dir='ltr'>‘De</span> <span class='ocrx_word' id='word_1_60' title='bbox 1604 1017 1851 1066; x_wconf 90' lang='lat' dir='ltr'>dotatione</span> <span class='ocrx_word' id='word_1_61' title='bbox 1877 1015 2121 1066; x_wconf 85' lang='lat' dir='ltr'>ecclesiae’</span> <span class='ocrx_word' id='word_1_62' title='bbox 2146 1017 2314 1066; x_wconf 87' lang='lat' dir='ltr'>inscri-</span> 
     </span>
     <span class='ocr_line' id='line_1_9' title="bbox 405 1105 2314 1169; baseline -0.001 -14"><span class='ocrx_word' id='word_1_63' title='bbox 405 1109 542 1155; x_wconf 86' lang='lat' dir='ltr'>bitur.</span> <span class='ocrx_word' id='word_1_64' title='bbox 616 1105 712 1153; x_wconf 85' lang='lat' dir='ltr'>Sed</span> <span class='ocrx_word' id='word_1_65' title='bbox 735 1105 827 1153; x_wconf 88' lang='lat' dir='ltr'>hac</span> <span class='ocrx_word' id='word_1_66' title='bbox 852 1105 901 1151; x_wconf 92' lang='lat' dir='ltr'>in</span> <span class='ocrx_word' id='word_1_67' title='bbox 926 1120 976 1152; x_wconf 91' lang='lat' dir='ltr'>re</span> <span class='ocrx_word' id='word_1_68' title='bbox 1001 1105 1272 1168; x_wconf 88' lang='lat' dir='ltr'>particulari</span> <span class='ocrx_word' id='word_1_69' title='bbox 1297 1114 1441 1169; x_wconf 88' lang='lat' dir='ltr'>atque</span> <span class='ocrx_word' id='word_1_70' title='bbox 1466 1115 1667 1154; x_wconf 89' lang='lat' dir='ltr'>externa</span> <span class='ocrx_word' id='word_1_71' title='bbox 1699 1115 1868 1154; x_wconf 87' lang='lat' dir='ltr'>auctor</span> <span class='ocrx_word' id='word_1_72' title='bbox 1891 1106 2314 1168; x_wconf 82' lang='lat' dir='ltr'>ingeniosissimus</span> 
     </span>
     <span class='ocr_line' id='line_1_10' title="bbox 404 1194 2314 1259; baseline -0.001 -15"><span class='ocrx_word' id='word_1_73' title='bbox 404 1198 468 1244; x_wconf 87' lang='lat' dir='ltr'>ita</span> <span class='ocrx_word' id='word_1_74' title='bbox 490 1204 714 1253; x_wconf 89' lang='lat' dir='ltr'>versatur,</span> <span class='ocrx_word' id='word_1_75' title='bbox 739 1203 792 1243; x_wconf 90' lang='lat' dir='ltr'>ut</span> <span class='ocrx_word' id='word_1_76' title='bbox 817 1194 1029 1242; x_wconf 87' lang='lat' dir='ltr'>schisma</span> <span class='ocrx_word' id='word_1_77' title='bbox 1047 1195 1222 1259; x_wconf 88' lang='lat' dir='ltr'>papale</span> <span class='ocrx_word' id='word_1_78' title='bbox 1245 1196 1376 1243; x_wconf 93' lang='lat' dir='ltr'>brevi</span> <span class='ocrx_word' id='word_1_79' title='bbox 1396 1204 1537 1244; x_wconf 89' lang='lat' dir='ltr'>antea</span> <span class='ocrx_word' id='word_1_80' title='bbox 1555 1204 1792 1254; x_wconf 91' lang='lat' dir='ltr'>exortum,</span> <span class='ocrx_word' id='word_1_81' title='bbox 1812 1196 1922 1243; x_wconf 92' lang='lat' dir='ltr'>vitia</span> <span class='ocrx_word' id='word_1_82' title='bbox 1940 1202 2084 1259; x_wconf 87' lang='lat' dir='ltr'>atque</span> <span class='ocrx_word' id='word_1_83' title='bbox 2109 1209 2314 1253; x_wconf 88' lang='lat' dir='ltr'>errores,</span> 
     </span>
     <span class='ocr_line' id='line_1_11' title="bbox 403 1283 2316 1349; baseline -0.001 -17"><span class='ocrx_word' id='word_1_84' title='bbox 403 1286 578 1349; x_wconf 92' lang='lat' dir='ltr'>quibus</span> <span class='ocrx_word' id='word_1_85' title='bbox 621 1283 827 1332; x_wconf 88' lang='lat' dir='ltr'>ecclesia</span> <span class='ocrx_word' id='word_1_86' title='bbox 860 1283 1062 1342; x_wconf 91' lang='lat' dir='ltr'>laboret,</span> <span class='ocrx_word' id='word_1_87' title='bbox 1098 1283 1310 1346; x_wconf 92' lang='lat' dir='ltr'>pericula</span> <span class='ocrx_word' id='word_1_88' title='bbox 1346 1285 1520 1347; x_wconf 89' lang='lat' dir='ltr'>quibus</span> <span class='ocrx_word' id='word_1_89' title='bbox 1556 1285 1624 1347; x_wconf 93' lang='lat' dir='ltr'>pii</span> <span class='ocrx_word' id='word_1_90' title='bbox 1659 1285 1852 1333; x_wconf 89' lang='lat' dir='ltr'>obviam</span> <span class='ocrx_word' id='word_1_91' title='bbox 1888 1291 2014 1342; x_wconf 90' lang='lat' dir='ltr'>eant,</span> <span class='ocrx_word' id='word_1_92' title='bbox 2053 1283 2316 1346; x_wconf 85' lang='lat' dir='ltr'>scripturae</span> 
     </span>
    </p>
   </div>
   <div class='ocr_carea' id='block_1_4' title="bbox 401 1372 2317 1517">
    <p class='ocr_par' dir='ltr' id='par_1_4' title="bbox 401 1372 2317 1517">
     <span class='ocr_line' id='line_1_12' title="bbox 403 1372 2317 1436; baseline -0.002 -13"><span class='ocrx_word' id='word_1_93' title='bbox 403 1390 566 1423; x_wconf 88' lang='lat' dir='ltr'>sacrae</span> <span class='ocrx_word' id='word_1_94' title='bbox 593 1373 923 1420; x_wconf 88' lang='lat' dir='ltr'>auctoritatem</span> <span class='ocrx_word' id='word_1_95' title='bbox 949 1388 1204 1431; x_wconf 89' lang='lat' dir='ltr'>summam,</span> <span class='ocrx_word' id='word_1_96' title='bbox 1226 1373 1435 1436; x_wconf 91' lang='lat' dir='ltr'>denique</span> <span class='ocrx_word' id='word_1_97' title='bbox 1459 1373 1689 1421; x_wconf 90' lang='lat' dir='ltr'>ecclesiae</span> <span class='ocrx_word' id='word_1_98' title='bbox 1714 1373 1765 1420; x_wconf 92' lang='lat' dir='ltr'>in</span> <span class='ocrx_word' id='word_1_99' title='bbox 1789 1373 1959 1421; x_wconf 90' lang='lat' dir='ltr'>melius</span> <span class='ocrx_word' id='word_1_100' title='bbox 1977 1372 2317 1421; x_wconf 87' lang='lat' dir='ltr'>reformandae</span> 
     </span>
     <span class='ocr_line' id='line_1_13' title="bbox 401 1454 2316 1517; baseline -0.001 -12"><span class='ocrx_word' id='word_1_101' title='bbox 401 1458 528 1505; x_wconf 88' lang='lat' dir='ltr'>viam</span> <span class='ocrx_word' id='word_1_102' title='bbox 576 1472 632 1504; x_wconf 91' lang='lat' dir='ltr'>ac</span> <span class='ocrx_word' id='word_1_103' title='bbox 673 1456 910 1503; x_wconf 90' lang='lat' dir='ltr'>rationem</span> <span class='ocrx_word' id='word_1_104' title='bbox 946 1455 1165 1517; x_wconf 85' lang='lat' dir='ltr'>explicet.</span> <span class='ocrx_word' id='word_1_105' title='bbox 1238 1454 1353 1514; x_wconf 87' lang='lat' dir='ltr'>Quo</span> <span class='ocrx_word' id='word_1_106' title='bbox 1390 1455 1572 1502; x_wconf 89' lang='lat' dir='ltr'>factum</span> <span class='ocrx_word' id='word_1_107' title='bbox 1605 1463 1690 1514; x_wconf 90' lang='lat' dir='ltr'>est,</span> <span class='ocrx_word' id='word_1_108' title='bbox 1723 1463 1776 1503; x_wconf 92' lang='lat' dir='ltr'>ut</span> <span class='ocrx_word' id='word_1_109' title='bbox 1811 1455 1934 1503; x_wconf 88' lang='lat' dir='ltr'>haec</span> <span class='ocrx_word' id='word_1_110' title='bbox 1967 1454 2316 1504; x_wconf 85' lang='lat' dir='ltr'>commentatio</span> 
     </span>
    </p>
   </div>
   <div class='ocr_carea' id='block_1_5' title="bbox 403 1543 2326 3718">
    <p class='ocr_par' dir='ltr' id='par_1_5' title="bbox 403 1543 2295 1608">
     <span class='ocr_line' id='line_1_14' title="bbox 403 1543 2295 1608; baseline -0.002 -15"><span class='ocrx_word' id='word_1_111' title='bbox 403 1546 665 1608; x_wconf 85' lang='lat' dir='ltr'>imaginem</span> <span class='ocrx_word' id='word_1_112' title='bbox 684 1544 931 1607; x_wconf 90' lang='lat' dir='ltr'>quandam</span> <span class='ocrx_word' id='word_1_113' title='bbox 950 1543 1124 1591; x_wconf 89' lang='lat' dir='ltr'>Wiclifi</span> <span class='ocrx_word' id='word_1_114' title='bbox 1142 1545 1193 1590; x_wconf 92' lang='lat' dir='ltr'>in</span> <span class='ocrx_word' id='word_1_115' title='bbox 1214 1544 1368 1606; x_wconf 86' lang='lat' dir='ltr'>spatio</span> <span class='ocrx_word' id='word_1_116' title='bbox 1389 1544 1732 1606; x_wconf 87' lang='lat' dir='ltr'>angustissimo</span> <span class='ocrx_word' id='word_1_117' title='bbox 1752 1559 2035 1607; x_wconf 85' lang='lat' dir='ltr'>expressam</span> <span class='ocrx_word' id='word_1_118' title='bbox 2054 1543 2295 1592; x_wconf 86' lang='lat' dir='ltr'>exhibeat.</span> 
     </span>
    </p>

    <p class='ocr_par' dir='ltr' id='par_1_6' title="bbox 407 1632 2325 3022">
     <span class='ocr_line' id='line_1_15' title="bbox 475 1632 2316 1696; baseline -0.001 -14"><span class='ocrx_word' id='word_1_119' title='bbox 475 1634 590 1694; x_wconf 84' lang='lat' dir='ltr'>Quo</span> <span class='ocrx_word' id='word_1_120' title='bbox 625 1640 812 1696; x_wconf 82' lang='lat' dir='ltr'>tempore</span> <span class='ocrx_word' id='word_1_121' title='bbox 845 1642 1073 1682; x_wconf 88' lang='lat' dir='ltr'>tractatus</span> <span class='ocrx_word' id='word_1_122' title='bbox 1108 1633 1185 1682; x_wconf 90' lang='lat' dir='ltr'>hic</span> <span class='ocrx_word' id='word_1_123' title='bbox 1222 1634 1522 1696; x_wconf 90' lang='lat' dir='ltr'>compositus</span> <span class='ocrx_word' id='word_1_124' title='bbox 1559 1634 1632 1691; x_wconf 89' lang='lat' dir='ltr'>sit,</span> <span class='ocrx_word' id='word_1_125' title='bbox 1668 1650 1729 1682; x_wconf 90' lang='lat' dir='ltr'>ex</span> <span class='ocrx_word' id='word_1_126' title='bbox 1766 1648 1826 1681; x_wconf 90' lang='lat' dir='ltr'>eo</span> <span class='ocrx_word' id='word_1_127' title='bbox 1859 1634 1966 1696; x_wconf 90' lang='lat' dir='ltr'>ipso</span> <span class='ocrx_word' id='word_1_128' title='bbox 2001 1632 2316 1692; x_wconf 86' lang='lat' dir='ltr'>concluditur,</span> 
     </span>
     <span class='ocr_line' id='line_1_16' title="bbox 407 1722 2318 1788; baseline -0.001 -16"><span class='ocrx_word' id='word_1_129' title='bbox 407 1724 541 1788; x_wconf 91' lang='lat' dir='ltr'>quod</span> <span class='ocrx_word' id='word_1_130' title='bbox 559 1724 752 1772; x_wconf 90' lang='lat' dir='ltr'>nonnisi</span> <span class='ocrx_word' id='word_1_131' title='bbox 772 1732 883 1786; x_wconf 89' lang='lat' dir='ltr'>post</span> <span class='ocrx_word' id='word_1_132' title='bbox 902 1723 1187 1785; x_wconf 89' lang='lat' dir='ltr'>Trialogum</span> <span class='ocrx_word' id='word_1_133' title='bbox 1212 1724 1354 1771; x_wconf 90' lang='lat' dir='ltr'>scribi</span> <span class='ocrx_word' id='word_1_134' title='bbox 1372 1723 1539 1786; x_wconf 87' lang='lat' dir='ltr'>potuit.</span> <span class='ocrx_word' id='word_1_135' title='bbox 1615 1723 1714 1771; x_wconf 85' lang='lat' dir='ltr'>Stat</span> <span class='ocrx_word' id='word_1_136' title='bbox 1738 1723 1895 1786; x_wconf 88' lang='lat' dir='ltr'>igitur,</span> <span class='ocrx_word' id='word_1_137' title='bbox 1917 1722 2318 1785; x_wconf 86' lang='lat' dir='ltr'>Supplementum</span> 
     </span>
     <span class='ocr_line' id='line_1_17' title="bbox 411 1809 2320 1874; baseline -0.001 -14"><span class='ocrx_word' id='word_1_138' title='bbox 411 1820 520 1861; x_wconf 85' lang='lat' dir='ltr'>ante</span> <span class='ocrx_word' id='word_1_139' title='bbox 557 1827 739 1860; x_wconf 91' lang='lat' dir='ltr'>annum</span> <span class='ocrx_word' id='word_1_140' title='bbox 770 1814 895 1872; x_wconf 81' lang='lat'>1383</span> <span class='ocrx_word' id='word_1_141' title='bbox 935 1812 1032 1859; x_wconf 90' lang='lat' dir='ltr'>sive</span> <span class='ocrx_word' id='word_1_142' title='bbox 1069 1820 1354 1873; x_wconf 89' lang='lat' dir='ltr'>sequentem</span> <span class='ocrx_word' id='word_1_143' title='bbox 1390 1813 1619 1874; x_wconf 88' lang='lat' dir='ltr'>scriptum</span> <span class='ocrx_word' id='word_1_144' title='bbox 1655 1827 1758 1859; x_wconf 91' lang='lat' dir='ltr'>non</span> <span class='ocrx_word' id='word_1_145' title='bbox 1793 1827 1914 1860; x_wconf 90' lang='lat' dir='ltr'>esse.</span> <span class='ocrx_word' id='word_1_146' title='bbox 1986 1809 2100 1871; x_wconf 88' lang='lat' dir='ltr'>Qua</span> <span class='ocrx_word' id='word_1_147' title='bbox 2123 1826 2236 1859; x_wconf 91' lang='lat' dir='ltr'>eum</span> <span class='ocrx_word' id='word_1_148' title='bbox 2267 1826 2320 1865; x_wconf 82' lang='lat' dir='ltr'>re</span> 
     </span>
     <span class='ocr_line' id='line_1_18' title="bbox 411 1899 2322 1951; baseline -0.002 0"><span class='ocrx_word' id='word_1_149' title='bbox 411 1902 630 1951; x_wconf 91' lang='lat' dir='ltr'>nonnulli</span> <span class='ocrx_word' id='word_1_150' title='bbox 649 1902 1071 1950; x_wconf 89' lang='lat' dir='ltr'>commentationis</span> <span class='ocrx_word' id='word_1_151' title='bbox 1090 1902 1184 1950; x_wconf 89' lang='lat' dir='ltr'>loci</span> <span class='ocrx_word' id='word_1_152' title='bbox 1200 1902 1523 1950; x_wconf 90' lang='lat' dir='ltr'>consentiunt.</span> <span class='ocrx_word' id='word_1_153' title='bbox 1597 1901 1787 1950; x_wconf 89' lang='lat' dir='ltr'>Scilicet</span> <span class='ocrx_word' id='word_1_154' title='bbox 1805 1917 1908 1949; x_wconf 90' lang='lat' dir='ltr'>non</span> <span class='ocrx_word' id='word_1_155' title='bbox 1933 1902 2090 1950; x_wconf 91' lang='lat' dir='ltr'>solum</span> <span class='ocrx_word' id='word_1_156' title='bbox 2109 1899 2322 1948; x_wconf 89' lang='lat' dir='ltr'>schisma</span> 
     </span>
     <span class='ocr_line' id='line_1_19' title="bbox 413 1990 2320 2055; baseline -0.002 -16"><span class='ocrx_word' id='word_1_157' title='bbox 413 2007 647 2055; x_wconf 90' lang='lat' dir='ltr'>magnum</span> <span class='ocrx_word' id='word_1_158' title='bbox 680 1991 910 2039; x_wconf 90' lang='lat' dir='ltr'>ecclesiae</span> <span class='ocrx_word' id='word_1_159' title='bbox 943 1991 1256 2039; x_wconf 89' lang='lat' dir='ltr'>occidentalis</span> <span class='ocrx_word' id='word_1_160' title='bbox 1290 2006 1420 2039; x_wconf 91' lang='lat' dir='ltr'>anno</span> <span class='ocrx_word' id='word_1_161' title='bbox 1452 1993 1579 2052; x_wconf 82' lang='lat'>1378</span> <span class='ocrx_word' id='word_1_162' title='bbox 1607 1991 1886 2039; x_wconf 90' lang='lat' dir='ltr'>inchoatum</span> <span class='ocrx_word' id='word_1_163' title='bbox 1912 1990 1999 2039; x_wconf 91' lang='lat' dir='ltr'>sed</span> <span class='ocrx_word' id='word_1_164' title='bbox 2030 1991 2175 2038; x_wconf 88' lang='lat' dir='ltr'>etiam</span> <span class='ocrx_word' id='word_1_165' title='bbox 2200 2003 2320 2038; x_wconf 90' lang='lat' dir='ltr'>con-</span> 
     </span>
     <span class='ocr_line' id='line_1_20' title="bbox 412 2078 2324 2142; baseline -0.002 -13"><span class='ocrx_word' id='word_1_166' title='bbox 412 2081 652 2129; x_wconf 89' lang='lat' dir='ltr'>tentiones</span> <span class='ocrx_word' id='word_1_167' title='bbox 687 2089 734 2128; x_wconf 93' lang='lat' dir='ltr'>et</span> <span class='ocrx_word' id='word_1_168' title='bbox 768 2080 893 2128; x_wconf 91' lang='lat' dir='ltr'>bella</span> <span class='ocrx_word' id='word_1_169' title='bbox 923 2082 1046 2128; x_wconf 90' lang='lat' dir='ltr'>inter</span> <span class='ocrx_word' id='word_1_170' title='bbox 1078 2079 1334 2128; x_wconf 91' lang='lat' dir='ltr'>Urbanum</span> <span class='ocrx_word' id='word_1_171' title='bbox 1356 2080 1444 2128; x_wconf 92' lang='lat' dir='ltr'>VI.</span> <span class='ocrx_word' id='word_1_172' title='bbox 1471 2089 1517 2128; x_wconf 92' lang='lat' dir='ltr'>et</span> <span class='ocrx_word' id='word_1_173' title='bbox 1541 2080 1845 2128; x_wconf 91' lang='lat' dir='ltr'>Clementem</span> <span class='ocrx_word' id='word_1_174' title='bbox 1876 2079 1993 2128; x_wconf 92' lang='lat' dir='ltr'>VII.</span> <span class='ocrx_word' id='word_1_175' title='bbox 2019 2087 2164 2142; x_wconf 90' lang='lat' dir='ltr'>atque</span> <span class='ocrx_word' id='word_1_176' title='bbox 2197 2078 2324 2126; x_wconf 89' lang='lat' dir='ltr'>inter</span> 
     </span>
     <span class='ocr_line' id='line_1_21' title="bbox 412 2167 2322 2231; baseline -0.001 -15"><span class='ocrx_word' id='word_1_177' title='bbox 412 2169 622 2231; x_wconf 88' lang='lat' dir='ltr'>populos</span> <span class='ocrx_word' id='word_1_178' title='bbox 657 2169 845 2230; x_wconf 91' lang='lat' dir='ltr'>utrique</span> <span class='ocrx_word' id='word_1_179' title='bbox 882 2167 1096 2216; x_wconf 89' lang='lat' dir='ltr'>faventes</span> <span class='ocrx_word' id='word_1_180' title='bbox 1131 2175 1237 2216; x_wconf 91' lang='lat' dir='ltr'>orta</span> <span class='ocrx_word' id='word_1_181' title='bbox 1278 2168 1434 2230; x_wconf 91' lang='lat' dir='ltr'>capite</span> <span class='ocrx_word' id='word_1_182' title='bbox 1473 2183 1500 2227; x_wconf 96' lang='lat'>4</span> <span class='ocrx_word' id='word_1_183' title='bbox 1539 2175 1586 2215; x_wconf 90' lang='lat' dir='ltr'>et</span> <span class='ocrx_word' id='word_1_184' title='bbox 1622 2184 1651 2230; x_wconf 90' lang='lat'>9</span> <span class='ocrx_word' id='word_1_185' title='bbox 1695 2175 2154 2216; x_wconf 90' lang='lat' dir='ltr'>commemorantur.</span> <span class='ocrx_word' id='word_1_186' title='bbox 2223 2167 2322 2216; x_wconf 90' lang='lat' dir='ltr'>Ae-</span> 
     </span>
     <span class='ocr_line' id='line_1_22' title="bbox 414 2257 2322 2320; baseline -0.001 -14"><span class='ocrx_word' id='word_1_187' title='bbox 414 2258 554 2315; x_wconf 90' lang='lat' dir='ltr'>cedit,</span> <span class='ocrx_word' id='word_1_188' title='bbox 582 2257 713 2320; x_wconf 93' lang='lat' dir='ltr'>quod</span> <span class='ocrx_word' id='word_1_189' title='bbox 738 2266 902 2305; x_wconf 90' lang='lat' dir='ltr'>auctor</span> <span class='ocrx_word' id='word_1_190' title='bbox 927 2257 1198 2305; x_wconf 90' lang='lat' dir='ltr'>doctrinam</span> <span class='ocrx_word' id='word_1_191' title='bbox 1223 2257 1503 2305; x_wconf 91' lang='lat' dir='ltr'>Romanam</span> <span class='ocrx_word' id='word_1_192' title='bbox 1529 2257 1588 2305; x_wconf 90' lang='lat' dir='ltr'>de</span> <span class='ocrx_word' id='word_1_193' title='bbox 1621 2257 2168 2315; x_wconf 90' lang='lat' dir='ltr'>transsubstantiatione,</span> <span class='ocrx_word' id='word_1_194' title='bbox 2194 2271 2322 2319; x_wconf 87' lang='lat' dir='ltr'>quae</span> 
     </span>
     <span class='ocr_line' id='line_1_23' title="bbox 414 2345 2323 2410; baseline -0.001 -15"><span class='ocrx_word' id='word_1_195' title='bbox 414 2349 465 2395; x_wconf 91' lang='lat' dir='ltr'>in</span> <span class='ocrx_word' id='word_1_196' title='bbox 489 2363 624 2396; x_wconf 90' lang='lat' dir='ltr'>sacra</span> <span class='ocrx_word' id='word_1_197' title='bbox 648 2362 801 2395; x_wconf 91' lang='lat' dir='ltr'>coena</span> <span class='ocrx_word' id='word_1_198' title='bbox 825 2347 926 2394; x_wconf 91' lang='lat' dir='ltr'>fieri</span> <span class='ocrx_word' id='word_1_199' title='bbox 950 2347 1240 2409; x_wconf 89' lang='lat' dir='ltr'>perhibetur,</span> <span class='ocrx_word' id='word_1_200' title='bbox 1260 2347 1416 2409; x_wconf 88' lang='lat' dir='ltr'>capite</span> <span class='ocrx_word' id='word_1_201' title='bbox 1438 2358 1463 2407; x_wconf 90' lang='lat'>7</span> <span class='ocrx_word' id='word_1_202' title='bbox 1486 2354 1533 2394; x_wconf 93' lang='lat' dir='ltr'>et</span> <span class='ocrx_word' id='word_1_203' title='bbox 1553 2348 1581 2393; x_wconf 88' lang='lat'>8</span> <span class='ocrx_word' id='word_1_204' title='bbox 1602 2347 1867 2410; x_wconf 87' lang='lat' dir='ltr'>impugnat,</span> <span class='ocrx_word' id='word_1_205' title='bbox 1886 2354 2027 2408; x_wconf 88' lang='lat' dir='ltr'>atque</span> <span class='ocrx_word' id='word_1_206' title='bbox 2051 2346 2103 2394; x_wconf 92' lang='lat' dir='ltr'>in</span> <span class='ocrx_word' id='word_1_207' title='bbox 2127 2345 2323 2398; x_wconf 83' lang='lat' dir='ltr'>ordines</span> 
     </span>
     <span class='ocr_line' id='line_1_24' title="bbox 415 2433 2323 2498; baseline -0.001 -15"><span class='ocrx_word' id='word_1_208' title='bbox 415 2435 793 2483; x_wconf 88' lang='lat' dir='ltr'>mendicantium</span> <span class='ocrx_word' id='word_1_209' title='bbox 816 2443 868 2482; x_wconf 93' lang='lat' dir='ltr'>ut</span> <span class='ocrx_word' id='word_1_210' title='bbox 891 2434 1178 2483; x_wconf 87' lang='lat' dir='ltr'>fortissimos</span> <span class='ocrx_word' id='word_1_211' title='bbox 1196 2435 1459 2498; x_wconf 89' lang='lat' dir='ltr'>tyrannidis</span> <span class='ocrx_word' id='word_1_212' title='bbox 1482 2435 1667 2498; x_wconf 89' lang='lat' dir='ltr'>papalis</span> <span class='ocrx_word' id='word_1_213' title='bbox 1693 2443 1836 2497; x_wconf 91' lang='lat' dir='ltr'>atque</span> <span class='ocrx_word' id='word_1_214' title='bbox 1855 2449 2072 2482; x_wconf 89' lang='lat' dir='ltr'>errorum</span> <span class='ocrx_word' id='word_1_215' title='bbox 2090 2433 2323 2486; x_wconf 84' lang='lat' dir='ltr'>ecclesiae</span> 
     </span>
     <span class='ocr_line' id='line_1_25' title="bbox 414 2521 2323 2585; baseline -0.002 -14"><span class='ocrx_word' id='word_1_216' title='bbox 414 2523 658 2585; x_wconf 85' lang='lat' dir='ltr'>adjutores</span> <span class='ocrx_word' id='word_1_217' title='bbox 683 2521 839 2583; x_wconf 90' lang='lat' dir='ltr'>capite</span> <span class='ocrx_word' id='word_1_218' title='bbox 864 2529 1036 2569; x_wconf 91' lang='lat' dir='ltr'>octavo</span> <span class='ocrx_word' id='word_1_219' title='bbox 1061 2521 1254 2580; x_wconf 88' lang='lat' dir='ltr'>invehit,</span> <span class='ocrx_word' id='word_1_220' title='bbox 1273 2521 1324 2568; x_wconf 92' lang='lat' dir='ltr'>id</span> <span class='ocrx_word' id='word_1_221' title='bbox 1348 2522 1481 2584; x_wconf 93' lang='lat' dir='ltr'>quod</span> <span class='ocrx_word' id='word_1_222' title='bbox 1505 2523 1567 2569; x_wconf 91' lang='lat' dir='ltr'>ab</span> <span class='ocrx_word' id='word_1_223' title='bbox 1591 2530 1786 2569; x_wconf 91' lang='lat' dir='ltr'>auctore</span> <span class='ocrx_word' id='word_1_224' title='bbox 1810 2529 1978 2569; x_wconf 90' lang='lat' dir='ltr'>nostro</span> <span class='ocrx_word' id='word_1_225' title='bbox 2003 2529 2114 2570; x_wconf 90' lang='lat' dir='ltr'>ante</span> <span class='ocrx_word' id='word_1_226' title='bbox 2139 2535 2323 2569; x_wconf 88' lang='lat' dir='ltr'>annum</span> 
     </span>
     <span class='ocr_line' id='line_1_26' title="bbox 420 2609 2325 2672; baseline -0.001 -13"><span class='ocrx_word' id='word_1_227' title='bbox 420 2614 542 2672; x_wconf 84' lang='lat'>1381</span> <span class='ocrx_word' id='word_1_228' title='bbox 582 2610 762 2658; x_wconf 91' lang='lat' dir='ltr'>factum</span> <span class='ocrx_word' id='word_1_229' title='bbox 803 2624 904 2656; x_wconf 93' lang='lat' dir='ltr'>non</span> <span class='ocrx_word' id='word_1_230' title='bbox 946 2625 1052 2658; x_wconf 89' lang='lat' dir='ltr'>esse</span> <span class='ocrx_word' id='word_1_231' title='bbox 1089 2625 1234 2672; x_wconf 89' lang='lat' dir='ltr'>supra</span> <span class='ocrx_word' id='word_1_232' title='bbox 1275 2611 1569 2658; x_wconf 89' lang='lat' dir='ltr'>monuimus.</span> <span class='ocrx_word' id='word_1_233' title='bbox 1653 2610 1909 2658; x_wconf 91' lang='lat' dir='ltr'>Postremo</span> <span class='ocrx_word' id='word_1_234' title='bbox 1949 2609 2140 2658; x_wconf 90' lang='lat' dir='ltr'>concilii</span> <span class='ocrx_word' id='word_1_235' title='bbox 2177 2610 2325 2658; x_wconf 86' lang='lat' dir='ltr'>etiam</span> 
     </span>
     <span class='ocr_line' id='line_1_27' title="bbox 414 2697 2325 2761; baseline -0.001 -15"><span class='ocrx_word' id='word_1_236' title='bbox 414 2698 643 2746; x_wconf 90' lang='lat' dir='ltr'>Londinii</span> <span class='ocrx_word' id='word_1_237' title='bbox 667 2712 796 2746; x_wconf 90' lang='lat' dir='ltr'>anno</span> <span class='ocrx_word' id='word_1_238' title='bbox 827 2700 951 2758; x_wconf 86' lang='lat'>1382</span> <span class='ocrx_word' id='word_1_239' title='bbox 978 2697 1127 2745; x_wconf 89' lang='lat' dir='ltr'>habiti</span> <span class='ocrx_word' id='word_1_240' title='bbox 1152 2698 1239 2745; x_wconf 91' lang='lat' dir='ltr'>sed</span> <span class='ocrx_word' id='word_1_241' title='bbox 1262 2706 1416 2746; x_wconf 91' lang='lat' dir='ltr'>terrae</span> <span class='ocrx_word' id='word_1_242' title='bbox 1441 2706 1578 2745; x_wconf 92' lang='lat' dir='ltr'>motu</span> <span class='ocrx_word' id='word_1_243' title='bbox 1601 2698 1774 2746; x_wconf 87' lang='lat' dir='ltr'>turbati</span> <span class='ocrx_word' id='word_1_244' title='bbox 1798 2698 2006 2761; x_wconf 87' lang='lat' dir='ltr'>capitulo</span> <span class='ocrx_word' id='word_1_245' title='bbox 2025 2705 2196 2746; x_wconf 90' lang='lat' dir='ltr'>octavo</span> <span class='ocrx_word' id='word_1_246' title='bbox 2221 2708 2325 2745; x_wconf 88' lang='lat' dir='ltr'>non</span> 
     </span>
     <span class='ocr_line' id='line_1_28' title="bbox 415 2786 2325 2850; baseline 0.001 -14"><span class='ocrx_word' id='word_1_247' title='bbox 415 2788 566 2836; x_wconf 91' lang='lat' dir='ltr'>semel</span> <span class='ocrx_word' id='word_1_248' title='bbox 607 2787 908 2834; x_wconf 90' lang='lat' dir='ltr'>mentionem</span> <span class='ocrx_word' id='word_1_249' title='bbox 949 2787 1124 2850; x_wconf 88' lang='lat' dir='ltr'>injecit.</span> <span class='ocrx_word' id='word_1_250' title='bbox 1195 2786 1341 2835; x_wconf 92' lang='lat' dir='ltr'>Unde</span> <span class='ocrx_word' id='word_1_251' title='bbox 1383 2788 1551 2845; x_wconf 90' lang='lat' dir='ltr'>elucet,</span> <span class='ocrx_word' id='word_1_252' title='bbox 1594 2796 1848 2836; x_wconf 89' lang='lat' dir='ltr'>tractatum</span> <span class='ocrx_word' id='word_1_253' title='bbox 1895 2789 2039 2837; x_wconf 90' lang='lat' dir='ltr'>istum</span> <span class='ocrx_word' id='word_1_254' title='bbox 2086 2788 2166 2837; x_wconf 87' lang='lat' dir='ltr'>vix</span> <span class='ocrx_word' id='word_1_255' title='bbox 2212 2796 2325 2838; x_wconf 87' lang='lat' dir='ltr'>ante</span> 
     </span>
     <span class='ocr_line' id='line_1_29' title="bbox 412 2877 2324 2941; baseline 0.001 -16"><span class='ocrx_word' id='word_1_256' title='bbox 412 2892 599 2926; x_wconf 82' lang='lat' dir='ltr'>annum</span> <span class='ocrx_word' id='word_1_257' title='bbox 635 2884 714 2924; x_wconf 89' lang='lat' dir='ltr'>aut</span> <span class='ocrx_word' id='word_1_258' title='bbox 756 2878 882 2937; x_wconf 85' lang='lat'><strong>1383</strong></span> <span class='ocrx_word' id='word_1_259' title='bbox 922 2884 1003 2924; x_wconf 92' lang='lat' dir='ltr'>aut</span> <span class='ocrx_word' id='word_1_260' title='bbox 1045 2879 1188 2938; x_wconf 88' lang='lat'>1384,</span> <span class='ocrx_word' id='word_1_261' title='bbox 1227 2878 1318 2926; x_wconf 92' lang='lat' dir='ltr'>sub</span> <span class='ocrx_word' id='word_1_262' title='bbox 1359 2877 1496 2941; x_wconf 85' lang='lat' dir='ltr'>cujus</span> <span class='ocrx_word' id='word_1_263' title='bbox 1533 2877 1683 2938; x_wconf 80' lang='lat' dir='ltr'>finem</span> <span class='ocrx_word' id='word_1_264' title='bbox 1718 2877 1936 2925; x_wconf 91' lang='lat' dir='ltr'>Wiclifus</span> <span class='ocrx_word' id='word_1_265' title='bbox 1974 2877 2078 2941; x_wconf 89' lang='lat' dir='ltr'>ipse</span> <span class='ocrx_word' id='word_1_266' title='bbox 2094 2923 2098 2934; x_wconf 47' lang='lat'>2</span> <span class='ocrx_word' id='word_1_267' title='bbox 2115 2885 2324 2926; x_wconf 89' lang='lat' dir='ltr'>mortem</span> 
     </span>
     <span class='ocr_line' id='line_1_30' title="bbox 415 2965 1113 3022; baseline 0.001 -10"><span class='ocrx_word' id='word_1_268' title='bbox 415 2965 546 3022; x_wconf 91' lang='lat' dir='ltr'>obiit,</span> <span class='ocrx_word' id='word_1_269' title='bbox 575 2973 967 3012; x_wconf 88' lang='lat' dir='ltr'>consummatum</span> <span class='ocrx_word' id='word_1_270' title='bbox 990 2980 1113 3015; x_wconf 88' lang='lat' dir='ltr'>esse.</span> 
     </span>
    </p>

    <p class='ocr_par' dir='ltr' id='par_1_7' title="bbox 414 3053 2326 3647">
     <span class='ocr_line' id='line_1_31' title="bbox 487 3053 2326 3117; baseline 0 -16"><span class='ocrx_word' id='word_1_271' title='bbox 487 3053 817 3115; x_wconf 90' lang='lat' dir='ltr'>Supplementi</span> <span class='ocrx_word' id='word_1_272' title='bbox 834 3054 1007 3117; x_wconf 87' lang='lat' dir='ltr'>forma</span> <span class='ocrx_word' id='word_1_273' title='bbox 1042 3069 1071 3102; x_wconf 92' lang='lat' dir='ltr'>a</span> <span class='ocrx_word' id='word_1_274' title='bbox 1107 3053 1341 3116; x_wconf 87' lang='lat' dir='ltr'>Trialogo</span> <span class='ocrx_word' id='word_1_275' title='bbox 1377 3068 1437 3102; x_wconf 91' lang='lat' dir='ltr'>eo</span> <span class='ocrx_word' id='word_1_276' title='bbox 1474 3054 1790 3116; x_wconf 87' lang='lat' dir='ltr'>distinguitur,</span> <span class='ocrx_word' id='word_1_277' title='bbox 1827 3054 1962 3116; x_wconf 92' lang='lat' dir='ltr'>quod</span> <span class='ocrx_word' id='word_1_278' title='bbox 1995 3053 2111 3102; x_wconf 91' lang='lat' dir='ltr'>illud</span> <span class='ocrx_word' id='word_1_279' title='bbox 2142 3068 2244 3103; x_wconf 89' lang='lat' dir='ltr'>non</span> <span class='ocrx_word' id='word_1_280' title='bbox 2273 3060 2326 3101; x_wconf 80' lang='lat' dir='ltr'>ut</span> 
     </span>
     <span class='ocr_line' id='line_1_32' title="bbox 414 3141 2324 3204; baseline 0.001 -17"><span class='ocrx_word' id='word_1_281' title='bbox 414 3141 492 3189; x_wconf 93' lang='lat' dir='ltr'>hic</span> <span class='ocrx_word' id='word_1_282' title='bbox 518 3142 581 3189; x_wconf 85' lang='lat' dir='ltr'>ad</span> <span class='ocrx_word' id='word_1_283' title='bbox 604 3142 752 3189; x_wconf 89' lang='lat' dir='ltr'>instar</span> <span class='ocrx_word' id='word_1_284' title='bbox 776 3141 1004 3204; x_wconf 93' lang='lat' dir='ltr'>colloquii</span> <span class='ocrx_word' id='word_1_285' title='bbox 1029 3142 1357 3204; x_wconf 92' lang='lat' dir='ltr'>compositum</span> <span class='ocrx_word' id='word_1_286' title='bbox 1381 3150 1454 3189; x_wconf 89' lang='lat' dir='ltr'>est</span> <span class='ocrx_word' id='word_1_287' title='bbox 1478 3142 1564 3190; x_wconf 92' lang='lat' dir='ltr'>sed</span> <span class='ocrx_word' id='word_1_288' title='bbox 1583 3142 1968 3190; x_wconf 89' lang='lat' dir='ltr'>dissertationem</span> <span class='ocrx_word' id='word_1_289' title='bbox 1991 3141 2201 3204; x_wconf 89' lang='lat' dir='ltr'>aliquam</span> <span class='ocrx_word' id='word_1_290' title='bbox 2223 3155 2324 3189; x_wconf 92' lang='lat' dir='ltr'>uno</span> 
     </span>
     <span class='ocr_line' id='line_1_33' title="bbox 415 3229 2324 3293; baseline 0.001 -18"><span class='ocrx_word' id='word_1_291' title='bbox 415 3236 582 3277; x_wconf 91' lang='lat' dir='ltr'>tenore</span> <span class='ocrx_word' id='word_1_292' title='bbox 618 3229 899 3291; x_wconf 92' lang='lat' dir='ltr'>perductam</span> <span class='ocrx_word' id='word_1_293' title='bbox 934 3230 1140 3278; x_wconf 89' lang='lat' dir='ltr'>exhibet.</span> <span class='ocrx_word' id='word_1_294' title='bbox 1212 3230 1381 3293; x_wconf 90' lang='lat' dir='ltr'>Itaque</span> <span class='ocrx_word' id='word_1_295' title='bbox 1417 3231 1653 3278; x_wconf 87' lang='lat' dir='ltr'>sermonis</span> <span class='ocrx_word' id='word_1_296' title='bbox 1688 3231 1874 3278; x_wconf 90' lang='lat' dir='ltr'>initium</span> <span class='ocrx_word' id='word_1_297' title='bbox 1903 3230 1966 3278; x_wconf 90' lang='lat' dir='ltr'>ad</span> <span class='ocrx_word' id='word_1_298' title='bbox 1989 3229 2193 3278; x_wconf 92' lang='lat' dir='ltr'>modum</span> <span class='ocrx_word' id='word_1_299' title='bbox 2227 3229 2324 3277; x_wconf 92' lang='lat' dir='ltr'>dis-</span> 
     </span>
     <span class='ocr_line' id='line_1_34' title="bbox 417 3317 2324 3382; baseline 0.001 -19"><span class='ocrx_word' id='word_1_300' title='bbox 417 3317 675 3379; x_wconf 90' lang='lat' dir='ltr'>putationis</span> <span class='ocrx_word' id='word_1_301' title='bbox 723 3318 1035 3367; x_wconf 90' lang='lat' dir='ltr'>scholasticae</span> <span class='ocrx_word' id='word_1_302' title='bbox 1082 3319 1370 3382; x_wconf 89' lang='lat' dir='ltr'>dispositum</span> <span class='ocrx_word' id='word_1_303' title='bbox 1416 3327 1502 3367; x_wconf 88' lang='lat' dir='ltr'>est.</span> <span class='ocrx_word' id='word_1_304' title='bbox 1573 3318 1736 3367; x_wconf 90' lang='lat' dir='ltr'>Primo</span> <span class='ocrx_word' id='word_1_305' title='bbox 1785 3319 2002 3382; x_wconf 89' lang='lat' dir='ltr'>quaestio</span> <span class='ocrx_word' id='word_1_306' title='bbox 2058 3318 2164 3381; x_wconf 90' lang='lat' dir='ltr'>ipsa</span> <span class='ocrx_word' id='word_1_307' title='bbox 2209 3331 2324 3381; x_wconf 87' lang='lat' dir='ltr'>pro-</span> 
     </span>
     <span class='ocr_line' id='line_1_35' title="bbox 417 3404 2325 3470; baseline 0.002 -20"><span class='ocrx_word' id='word_1_308' title='bbox 417 3404 625 3466; x_wconf 86' lang='lat' dir='ltr'>ponitur.</span> <span class='ocrx_word' id='word_1_309' title='bbox 678 3405 868 3453; x_wconf 89' lang='lat' dir='ltr'>Deinde</span> <span class='ocrx_word' id='word_1_310' title='bbox 887 3407 1219 3469; x_wconf 89' lang='lat' dir='ltr'>respondetur,</span> <span class='ocrx_word' id='word_1_311' title='bbox 1239 3411 1250 3432; x_wconf 85' lang='lat'>‘</span> <span class='ocrx_word' id='word_1_312' title='bbox 1267 3407 1399 3470; x_wconf 92' lang='lat' dir='ltr'>quod</span> <span class='ocrx_word' id='word_1_313' title='bbox 1418 3406 1516 3465; x_wconf 83' lang='lat' dir='ltr'>si0‚&#39;</span> <span class='ocrx_word' id='word_1_314' title='bbox 1537 3408 1562 3454; x_wconf 92' lang='lat' dir='ltr'>i.</span> <span class='ocrx_word' id='word_1_315' title='bbox 1575 3423 1615 3455; x_wconf 90' lang='lat' dir='ltr'>e.</span> <span class='ocrx_word' id='word_1_316' title='bbox 1636 3408 1873 3466; x_wconf 88' lang='lat' dir='ltr'>asseritur,</span> <span class='ocrx_word' id='word_1_317' title='bbox 1893 3406 2028 3470; x_wconf 93' lang='lat' dir='ltr'>quod</span> <span class='ocrx_word' id='word_1_318' title='bbox 2051 3406 2325 3469; x_wconf 84' lang='lat' dir='ltr'>quaesitum</span> 
     </span>
     <span class='ocr_line' id='line_1_36' title="bbox 420 3492 2325 3558; baseline 0.002 -20"><span class='ocrx_word' id='word_1_319' title='bbox 420 3500 534 3549; x_wconf 87' lang='lat' dir='ltr'>erat,</span> <span class='ocrx_word' id='word_1_320' title='bbox 562 3494 856 3553; x_wconf 89' lang='lat' dir='ltr'>argumentis</span> <span class='ocrx_word' id='word_1_321' title='bbox 882 3494 1063 3556; x_wconf 86' lang='lat' dir='ltr'>aliquot</span> <span class='ocrx_word' id='word_1_322' title='bbox 1087 3510 1176 3557; x_wconf 93' lang='lat' dir='ltr'>pro</span> <span class='ocrx_word' id='word_1_323' title='bbox 1200 3495 1292 3543; x_wconf 93' lang='lat' dir='ltr'>hac</span> <span class='ocrx_word' id='word_1_324' title='bbox 1316 3503 1450 3558; x_wconf 91' lang='lat' dir='ltr'>parte</span> <span class='ocrx_word' id='word_1_325' title='bbox 1475 3495 1641 3544; x_wconf 89' lang='lat' dir='ltr'>allatis.</span> <span class='ocrx_word' id='word_1_326' title='bbox 1690 3495 1866 3543; x_wconf 90' lang='lat' dir='ltr'>Postea</span> <span class='ocrx_word' id='word_1_327' title='bbox 1891 3495 2100 3543; x_wconf 89' lang='lat' dir='ltr'>rationes</span> <span class='ocrx_word' id='word_1_328' title='bbox 2125 3494 2244 3542; x_wconf 90' lang='lat' dir='ltr'>aliae</span> <span class='ocrx_word' id='word_1_329' title='bbox 2262 3492 2325 3542; x_wconf 90' lang='lat' dir='ltr'>ad</span> 
     </span>
     <span class='ocr_line' id='line_1_37' title="bbox 419 3579 2324 3647; baseline 0.002 -21"><span class='ocrx_word' id='word_1_330' title='bbox 419 3579 753 3642; x_wconf 88' lang='lat' dir='ltr'>quaestionem</span> <span class='ocrx_word' id='word_1_331' title='bbox 801 3582 1075 3643; x_wconf 89' lang='lat' dir='ltr'>negandam</span> <span class='ocrx_word' id='word_1_332' title='bbox 1123 3583 1384 3632; x_wconf 85' lang='lat' dir='ltr'>afferuntur</span> <span class='ocrx_word' id='word_1_333' title='bbox 1432 3591 1583 3646; x_wconf 91' lang='lat' dir='ltr'>atque·</span> <span class='ocrx_word' id='word_1_334' title='bbox 1621 3583 1931 3647; x_wconf 82' lang='lat' dir='ltr'>explicantur.</span> <span class='ocrx_word' id='word_1_335' title='bbox 2002 3581 2324 3639; x_wconf 83' lang='lat' dir='ltr'>Postmodum</span> 
     </span>
    </p>

    <p class='ocr_par' dir='ltr' id='par_1_8' title="bbox 2064 3683 2259 3718">
     <span class='ocr_line' id='line_1_38' title="bbox 2064 3683 2259 3718; baseline 0.005 -1"><span class='ocrx_word' id='word_1_336' title='bbox 2064 3683 2259 3718; x_wconf 77' lang='lat' dir='ltr'>WYCLIF</span> 
     </span>
    </p>
   </div>
   <div class='ocr_carea' id='block_1_6' title="bbox 2357 0 2436 553">
    <p class='ocr_par' dir='ltr' id='par_1_9' title="bbox 2357 0 2436 553">
     <span class='ocr_line' id='line_1_39' title="bbox 2357 0 2436 553; baseline 0 3541"><span class='ocrx_word' id='word_1_337' title='bbox 2357 0 2436 553; x_wconf 95' lang='lat' dir='ltr'> </span> 
     </span>
    </p>
   </div>
  </div>
 </body>
</html>
