2436 4094
426 378 494 431 30
998 360 1747 412 PROLEGOMENA.

424 498 698 561 complures
744 499 811 546 ob
859 512 1027 545 causas
1068 496 1383 561 nequivimus.
1456 494 1671 543 Primum
1720 493 1913 543 codices
1958 495 2034 543 isti
2082 495 2132 543 in
2171 491 2327 544 verbis

422 586 684 634 scribendis
708 586 837 634 haud
870 587 1099 648 exiguum
1132 585 1255 631 inter
1278 599 1330 631 se
1355 583 1591 632 differunt.
1661 583 1854 632 Deinde
1886 599 1950 632 ne
1979 599 2106 632 unus
2130 583 2328 647 quidem
2396 590 2404 598 ⁸

420 674 470 721 in
497 675 754 736 scriptione
789 675 878 721 sibi
901 674 992 735 ipsi
1022 680 1222 720 constat.
1292 671 1478 719 Verum
1510 688 1539 720 a
1571 672 1830 734 scriptione
1863 671 2088 720 codicum
2123 673 2327 721 istorum

420 764 621 810 omnino
658 761 879 810 recedere
917 769 1057 823 atque
1094 775 1203 808 earn
1239 760 1478 808 scribendi
1512 761 1750 808 rationem
1786 760 1935 822 sequi,
1961 774 2086 823 quae
2117 775 2205 823 per
2228 760 2326 808 du'o

419 851 640 913 proxima
681 850 842 898 secula
888 850 939 896 in
987 849 1334 897 consuetudine
1382 849 1535 908 fuerit,
1584 849 1758 898 arbitrii
1811 850 1973 911 potius
2021 864 2169 912 quam
2214 848 2327 896 fidei

418 939 672 987 historicae
707 953 816 986 esse
853 937 1126 986 dixerimus.
1198 937 1425 1000 Namque
1460 938 1690 987 librorum
1725 938 1887 986 seculo
1917 937 2054 985 XIV.
2079 935 2326 1000 composi-

417 1036 576 1074 torum
624 1027 765 1075 aliam
804 1042 911 1074 esse
952 1027 1174 1085 formam,
1223 1027 1368 1074 alium
1416 1029 1655 1075 sermonis
1696 1026 1855 1075 Latini
1903 1026 2132 1084 colorem,
2180 1026 2326 1074 alium

418 1115 623 1176 denique
664 1117 809 1163 verba
856 1115 1096 1163 scribendi
1142 1115 1358 1174 modum,
1402 1131 1549 1178 quam
1596 1131 1800 1178 operum
1847 1115 2011 1163 seculo
2058 1113 2217 1162 XVI.'
2245 1123 2326 1163 aut

417 1203 606 1250 XVIII.
625 1204 1020 1265 compositorum,
1040 1220 1100 1251 ex
1119 1204 1186 1252 rei
1205 1212 1374 1252 natura
1393 1205 1616 1267 sequitur.
1667 1204 1952 1252 Praesertim
1971 1219 2084 1251 cum
2099 1199 2326 1251 homines

417 1292 564 1339 seculi
589 1292 723 1339 XIV.
751 1291 1048 1339 Graecarum
1081 1293 1324 1340 literarum
1356 1293 1641 1356 plerumque
1674 1301 1897 1355 expertes
1929 1299 2106 1350 essent,
2139 1291 2208 1340 rei
2231 1292 2324 1354 ipsi

416 1388 799 1428 consentaneum
830 1380 1014 1428 videtur
1047 1381 1097 1428 in
1131 1382 1379 1430 vocabulis
1415 1380 1633 1429 Graecae
1669 1381 1868 1443 originis
1904 1380 2170 1430 scribendis
2205 1395 2324 1429 con-

418 1468 720 1516 suetudinem
744 1469 834 1517 illis
869 1469 1116 1518 codicibus
1152 1470 1399 1533 propriam
1430 1478 1479 1518 et
1511 1478 1814 1518 constantem
1847 1470 1997 1533 sequi,
2028 1470 2094 1517 ita
2122 1477 2178 1517 ut
2208 1469 2324 1517 scri-

417 1557 557 1604 batur
577 1557 714 1619 ydea‚
740 1558 969 1619 phisicus,
1006 1559 1302 1620 metaphisici,
1339 1559 1620 1616 anathomia,
1662 1560 1892 1617 armonia,
1928 1555 2131 1605 caribdis·
2167 1555 2324 1621 (char-

418 1643 592 1710 ybdis),
618 1646 863 1704 dzlrcrasza,
898 1647 1094 1694 dzlrcolus
1119 1647 1394 1711 (dyscrasia,
1428 1646 1688 1712 dyscolus),
1721 1647 2079 1711 ethromogenius
2112 1645 2323 1712 (hetero-

418 1731 626 1797 genius),
652 1737 884 1793 martires,
911 1738 1192 1794 martirium,
1229 1744 1399 1784 cetera.
1470 1736 1662 1784 Deinde
1695 1737 1897 1784 nomina
1927 1735 2123 1799 propria
2152 1734 2326 1783 eadem

419 1823 617 1880 ratione,
644 1839 740 1886 qua
763 1825 813 1871 in
837 1825 966 1873 libris
989 1826 1105 1887 ipsis
1136 1827 1338 1888 exprimi
1372 1826 1594 1884 solerent,
1618 1825 1880 1888 repetenda
1903 1840 2009 1874 esse
2033 1822 2325 1883 censuimus,

420 1912 578 1974 itaque
604 1915 771 1961 aetatis
795 1914 984 1961 mediae
1008 1929 1145 1962 more
1170 1916 1475 1978 scripsimus:
1523 1915 1816 1972 Anshelmus,
1846 1913 1994 1977 Cayn,
2019 1913 2327 1962 Possidonius

419 2007 511 2047 etc.
581 1999 803 2063 Denique
833 2002 1017 2050 formae
1049 2003 1289 2065 quaedam
1314 2002 1543 2062 duriores,
1568 2003 1654 2051 sed
1685 2003 1735 2050 in
1759 2002 2013 2051 Latinitate
2045 2002 2191 2050 medii
2222 2002 2326 2051 aevi
2391 1990 2394 1992 .

419 2089 633 2147 usitatae,
658 2090 784 2138 velut
815 2091 1177 2150 abhominabilis,
1211 2092 1493 2151 habundare,
1526 2098 1753 2156 temptare,
1786 2097 2068 2154 contemptus,
2100 2092 2241 2150 aliae,
2262 2091 2326 2140 ad
2346 2119 2356 2128 κ

420 2178 632 2239 speciem
665 2179 831 2226 aetatis
863 2179 985 2227 illius
1016 2179 1470 2242 repraesentandam
1501 2180 1659 2228 facere
1691 2181 1821 2229 visae
1845 2189 1986 2229 sunt..
2039 2180 2180 2228 Illam
2210 2172 2326 2229 vero

420 2265 835 2324 consuetudinem,
862 2282 958 2329 qua
981 2283 1002 2313 e
1023 2267 1134 2315 loco
1166 2267 1329 2315 literae
1363 2284 1434 2326 ae,
1460 2270 1506 2315 ci
1525 2269 1635 2316 loco
1661 2270 1704 2316 tz·
1731 2277 2037 2332 usurpantur,
2062 2268 2324 2317 vocabulo-

420 2369 527 2400 rum
570 2354 753 2403 formae
789 2356 1044 2417 ambiguae
1080 2356 1213 2414 fiunt,
1240 2356 1487 2404 vitandum
1525 2358 1816 2415 censuimus,
1852 2372 1944 2405 nec
1986 2356 2324 2412 scribendum:

420 2445 432 2466 ‘
449 2451 722 2490 mercantur
769 2459 880 2491 curn
926 2446 1144 2506 empcione
1183 2448 1309 2493 uenie
1353 2451 1396 2493 el
1438 2447 1649 2493 delecione
1693 2447 1903 2509 peccati'
1948 2447 2064 2505 (ΙΙΙ.
2110 2448 2160 2508 7)
2203 2444 2323 2495 ned:

419 2533 430 2554 ‘
448 2530 619 2578 Homo
654 2539 706 2578 ut
742 2531 829 2579 fuit
863 2534 1180 2595 propinquior
1213 2551 1293 2581 sue
1321 2535 1602 2599 perficczbni
1625 2537 1847 2598 primate,
1885 2534 1971 2584 fuit
2005 2536 2240 2599 longeuior
2271 2533 2324 2583 in

418 2634 638 2681 corpore,
643 2620 837 2682 sbrcior
859 2629 907 2668 et
930 2621 1170 2670 decencior’
1197 2621 1311 2687 (III.
1342 2622 1439 2687 24).
1494 2634 1507 2640 ’

489 2709 586 2756 Sed
627 2710 741 2758 satis
778 2710 838 2757 de
875 2711 948 2759 his
983 2713 1127 2760 rebus
1163 2713 1513 2762 minutioribus.
1582 2713 1807 2777 Denique
1842 2724 2093 2777 speramus
2127 2712 2231 2761 fore
2268 2720 2323 2762 ut

417 2798 623 2845 veritatis
671 2799 870 2846 studiosi
913 2800 1200 2863 Trialogum
1247 2802 1331 2849 viri
1373 2803 1555 2865 egregii
1601 2811 1769 2851 nostra
1815 2818 1965 2866 opera
2010 2803 2326 2851 emendatum

419 2886 602 2935 facilius
627 2896 672 2935 et
696 2888 934 2937 lubentius
960 2898 1315 2952 perscrutentur
1339 2899 1480 2956 atque
1505 2893 1733 2956 aequiore
1759 2892 1923 2939 animo
1948 2891 2223 2954 dijudicent.
2286 2890 2291 2915 ²

1336 3173 1415 3231 V.

921 3342 1020 3402 De
1051 3342 1476 3423 Supplemenlo
1516 3343 1578 3401 T
1571 3342 1810 3421 rzalogi.

485 3505 737 3554 Postremo
774 3508 833 3556 de
872 3509 1219 3572 Supplemento
1256 3511 1488 3573 Trialogi‚
1531 3510 1609 3559 hic
1650 3511 1858 3574 primum
1898 3509 2024 3573 typis
2059 3511 2315 3575 exscripto.‚

417 3595 647 3644 nonnulla
671 3598 971 3646 observanda
996 3608 1118 3647 sunt.
