2456 4088
369 450 470 501 226

557 3558 562 3660 l

1037 447 1459 512 JOANNIS
1529 450 1886 501 WIC'LIfi'>
2186 470 2349 499 LIB.111.

519 605 524 608 λ
604 584 808 631 inaniter
832 584 1022 644 evagari
1046 584 1173 631 circa
1197 583 1395 640 fictitias,
1421 598 1541 645 quas
1566 584 1810 631 nescimus
1834 585 2039 646 probare
2064 598 2170 632 esse
2195 583 2351 646 possi-

603 664 722 711 biles
759 664 832 711 vel
869 680 951 712 eas
990 673 1072 712 aut
1112 680 1278 712 earum
1314 665 1507 714 notitias
1549 680 1695 728 posse
1737 665 1923 713 homini
1956 665 2203 728 prodesse,
2239 679 2353 713 cum

603 745 780 792 multae
816 746 1035 793 veritates
1070 747 1251 794 solidae
1288 754 1334 794 et
1369 746 1507 794 utiles
1543 747 1708 809 jacent
1747 747 2026 795 hominibus
2065 746 2353 795 occultatae.

604 826 724 873 Ideo
761 827 959 888 quando
995 828 1191 890 ponitur
1215 829 1348 890 quod
1371 828 1506 876 Deus
1543 829 1745 876 dimittat
1779 837 2002 877 naturam
2037 835 2352 891 assumptam,

603 916 650 955 et
675 909 743 956 sic
769 910 828 957 de
855 910 956 958 aliis
982 911 1172 958 casibus
1197 910 1407 958 fundatis
1431 911 1635 958 inaniter
1659 926 1719 958 ex
1744 910 1835 958 hac
1867 911 2028 958 radice
2052 908 2352 972 impossibili,

603 991 904 1038 excutiantur
927 999 975 1039 et
1001 1000 1387 1049 contemnantur,
1415 992 1507 1039 nisi
1531 1007 1701 1040 eorum
1730 992 2020 1055 possibilitas
2051 992 2110 1040 sit
2133 991 2349 1055 probata.

601 1071 737 1120 Deus
773 1073 902 1120 enim
935 1088 1040 1120 non
1074 1081 1234 1135 potest
1268 1081 1453 1121 tantam
1489 1074 1878 1135 ingratitudinem
1916 1073 2216 1121 committere
2245 1072 2351 1120 sine

602 1169 749 1202 causa
788 1155 988 1216 peccati,
1025 1155 1158 1202 illum
1196 1155 1413 1217 spiritum
1452 1163 1666 1203 creatum
1702 1153 2002 1212 dimittendo,
2041 1169 2153 1202 cum
2194 1159 2350 1201 stante

600 1237 930 1298 assumptione
955 1251 1056 1284 non
1081 1243 1154 1284 est
1183 1236 1525 1298 compossibile
1558 1237 1691 1299 quod
1716 1238 1782 1284 sic
1814 1244 1998 1299 peccet,
2023 1244 2070 1284 et
2103 1235 2352 1283 desinente

600 1317 929 1379 assumptione
954 1317 1033 1364 illa
1050 1317 1364 1380 praecederet
1387 1319 1674 1376 naturaliter,
1695 1326 1954 1381 antequam
1972 1318 2032 1366 sit
2055 1316 2348 1380 possibilitas

600 1399 663 1446 ad
697 1399 1017 1461 peccandum.
1087 1399 1150 1447 Et
1186 1400 1254 1447 sic
1290 1400 1340 1446 in
1375 1400 1534 1448 triduo
1560 1399 1780 1449 Christus
1814 1399 1902 1448 fuit
1935 1400 2086 1448 homo
2110 1399 2243 1447 vivus
2277 1397 2350 1447 et¹

599 1488 832 1538 mortuuS,
859 1489 906 1529 et
942 1482 1211 1529 secundum
1247 1480 1458 1530 diversas
1495 1490 1690 1530 naturas
1727 1482 1902 1531 destitit
1926 1497 1955 1530 a
1987 1497 2039 1530 se
2074 1481 2183 1545 ipso
2198 1495 2211 1540 3
2261 1478 2350 1528 sed

599 1562 767 1610 Deitas
791 1563 1067 1610 necessario
1093 1562 1230 1611 infuit
1253 1563 1443 1626 utrique
1467 1571 1680 1612 naturae.

1192 1928 1194 1930 ’
1254 1953 1690 2003 CAP.xxan

1067 2082 1143 2130 De
1165 2085 1328 2142 unione
1350 2086 1533 2132 animae
1556 2100 1656 2132 cum
1681 2093 1876 2147 corpore.

664 2211 865 2260 Alz'tlzz‘a.
938 2212 1079 2260 Bona
1102 2213 1249 2261 infers
1272 2213 1464 2261 auribus
1483 2214 1605 2261 meis
1630 2222 1677 2262 et
1700 2213 1862 2262 multis
1881 2213 2175 2276 incredibilia
2188 2230 2201 2274 ;
2239 2214 2348 2278 quis

596 2293 726 2339 enim
759 2293 986 2351 crederet,
1013 2293 1147 2356 quod
1180 2295 1342 2342 anima
1373 2294 1590 2342 humana
1621 2310 1723 2342 non
1753 2295 1813 2343 sit
1836 2311 1949 2358 pars
1978 2295 2224 2357 hominis?
2264 2302 2349 2348 aut

596 2374 729 2435 quod
748 2374 883 2422 Deus
903 2373 966 2422 ad
984 2382 1171 2422 tantum
1189 2375 1492 2423 illibertatur²
1511 2375 1572 2423 ad
1591 2377 1940 2424 assumendum
1962 2377 2095 2425 illam
2116 2378 2346 2437 animam,

595 2455 711 2516 quin
736 2471 822 2517 per
845 2455 974 2502 idem
1010 2465 1177 2518 posset
1212 2472 1456 2504 assumere
1494 2473 1833 2520 quamcunque
1869 2459 2025 2517 aliam,
2052 2474 2165 2507 cum
2198 2458 2349 2508 libere

595 2537 963 2584 contradictorie
987 2538 1117 2584 illam
1142 2539 1433 2600 assumpsit?
1492 2538 1696 2586 Videtur
1719 2554 1836 2602 ergo
1861 2539 2036 2598 multis,
2062 2539 2196 2602 quod
2218 2540 2346 2589 blas-

593 2617 770 2678 pheme
796 2619 1036 2680 extinguis
1062 2619 1367 2667 subtilitatem
1393 2619 1588 2671 scholae
1625 2628 1672 2668 et
1696 2620 1893 2668 dimittis
1928 2621 2208 2670 subtilitates
2233 2622 2346 2670 soli-

567 2699 679 2747 ·das
715 2701 918 2747 omnino
954 2701 1171 2759 intactas,
1196 2701 1274 2748 ut3
1310 2701 1350 2748 si
1385 2703 1627 2763 praecise4
1659 2702 1992 2750 salvabuntur⁵
2023 2710 2095 2750 tot
2120 2702 2346 2752 homines

591 2788 711 2843 quot
736 2796 796 2828 ex
821 2789 1024 2842 peccato
1049 2782 1100 2828 in
1127 2781 1355 2844 Spiritum
1382 2782 1612 2830 Sanctum
1637 2783 1840 2831 finaliter
1866 2783 2236 2832 damnabuntur.

658 2861 928 2910 Phronesz's.
1002 2862 1273 2911 Considero
1309 2865 1443 2927 quod
1477 2866 1528 2913 in
1562 2865 1724 2912 multis
1760 2871 1990 2913 extraneo
2027 2881 2056 2913 a
2078 2865 2341 2924 modernis,

590 2944 678 2992 sed
719 2959 831 2993 cum
871 2944 1032 2992 multis
1071 2945 1249 2993 sanctis
1285 2945 1505 3007 antiquis,
1542 2954 1589 2993 et
1625 2945 1888 3007 specialiter
1922 2945 2190 3008 Augustino
2223 2961 2342 2994 con-

589 3026 744 3073 venio.
814 3025 877 3072 Et
912 3034 1145 3088 quantum
1181 3026 1244 3074 ad
1267 3028 1480 3086 primum
1516 3025 1576 3073 de
1612 3028 1774 3073 unione
1806 3027 1988 3073 animae
2018 3042 2120 3073 cum
2143 3035 2342 3088 corpore,

589 3115 773 3154 certum
799 3116 871 3154 est
896 3107 1030 3169 quod
1052 3106 1318 3154 Arestoteles
1341 3115 1452 3154 ante
1476 3107 1858 3154 incarnationem
1880 3115 1925 3154 et
1955 3107 2032 3154 alii
2064 3107 2344 3172 philosophi

588 3188 792 3236 multum
816 3189 942 3236 circa
975 3190 1116 3236 istam
1147 3189 1398 3236 materiam
1430 3188 1719 3245 dubitarunt,
1746 3188 2000 3250 quomodo
2023 3189 2245 3239 videlicet
2276 3206 2336 3240 ex

589 3270 750 3317 anima
774 3270 874 3316 vel⁶
899 3270 1066 3332 spiritu
1090 3270 1171 3316 tali
1196 3285 1283 3332 per
1307 3285 1359 3317 se
1382 3269 1599 3331 possibili
1619 3277 1666 3317 et
1691 3284 1895 3332 corpore
1919 3270 2154 3332 organico
2179 3281 2340 3334 potest

642 3432 655 3454 ¹
685 3431 744 3483 et]
766 3437 806 3471 et
825 3431 969 3478 homo,
990 3433 1146 3473 A.B.C.
1167 3433 1230 3473 ed.
1250 3446 1313 3485 pr.
1532 3433 1548 3456 ²
1575 3433 1838 3486 illibertatur]
1859 3433 2159 3479 illibertaretur‚
2180 3435 2336 3477 A.C.B.

588 3486 788 3525 secundae
807 3499 965 3526 manus.
1127 3487 1143 3510 ³
1170 3487 1236 3539 ut]
1258 3488 1379 3534 et,C.
1401 3488 1600 3528 secundae
1619 3501 1776 3534 manus,
1797 3489 1859 3528 ed.
1879 3501 1940 3540 pr.
1972 3491 1988 3497 ²
2089 3488 2104 3511 ⁴
2132 3491 2334 3543 praecise]

589 3551 700 3590 pure,
720 3540 875 3580 A.B.C.
896 3541 1050 3592 primae
1070 3554 1227 3581 manus.
1390 3542 1405 3565 ⁵
1434 3542 1717 3595 salvabuntur]
1739 3542 1959 3587 salvantur,
1981 3542 2026 3581 Β.
2205 3544 2221 3567 ⁶
2249 3544 2335 3597 vel]

590 3597 642 3636 et,
663 3593 724 3636 C„
742 3593 788 3632 B.
810 3595 1010 3634 secundae
1029 3608 1185 3635 manus.
