2462 4114
302 2831 421 2866 Religio
434 2839 450 2859 c

298 2866 358 2894 lica
371 2873 390 2893 a
402 2866 524 2894 Christo

453 2832 537 2859 atho-

1059 407 1487 472 JOANNIS
1546 408 1893 460 WICLIF
2203 427 2358 456 mam.

608 542 774 590 fratres
804 541 1160 604 praedicatores
1193 542 1381 590 fuerant
1414 543 1686 591 introducti.
1762 542 1858 591 Sed
1882 549 2052 605 quarta
2075 549 2207 590 secta
2233 540 2360 590 Car-

606 623 866 671 melz‘tarum
912 624 1104 671 intuens
1151 624 1280 671 illam
1328 624 1575 672 fictionem
1623 623 1977 687 superaddidit1
2025 622 2360 682 mendaciter²,

606 704 738 767 quod
774 712 884 752 ante
920 705 1304 757 incarnationem
1329 705 1530 753 Domini
1566 706 1655 753 sub
1681 704 1826 753 Helia
1846 706 1910 752 'in
1946 712 2113 752 monte
2151 703 2362 752 Carmeli

605 787 655 833 in
689 786 928 834 honorem
965 786 1134 834 beatae
1169 787 1391 849 virginis³
1428 787 1523 835 sint
1558 786 1760 834 fundati.
1833 786 1929 834 Sed
1971 801 2085 834 cum
2118 785 2212 851 ista
2252 793 2363 834 sunt

604 869 714 916 ficta
755 868 1025 926 mendacia,
1062 868 1184 917 sicut
1221 869 1378 918 forma
1413 877 1462 918 et
1497 869 1631 918 color
1666 869 1739 917 sui
1779 868 1984 926 habitus,
2021 863 2178 932 patet⁴
2213 881 2362 930 quam

606 949 798 1011 spissim
822 956 870 997 et
893 964 1103 998 onerose
1132 959 1396 1013 sequuntur
1427 960 1614 1014 patrem
1647 950 1901 1008 mendacii,
1927 950 1996 998 sic
2021 947 2181 1012 quod⁵
2205 948 2363 1012 quod-

603 1031 716 1078 libet
750 1030 886 1078 filum
922 1031 995 1079 sui
1029 1030 1219 1080 habitus
1243 1040 1402 1095 portat
1437 1033 1761 1091 mendacium,
1785 1039 1832 1079 et
1856 1031 1968 1079 hinc
2003 1037 2192 1094 praeter
2225 1043 2364 1077 men-

605 1111 743 1159 dacia
765 1112 890 1160 vitae
923 1120 971 1160 et
1001 1113 1161 1175 operis
1186 1114 1236 1160 in
1260 1114 1357 1162 suis
1389 1114 1575 1176 signis⁶‚
1602 1128 1727 1177 quae
1752 1113 1842 1161 sibi
1865 1113 2130 1170 instituunt,
2155 1111 2363 1160 miscent
2448 1112 2456 1114 ’

603 1201 835 1255 tanquam
881 1193 1161 1256 hypocritae
1208 1195 1464 1244 mendacia
1510 1196 1583 1243 sui
1638 1195 1747 1243 oris.
1841 1192 1905 1241 Et
1951 1195 2074 1242 istos
2117 1199 2366 1256 apostatas

603 1274 788 1322 videtur
822 1273 1056 1324 Salomon
1089 1275 1365 1324 describere>
1392 1276 1619 1324 Proverb.
1645 1276 1720 1330 vi.‚
1747 1275 1865 1324 dum
1897 1275 1964 1323 sic
1997 1274 2137 1334 dicit;
2165 1277 2179 1300 ‘
2209 1272 2364 1322 homo

605 1364 836 1417 apostata,
874 1356 944 1402 vir
976 1356 1168 1415 inutilis,
1204 1358 1419 1420 graditur
1454 1372 1537 1405 ore
1573 1371 1816 1419 perverso,
1853 1355 2020 1404 annuit
2054 1354 2227 1413 oculis,
2258 1354 2366 1403 terit

605 1436 745 1498 pede,
774 1437 924 1500 digito
961 1437 1184 1501 loquitur,
1219 1453 1367 1502 pravo
1404 1438 1549 1486 corde
1585 1438 1887 1486 machinatur
1921 1437 2124 1495 malum,
2144 1443 2195 1484 et
2229 1436 2366 1484 omni

605 1526 824 1580 tempore
861 1519 1022 1581 jurgia
1063 1519 1297 1578 seminat,'
1339 1529 1392 1569 ut
1440 1520 1556 1568 alias
1604 1519 1922 1583 particulatim
1963 1519 2184 1582 exposui.
2270 1517 2370 1566 Alii*

607 1608 768 1647 autem
803 1600 1020 1649 videntes
1055 1601 1271 1650 habenas
1306 1602 1548 1650 mendacii
1584 1602 1654 1650 sic
1687 1601 1871 1650 laxatas
1905 1600 2111 1664 fingunt,
2133 1598 2283 1663 *quod
2315 1599 2366 1647 in

612 1680 758 1743 qum
790 1681 981 1730 fuerunt
1016 1682 1135 1730 istae
1169 1691 1327 1731 sectae
1361 1691 1586 1746 quattuor
1617 1682 1888 1742 inchoatae,
1913 1690 1963 1731 et
1995 1682 2063 1731 sic
2086 1696 2183 1730 vox
2213 1681 2367 1730 fratris

609 1764 681 1811 sui
721 1763 859 1821 Abel,
909 1762 971 1811 ad
1019 1764 1327 1826 figurandum
1375 1764 1550 1812 horum
1596 1763 1797 1813 fratrum
1843 1764 2090 1822 malitiam,
2137 1762 2200 1812 de
2245 1770 2369 1811 terra

609 1844 830 1892 clamavit
865 1844 928 1892 ad
962 1844 1270 1893 Dominum⁷.
1341 1845 1404 1893 Et
1441 1846 1490 1893 in
1524 1846 1856 1894 testimonium
1890 1846 2107 1904 istorum,
2143 1852 2370 1909 quattuor

609 1926 770 1973 literae
804 1925 947 1988 hujus
982 1926 1195 1974 nominis
1225 1925 1360 1975 Caim
1395 1927 1628 1975 inchoant
1661 1927 1753 1975 hos
1789 1935 2015 1990 quattuor
2048 1927 2258 1993 ordines,
2295 1941 2375 1975 se·-

612 2007 825 2054 cundum
858 2006 1080 2055 ordinem
1111 2008 1358 2069 temporis,
1385 2023 1482 2070 quo
1517 2008 1763 2071 finguntur
1794 2023 1824 2056 a
1854 2008 2076 2056 fratribus
2111 2008 2367 2070 incepisse,

609 2089 675 2135 ita
722 2087 855 2149 quod
902 2087 959 2137 C.
1008 2087 1291 2136 Carmelitas
1300 2088 1332 2147 ⁸,
1381 2089 1441 2137 A.
1491 2089 1890 2152 Augustinenses,
1937 2088 1981 2153 J.
2027 2088 2274 2153 Jacobitas
2319 2096 2369 2137 et

611 2167 681 2215 M.
707 2168 929 2218 Minores
959 2170 1209 2232 significat,
1239 2171 1507 2219 secundum
1538 2171 1762 2219 ordinem
1794 2171 2035 2233 temporis
2051 2185 2199 2233 quem
2229 2185 2375 2217 men--

611 2250 790 2298 daciter
832 2251 921 2298 sibi
963 2251 1164 2313 fingunt.
1254 2251 1351 2300 Sed
1392 2252 1705 2314 aggregando
1748 2267 1859 2300 suas
1898 2251 2136 2314 nequitias
2181 2251 2371 2299 videtur

610 2331 740 2390 mihi,
778 2332 911 2393 quod
952 2332 1062 2380 licet
1106 2332 1398 2395 originaliter
1433 2334 1483 2381 in
1520 2333 1662 2382 Caim
1696 2333 1992 2396 inceperant,
2027 2332 2218 2381 tamen⁹
2253 2339 2369 2396 post·

612 2413 903 2460 solutionem
938 2412 1178 2461 Sathanae
1204 2421 1251 2461 et
1284 2429 1371 2476 per
1406 2414 1510 2477 ejus
1544 2414 1781 2462 cautelam
1813 2414 1903 2463 sub
1927 2414 2083 2477 figura
2106 2413 2374 2463 sanctitatis·

611 2493 687 2541 isti
712 2493 991 2556 hypocritae
1017 2502 1129 2543 sunt
1153 2495 1356 2543 excussi.

681 2574 777 2622 Sed
821 2576 934 2637 quia
973 2575 1125 2624 homo
1166 2584 1334 2639 posset
1373 2576 1423 2623 in
1458 2576 1700 2624 infinitum
1741 2576 1837 2625 labi
1876 2577 1927 2625 in
1967 2578 2068 2626 istis
2103 2577 2371 2627 mendaciis

611 2657 857 2716 fabulosiS‚
884 2657 995 2706 ideo
1028 2658 1280 2721 supposita
1311 2657 1485 2706 harum
1518 2666 1756 2707 sectarum
1788 2659 2054 2719 existentia,
2077 2659 2229 2708 multa
2251 2674 2375 2708 con-

612 2739 857 2786 cernentia
881 2745 1058 2787 statum
1083 2739 1328 2788 militantis
1353 2740 1586 2788 ecclesiae
1611 2748 1723 2788 sunt
1745 2740 1976 2789 notanda.
2043 2740 2214 2789 Primo
2237 2741 2370 2804 quod

611 2819 734 2868 ordo
780 2820 855 2868 vel
896 2821 1064 2883 religio
1113 2821 1366 2879 catholica,
1414 2820 1608 2884 quam¹⁰
1654 2820 1875 2870 Christus
1918 2821 2134 2881 instituit,
2182 2817 2371 2871 excellit

613 2916 786 2950 omnes
811 2903 927 2951 istos
951 2902 1163 2965 privatos
1194 2902 1390 2951 ordines
1423 2902 1790 2966 quodammodo
1822 2903 2034 2963 infinite;
2083 2904 2204 2951 sicut
2237 2903 2369 2951 enim

611 2990 845 3045 patronus
871 2983 934 3032 ad
965 2991 1238 3046 patronum,
1266 2985 1334 3031 sic
1363 2984 1486 3032 ordo
1519 2983 1582 3032 ad
1614 2984 1835 3032 ordinem
1847 3000 1860 3045 ;
1900 2983 1988 3032 sed
2011 2983 2233 3032 Christus
2261 2991 2370 3048 pat-

613 3079 763 3114 ronus
788 3073 953 3113 noster
977 3065 1215 3113 infinitum
1223 3063 1259 3091 ¹²
1288 3064 1478 3113 excedit
1510 3056 1745 3128 patronos
1777 3063 1952 3113 horum
1983 3064 2223 3123 ordinum,
2247 3080 2368 3128 ergo

668 3213 682 3236 ¹
711 3212 1007 3266 superaddidit]
1029 3213 1275 3266 superaddit,
1296 3215 1349 3254 A.
1354 3214 1402 3254 C.
1422 3214 1484 3254 ed
1506 3227 1567 3267 pr.
1878 3213 1894 3236 ²
1919 3213 2189 3276 mendaciter]
2211 3226 2292 3254 om.
2312 3214 2366 3253 A.

613 3265 628 3288 ³
655 3265 698 3305 in
730 3267 930 3308 honorem
961 3269 1107 3308 beatae
1137 3268 1325 3321 virginis]
1360 3268 1402 3308 in
1440 3268 1597 3308 honore
1629 3268 1774 3309 beatae
1807 3267 1966 3309 Mariae
1999 3268 2177 3330 virginis,
2210 3268 2264 3307 A.
2267 3268 2314 3307 B.
2318 3268 2366 3308 C.

614 3320 681 3360 ed.
698 3333 759 3372 pr.
924 3320 1100 3399 ⁴patet]
1122 3335 1195 3384 per
1216 3322 1465 3385 (perquam),
1485 3322 1538 3362 A.
1542 3323 1587 3362 B.
1592 3323 1640 3363 C.
1791 3321 1807 3346 ⁵
1835 3322 1893 3362 sie
1912 3322 2043 3374 quod]
2063 3328 2105 3362 et
2124 3322 2195 3369 sic,
2211 3322 2264 3362 A.
2267 3321 2314 3361 B.
2317 3322 2366 3363 C.

615 3374 677 3413 ed.
709 3387 769 3426 pr.
1030 3375 1157 3416 ⁶suis
1188 3377 1334 3429 signis]
1370 3376 1508 3429 signis,
1543 3377 1595 3416 A.
1599 3377 1645 3415 B.
1649 3377 1724 3422 C.;
1767 3376 1851 3416 suis
1884 3375 2176 3428 significantiis,
2207 3375 2272 3416 ed.
2303 3388 2366 3428 pr.

613 3426 629 3448 ⁷
658 3428 905 3482 Dominum]
928 3430 1077 3477 Deum,
1099 3431 1150 3470 A.
1153 3430 1200 3471 B.
1206 3431 1254 3472 C.
1455 3431 1471 3454 ⁸
1499 3430 1760 3482 Camelitas]
1779 3430 2023 3472 Carmelitas
2042 3429 2201 3482 figuret,
2220 3429 2283 3470 ed.
2304 3442 2366 3482 pr..

615 3479 630 3503 ⁹
644 3482 815 3541 tamen]
837 3496 942 3530 cum,
963 3485 1026 3525 ed
1047 3498 1107 3537 pr.
1294 3485 1326 3508 ¹⁰
1352 3484 1494 3537 quam]
1516 3497 1649 3537 quem,
1670 3484 1722 3524 A.
1914 3484 1946 3509 ¹¹
1972 3483 2229 3537 infinitum]
2217 3496 2259 3524 m
2277 3482 2366 3523 infi-

614 3533 756 3582 nitum,
776 3537 838 3576 ed.
859 3550 918 3589 pr.
