2424 4120
58 415 217 456 :mm
285 366 1099 448 SUPPLEMENTUM
1146 397 1646 448 TRJALOGJ.

52 536 60 547 ”
83 532 394 591 arundinem,
417 539 467 581 et
489 532 765 581 necessario
800 532 1002 580 concavi
1035 539 1146 580 sunt
1178 532 1335 595 magis
1359 531 1497 580 vacui
1529 547 1559 580 a
1590 530 1844 580 stabilitate

31 611 61 651 '.
83 613 270 665 ordinis
292 612 569 662 Christiani.

45 687 50 764 J
157 693 513 755 Quartadccima
538 693 753 743 conditio
778 695 987 744 caritatis
1022 702 1109 752 est,
1135 695 1270 757 quod
1304 696 1458 743 omnia
1486 699 1644 757 sperat
1672 692 1844 742 cedere

46 775 148 828 ”ead
185 776 406 826 salutem.
491 775 591 824 Sed
631 776 673 824 si
714 775 884 824 fratres
922 776 985 824 de
1019 776 1228 824 veritatis
1265 777 1531 825 catholicae
1573 776 1844 824 detectione

50 902 57 920 =.
80 873 226 911 suum
266 857 578 921 dispendium
620 857 936 920 suspicantur,
978 865 1027 905 et
1067 857 1176 920 plus
1218 873 1367 920 quam
1407 859 1741 906 reductionem
1784 857 1847 905 ad

44 997 48 1002 Ἴ
81 939 306 1008 ordinem
329 937 508 987 Christi
531 938 582 986 in
606 953 694 986 sua
726 938 932 987 ecclesia
963 938 1246 998 renituntur,
1271 940 1524 1002 quomodo
1558 946 1755 1003 sperant
1780 939 1840 987 de

76 1034 173 1071 mo
194 1011 354 1070 stabili
375 1019 732 1068 fundamento?

47 1158 55 1171 J
152 1100 500 1162 Quintadecima
532 1101 749 1150 conditio
781 1101 991 1150 caritatis
1023 1109 1110 1160 est,
1143 1101 1279 1164 quod
1313 1103 1468 1149 omnia
1501 1101 1847 1151 delectabiliter

43 1177 53 1214 1
76 1184 282 1243 mizael,
307 1184 553 1247 sperando
584 1199 646 1233 ex
678 1183 775 1232 fide
807 1182 952 1232 finale
976 1183 1071 1232 Dei
1105 1184 1399 1247 adjutorium
1438 1183 1678 1232 advenire.
1750 1182 1850 1231 Sed

62 1265 121 1317 Δ’ιί
143 1265 312 1315 fratres
326 1272 564 1328 tanquam
586 1264 756 1314 furiosi
780 1265 1129 1314 circumvolant
1147 1281 1238 1328 pro
1259 1265 1542 1315 defensione
1568 1267 1642 1314 sui
1665 1265 1848 1314 ordinis

71 1360 168 1412 ‘per
198 1354 480 1398 commenta
511 1346 769 1406 mendacii,
794 1347 1047 1410 quomodo
1081 1347 1383 1396 manifestius
1415 1347 1685 1396 indicarent
1716 1347 1848 1394 infir-

45 1454 50 1474 -,
80 1427 299 1493 mitatem
339 1435 492 1478 status
531 1428 772 1488 diabolici,
809 1418 866 1476 *in
906 1444 1007 1493 quo
1047 1438 1282 1492 tanquam
1324 1429 1573 1478 instabiles
1614 1429 1719 1492 ejus
1766 1429 1849 1476 filii

6 1574 9 1578 .
47 1543 49 1545 >
78 1511 425 1575 perseverant?

48 1611 50 1615 ’
97 1639 100 1642 ,
157 1590 333 1640 Ultinuz
379 1592 596 1642 conditio
643 1594 853 1642 caritatis
899 1601 988 1652 est,
1031 1593 1168 1656 quod
1213 1608 1450 1655 nunquam
1499 1592 1692 1652 excidit,
1734 1606 1849 1640 cum

82 1681 248 1723 manet
269 1682 372 1743 tam
403 1674 456 1722 in
477 1674 555 1722 via
587 1689 738 1737 quam
769 1675 821 1722 in
852 1675 1019 1738 patria.
1093 1674 1191 1723 Sed
1223 1676 1262 1722 si
1295 1682 1446 1723 status
1478 1663 1678 1734 fratrum
1701 1674 1849 1722 hodie

36 1748 47 1765 ²
82 1755 374 1819 originatur²
397 1770 486 1820 per
503 1763 783 1804 commenta
806 1756 1049 1804 mendacii
1072 1764 1120 1804 et
1143 1771 1250 1804 cras
1274 1757 1326 1803 in
1349 1756 1600 1804 clibanum
1622 1756 1850 1803 mittitur²

34 1871 37 1891 2
83 1850 336 1901 nunquam
370 1837 567 1887 ulterius
604 1836 858 1886 duraturus
867 1837 898 1896 ⁸,
935 1838 1044 1900 quis
1085 1845 1235 1886 status
1276 1839 1360 1900 qui
1393 1853 1551 1900 usque
1588 1837 1652 1885 ad
1692 1838 1848 1885 nubes

37 1919 39 1923 ’
82 1926 272 1975 tantum
310 1918 590 1977 extollitur⁴‚
633 1926 707 1967 est
747 1919 905 1981 magis
945 1920 1201 1982 oppositus
1242 1920 1459 1967 caritati?
1535 1919 1599 1966 Et
1646 1919 1850 1966 breviter

29 2010 46 2051 ,ἱ
84 2000 246 2051 cuncti
285 2008 554 2051 conventus
593 2000 763 2063 privati
799 2001 875 2048 vel
915 2009 1067 2050 status
1109 2008 1192 2050 aut
1225 2002 1357 2060 rituS‚
1394 2001 1477 2064 qui
1515 2016 1618 2048 non
1654 2009 1766 2048 sunt
1801 2001 1851 2048 in

15 2116 24 2122 <
84 2080 264 2138 Christi
295 2081 484 2147 legibus
519 2070 942 2142 stabiliti,'inutiles
976 2091 1088 2132 sunt
1124 2091 1172 2131 et
1204 2083 1329 2131 vani.
1399 2082 1463 2130 Et
1493 2083 1560 2130 ita
1594 2081 1852 2145 inspectis⁵

31 2171 44 2231 J
84 2163 294 2229 caritatis
316 2164 569 2214 ordinibus
593 2164 754 2213 nullus
779 2173 930 2213 status
953 2165 1142 2214 mundo
1160 2174 1261 2214 tam
1285 2165 1488 2213 celebris
1510 2165 1667 2228 magis
1691 2177 1852 2227 oppo-

41 2282 43 2287 .
83 2244 213 2299 nimr‘
242 2246 428 2297 caritati
463 2261 615 2310 quam
650 2254 801 2296 status
836 2247 1037 2295 fratrum
1073 2247 1344 2296 secundum
1379 2247 1589 2295 formam
1612 2246 1687 2295 vel
1722 2245 1850 2294 ordi-

84 2342 216 2389 nem,
239 2343 340 2392 quo
368 2328 513 2376 currit
544 2328 692 2376 hodie
725 2329 1047 2377 introductus.
1117 2329 1180 2377 Et
1215 2330 1283 2378 sic
1317 2330 1523 2377 breviter
1554 2344 1658 2377 non
1691 2328 1849 2377 solum

82 2409 368 2473 imaginarie
398 2417 560 2474 potest
591 2410 701 2469 dici,
727 2410 864 2473 quod
899 2425 1077 2472 corpus
1111 2418 1305 2458 sanctae
1339 2411 1504 2459 matris
1537 2411 1770 2459 ecclesiae
1798 2411 1849 2458 in

43 2509 44 2512 ¹
85 2499 306 2556 tempore
331 2491 512 2541 Christi
533 2500 582 2540 et
603 2499 718 2555 post
742 2493 962 2540 currebat
985 2493 1188 2539 liberum
1212 2492 1262 2539 in
1286 2491 1490 2540 ferendo
1514 2492 1635 2540 duas
1658 2493 1848 2540 tunicas

0 2627 3 2634 ,
42 2564 45 2566 ’
84 2574 162 2625 vel
200 2574 542 2624 calciamenta⁶
583 2582 667 2623 aut
709 2573 866 2622 aliud⁷
911 2574 1048 2636 quod
1093 2573 1288 2621 inferret
1334 2573 1398 2621 ad
1443 2574 1648 2636 patriam
1696 2588 1848 2622 nocu-

6 2670 18 2711 ζ
33 2697 45 2715 „
79 2664 308 2717 mentum
319 2671 334 2718 ;
372 2655 460 2705 sed
482 2671 544 2705 ex
567 2662 681 2719 post
698 2671 785 2719 per
804 2663 1084 2703 commenta
1107 2655 1287 2703 diaboli
1306 2656 1518 2718 suscepit
1535 2656 1847 2717 gravedinem

0 2726 41 2800 ᾏ
85 2738 318 2797 inutilem,
362 2738 630 2802 specialiter
676 2738 879 2786 istorum
926 2737 1153 2785 ordinum
1195 2744 1296 2785 tam
1342 2737 1654 2800 corporaliter
1699 2752 1847 2800 quam

36 2832 38 2834 ·
87 2816 392 2886 spiritualiter
414 2820 672 2870 ecclesiam
697 2826 1020 2868 onustantem.

115 3024 117 3026 q
142 2972 159 2998 ¹
186 2970 432 3026 originatur]
454 2970 679 3018 ordinatur,
701 2970 752 3011 C.
945 2968 962 2992 ²
989 2967 1040 3010 cf.
1062 2968 1213 3010 Matth.
1235 2969 1288 3010 vi.
1308 2981 1375 3019 30.
1568 2969 1584 2994 ³
1612 2969 1847 3021 duraturus]

0 3071 37 3129 ’ζ
87 3080 117 3108 ⁰*
132 3080 286 3126 Matth„
304 3094 345 3122 x.
367 3091 432 3123 10.
595 3079 612 3104 ⁷
639 3084 712 3121 aut
729 3078 863 3133 aliud]
883 3078 950 3120 vel
968 3077 1135 3132 aliquid,
1155 3078 1209 3119 A.
1263 3129 1268 3133 ἡ

4 3174 121 3210 w

737 3324 1204 3376 —Qrffi-

0 3024 2 3026 ’
44 3034 46 3038 “
87 3024 384 3074 dominaturus,
404 3026 455 3068 C.
629 3024 646 3048 ⁴
672 3024 724 3065 cf.
747 3022 898 3064 Matth.
917 3023 970 3063 xi.
995 3035 1058 3076 23.
1221 3024 1238 3048 ⁶
1264 3023 1479 3078 inspectis]
1499 3024 1542 3064 in
1562 3024 1771 3078 spectatis,
1791 3025 1841 3066 C.
1883 3082 1885 3084 q

1964 369 2085 466 '443
