2436 4094
352 454 450 520 148

1006 450 1431 515 JOANNIS
1500 450 1849 500 WICLIF
2164 470 2326 501 mmm.

585 592 743 648 potest
767 599 873 632 esse
898 585 1147 646 proportio
1174 583 1468 647 aequalitatis
1493 585 1615 632 inter
1632 585 1900 632 bonitatem
1918 583 2013 631 Dei
2031 591 2079 631 et
2095 578 2330 631 malitiam

584 666 783 728 peccati,
818 680 930 713 cum
965 665 1044 712 illa
1085 679 1187 712 non
1221 674 1426 727 possunt
1460 666 1612 713 taliter
1653 661 1938 728 comparari.
2009 664 2125 713 Hoc
2164 673 2331 714 tamen

583 746 732 794 bene1
769 747 1072 794 concluditur
1108 754 1154 794 et
1191 747 1336 794 debet
1371 748 1591 805 concedi,
1630 747 1764 809 quod
1800 748 1863 794 ad
1898 747 2234 795 remissionem
2257 745 2334 792 vel

583 828 875 875 deletionem
908 827 1095 889 peccati
1128 828 1379 890 requiritur
1412 829 1630 891 potentia
1661 829 1860 886 infinita,
1886 829 2000 891 quia
2030 826 2332 890 impossibile

582 918 653 957 est
677 909 886 971 aliquem
909 924 1113 971 peccare
1149 909 1266 957 nisi²
1289 918 1458 971 peccet
1492 910 1814 972 principaliter
1850 917 2020 958 contra
2048 908 2238 966 Deum3
2286 915 2334 954 et

581 1006 667 1052 per
691 1005 997 1052 consequens
1034 999 1226 1052 oportet
1261 991 1394 1039 illum
1430 1006 1663 1053 magnum
1700 991 1955 1038 dominum
1987 990 2148 1053 primo
2171 989 2334 1036 remit·

582 1079 694 1128 tere,
713 1072 752 1118 si
767 1071 1112 1119 rationabiliter
1128 1071 1270 1119 debet
1289 1073 1402 1130 tolli,
1419 1081 1465 1120 et
1484 1073 1586 1135 ipse
1601 1070 1736 1120 Deus
1754 1080 1827 1119 est
1846 1073 2089 1134 potentiae
2104 1070 2335 1127 infinitae,

581 1168 698 1214 ergo
737 1152 983 1200 conclusio
1017 1153 1166 1200 vera3.
1239 1153 1370 1201 Nam
1403 1155 1670 1201 remittente
1701 1153 1812 1201 Deo
1846 1161 2101 1215 peccatum
2135 1147 2334 1214 quilibet

582 1249 744 1281 servus
782 1249 896 1281 suus
933 1249 1034 1281 non
1070 1243 1231 1296 potest
1267 1235 1330 1282 illi
1366 1235 1664 1283 remissioni-¹
1694 1235 1972 1296 simpliciter
2006 1233 2201 1281 resilire.
2270 1231 2334 1280 Et

581 1315 648 1361 sic
669 1329 768 1361 non
787 1315 988 1362 intendo
1014 1315 1236 1363 homines
1261 1331 1455 1363 movere
1481 1316 1543 1363 ad
1569 1315 1830 1363 diabolice⁵
1849 1314 2224 1378 desperandum,
2244 1313 2333 1361 sed

582 1396 741 1458 potius
766 1412 825 1443 ex
859 1396 1090 1444 infinitate
1124 1397 1475 1445 misericordiae
1505 1397 1612 1454 Dei,
1638 1412 1700 1443 ex
1725 1397 1894 1445 dolore
1928 1404 1974 1444 et
2008 1395 2334 1444 satisfactione

581 1478 781 1538 peccati,
808 1478 857 1524 in
886 1476 996 1524 Deo
1021 1478 1267 1526 confidere
1292 1487 1338 1526 et
1365 1494 1570 1540 sperare.

650 1558 729 1605 Ad
752 1560 936 1605 tertiam
963 1560 1232 1605 instantiam
1257 1556 1510 1607 tollebam⁶
1535 1574 1644 1606 eam
1674 1559 1861 1616 diffuse,
1889 1558 2088 1621 quando
2122 1557 2189 1605 fui
2212 1556 2335 1619 logi-

583 1655 682 1696 cus,
731 1648 777 1686 et
822 1655 952 1687 nunc
999 1641 1115 1687 tollo
1163 1638 1398 1687 eandem⁷
1447 1641 1753 1698 concedens,·
1787 1640 1921 1702 quod
1969 1643 2092 1688 sicut
2146 1638 2334 1686 nullum

583 1729 836 1783 peccatum
872 1730 944 1768 est
974 1722 1040 1768 ita
1073 1722 1254 1769 malum
1288 1723 1409 1769 sicut
1433 1721 1567 1769 Deus
1602 1730 1674 1769 est
1708 1723 1881 1779 bonus,
1908 1722 1976 1769 sic
2009 1720 2127 1768 nihil
2162 1727 2235 1768 est
2269 1720 2337 1766 ita

583 1817 817 1864 magnum
847 1804 968 1849 sicut
996 1802 1157 1864 ipsum
1194 1811 1265 1849 est
1297 1817 1498 1864 parvum
1529 1802 1603 1850 vel
1635 1818 1662 1848 e
1697 1810 1893 1860 contra;
1949 1810 1996 1849 et
2031 1802 2100 1849 sic
2136 1801 2196 1868 de
2231 1800 2336 1848 aliis

581 1883 806 1943 privative
839 1883 1089 1944 oppositis,
1116 1883 1228 1944 quia
1261 1884 1509 1944 proportio
1547 1883 1843 1944 aequalitatis
1875 1883 2070 1944 requirit
2102 1882 2334 1929 conveni·

581 1964 759 2010 entiam
791 1965 981 2025 generis
1014 1964 1063 2010 in
1096 1959 1237 2011 rebus
1271 1964 1589 2025 comparatis;
1630 1963 1714 2010 sed
1739 1951 2024 2025 magnitudo
2049 1970 2098 2010 et
2126 1963 2337 2025 parvitas

582 2060 683 2092 non
713 2045 779 2092 sic
805 2045 1105 2092 concordant
1130 2046 1179 2091 in
1203 2060 1409 2106 genere;
1463 2045 1683 2092 concedo
1719 2053 1897 2102 tamen,
1924 2044 2056 2107 quod
2079 2044 2193 2092 talia
2217 2059 2334 2106 pos-

581 2134 692 2174 sunt
738 2125 990 2187 analogice
1039 2126 1323 2187 comparari,
1371 2133 1424 2172 ut
1461 2133 1561 2172 tam
1602 2125 1886 2187 magnitudo
1930 2141 2078 2188 quam
2118 2126 2334 2188 parvitas

582 2215 803 2255 causatur
836 2223 864 2254 a
897 2206 1021 2264 Deo,
1049 2215 1095 2253 et
1128 2207 1437 2268 principalius
1469 2207 1756 2268 magnitudo
1786 2222 1933 2268 quam
1967 2208 2189 2269 parvitas,
2218 2223 2334 2255 cum

581 2287 715 2335 Deus
735 2302 836 2334 non
862 2287 984 2334 adeo
1009 2288 1312 2349 appreciatur
1330 2288 1404 2334 vel
1424 2288 1572 2349 diligit
1592 2288 1885 2349 parvitatem.
1961 2288 2019 2334 In
2043 2289 2146 2336 istis
2169 2297 2337 2336 tamen
2386 2281 2399 2294 ⁶

582 2369 1020 2430 comparationibus
1062 2383 1164 2416 non
1212 2377 1284 2415 est
1324 2369 1619 2416 rationabilis
1660 2369 1912 2431 proportio
1952 2369 2242 2431 expetenda,
2286 2377 2336 2417 et

581 2450 759 2498 tollitur
794 2448 899 2496 tua⁸
935 2450 1072 2496 tertia
1108 2449 1346 2496 instantia.
1422 2449 1518 2496 Sed
1554 2449 1712 2496 adhuc
1753 2449 1994 2507 mussitas,
2029 2465 2182 2512 penes
2219 2449 2337 2511 quid

583 2530 762 2577 attendi
786 2530 959 2577 debeat
991 2530 1198 2591 gravitas
1231 2529 1430 2591 peccati,
1459 2544 1570 2575 cum
1601 2537 1858 2591 peccatum
1883 2526 1955 2592 (ut
1988 2536 2100 2577 ante
2125 2528 2245 2595 dixi)
2273 2531 2336 2579 sit

581 2612 765 2658 ratione
801 2611 1147 2672 magnitudinis
1185 2611 1369 2658 domini
1402 2611 1656 2658 infinitum.
1728 2610 1826 2658 Hic
1861 2618 2026 2659 tamen
2055 2613 2337 2675 respondeo

581 2692 664 2738 tibi
691 2692 1023 2750 concedendo,
1050 2692 1184 2754 quod
1209 2700 1464 2754 peccatum
1489 2692 1738 2754 quodlibet
1763 2702 1836 2741 est
1870 2693 1933 2741 ad
1958 2709 2156 2742 sensum
2181 2695 2337 2757 expo-

581 2773 725 2820 situm
779 2773 1036 2831 infinitum,
1085 2776 1230 2821 etiam
1285 2775 1470 2821 ratione
1518 2774 1863 2836 magnitudinis
1911 2776 2157 2837 potentiae
2203 2775 2336 2834 Dei⁹,

583 2854 739 2902 cum¹⁰
775 2855 813 2901 si
850 2854 996 2902 deleri
1033 2854 1220 2911 debeat,
1255 2855 1505 2916 requiritur
1539 2855 1755 2916 potentia
1789 2855 1990 2904 infinita.
2073 2848 2336 2906 Peccatum

582 2943 744 2982 autem
779 2942 852 2981 est
888 2949 948 2981 eo
984 2935 1190 2996 gravius,
1217 2949 1315 2996 quo
1352 2949 1514 2995 poena
1549 2949 1638 2996 pro
1675 2935 1783 2996 ipso
1822 2935 1984 2983 debita
2018 2936 2140 2985 foret
2164 2938 2335 3000 major,

581 3016 714 3078 quod
738 3024 811 3063 est
835 3016 982 3064 solius
1001 3016 1094 3063 Dei
1119 3016 1384 3064 distincte¹¹
1405 3031 1716 3079 cognoscere.
1791 3017 1979 3065 Scimus
2002 3025 2180 3076 tamen,
2200 3020 2336 3081 quod

582 3112 728 3143 omne
774 3105 1029 3159 peccatum
1077 3097 1231 3145 finalis
1278 3098 1670 3159 impoenitentiae
1717 3106 1789 3145 est
1830 3099 2132 3159 puniendum
2171 3115 2337 3163 poena

584 3185 827 3240 perpetua,
849 3178 935 3225 sed
959 3193 1061 3225 non
1086 3178 1271 3225 infinita
1290 3178 1538 3236 intensive,
1558 3186 1604 3225 et
1629 3179 1697 3226 sic
1721 3186 1977 3240 peccatum
1995 3179 2336 3242 praedestinati

638 3313 652 3336 ¹
681 3313 802 3365 bene]
825 3326 907 3352 om.
929 3313 1083 3353 A.B.C.
1293 3311 1309 3335 ²
1336 3312 1433 3364 nisi]
1455 3326 1542 3358 nec,
1563 3313 1626 3353 ed.
1646 3326 1706 3365 pr.
1907 3313 1924 3336 ⁸
1950 3313 2063 3366 vera]
2085 3326 2170 3354 om.
2189 3314 2253 3354 ed.
2273 3328 2335 3367 pr.

583 3365 598 3389 ⁴
625 3367 683 3406 illi
705 3367 948 3419 remissioni]
970 3380 995 3406 a
1015 3366 1264 3411 remissione,
1286 3367 1334 3407 C.
1356 3367 1557 3406 secundae
1575 3380 1732 3412 manus,
1753 3366 1815 3406 ed.
1836 3379 1897 3419 pr.
2067 3367 2082 3391 ⁵
2109 3368 2334 3421 diabolice]

584 3433 664 3459 om.
687 3420 733 3458 Β.
755 3421 968 3465 secundae,
990 3422 1038 3460 C.
1059 3421 1215 3473 primae
1233 3433 1391 3460 manus.
1592 3421 1607 3444 ⁶
1635 3421 1850 3470 tollebam!
1874 3420 2128 3461 tolerandam
2149 3423 2332 3467 tractavi,

585 3474 684 3512 A.B.
808 3475 822 3497 ⁷
851 3474 1041 3526 eandem]
1064 3488 1145 3514 om.
1168 3475 1222 3513 D.
1243 3475 1306 3514 ed.
1329 3487 1388 3526 pr.
1499 3474 1515 3498 ⁸
1542 3474 1632 3526 tua]
1650 3488 1732 3514 om.
1753 3474 1856 3514 A.C.
1876 3474 2043 3526 primae,
2064 3475 2111 3514 B.
2133 3475 2336 3515 secundae

583 3540 739 3618 manusi.
903 3529 918 3552 ⁹
948 3528 1047 3580 Dei]
1070 3529 1240 3574 domini,
1259 3529 1322 3569 ed.
1343 3541 1404 3580 pr.
1516 3528 1548 3552 ¹⁰
1575 3527 1689 3580 cum]
1710 3540 1791 3568 om.
1812 3527 1875 3568 ed.
1896 3541 1957 3579 pr.
2067 3528 2095 3552 ¹¹
2124 3528 2334 3580 distincte]

584 3592 664 3617 om.
685 3593 707 3618 e
739 3610 746 3618 .
768 3594 828 3631 pr.
