2424 4120
1494 334 2325 359 ———-——-—r—

1032 422 1454 485 sOANNIS
1523 422 1869 471 WICLIF
2199 437 2345 475 cns

592 565 769 605 stantes
813 571 924 603 cum
964 556 1157 617 regibus
1199 563 1279 602 aut
1317 562 1681 616 extravagantes
1724 571 1752 602 a
1792 556 2066 604 ministeriis
2109 555 2333 604 sacerdo·
2414 588 2424 611 ,2

589 637 762 685 talibus
787 637 1030 698 accipiunt
1054 653 1083 684 a
1106 637 1289 698 populo
1319 636 1575 698 praelatiae
1599 635 1736 683 titulo
1761 637 1851 684 ista
1875 638 2007 685 bona
2020 653 2032 696 ;
2070 636 2327 685 nonenim

589 726 795 780 possunt
820 718 1148 780 subterfugere
1174 719 1290 780 quin
1316 718 1410 766 sint
1441 717 1712 780 proditores
1736 718 1830 766 Dei
1861 727 1909 766 et
1932 717 2094 780 regni¹
2117 725 2166 766 et
2187 717 2335 780 longe

589 799 779 862 pejores
821 814 968 861 quarn
1009 807 1223 861 raptores
1264 799 1471 861 publici;
1525 807 1571 846 et
1619 815 1705 861 per
1747 814 2053 861 consequens
2093 789 2332 848 seculares

593 880 775 927 domini
822 896 883 927 ex
931 881 1229 928 obmissione
1272 880 1544 942 corrigendi
1586 896 1643 928 ac
1686 866 1928 928 consensu
1965 881 2108 944 hujus
2147 880 2335 944 peccati

591 969 701 1008 sunt
741 961 945 1022 graviter
986 961 1230 1023 puniendi.
1320 961 1438 1008 Non
1479 969 1644 1008 tamen
1682 961 1822 1009 video
1865 962 1982 1024 quin
2018 961 2127 1010 licet
2160 961 2336 1009 rectori

590 1056 813 1089 exercere
838 1042 1050 1089 studium
1073 1042 1227 1104 gratia
1250 1041 1544 1109 informandi
1578 1057 1718 1090 suum
1749 1041 2000 1104 populum,
2024 1049 2072 1089 et
2093 1056 2182 1106 per
2203 1041 2334 1089 vices

590 1122 774 1170 debitas
805 1122 1058 1170 refundere
1082 1123 1361 1171 thesaurum
1386 1122 1648 1185 sapientiae
1672 1137 1819 1190 quem
1843 1123 2038 1185 collegit
2049 1138 2063 1181 ;
2111 1122 2182 1171 sic
2204 1122 2336 1170 enim

589 1217 705 1265 apes
755 1203 815 1250 de
862 1203 1113 1251 frondibus
1160 1211 1207 1251 et
1248 1205 1387 1266 aquis
1436 1212 1737 1265 congregant
1783 1204 2007 1252 materias
2053 1219 2115 1252 ex
2160 1203 2336 1267 quibus

587 1284 864 1332 mellificant
889 1285 976 1331 sibi
1001 1292 1208 1346 pastum.

658 1364 755 1412 Sed
780 1365 989 1413 dimissis
1014 1366 1115 1413 istis
1139 1365 1322 1414 verbis2
1345 1365 1691 1423 exhortatoriiS,
1720 1379 1844 1427 quae
1878 1371 1950 1413 est
1973 1364 2117 1413 nobis
2148 1364 2334 1427 impos-

589 1445 722 1493 sibile
775 1446 989 1508 implere,
1039 1453 1087 1493 et
1131 1455 1184 1494 ut
1229 1446 1391 1494 multis
1443 1447 1641 1503 videtur,
1692 1446 2033 1494 destructivum
2085 1445 2334 1504 ecclesiae,

588 1527 937 1574 transeundum
961 1535 1034 1574 est
1058 1527 1121 1574 ad
1145 1527 1261 1575 alias
1284 1527 1512 1575 rationes.

275 1618 464 1645 Decimamm
656 1607 858 1655 Videtur
889 1607 1022 1654 enim
1042 1610 1216 1669 primo,
1243 1608 1375 1670 quod
1407 1623 1555 1656 nemo
1590 1608 1905 1656 contenderet
1928 1623 2042 1657 cum
2071 1610 2169 1659 suis
2193 1623 2337 1672 paro-

274 1685 466 1747 {ffigkffiffi
591 1687 774 1736 chianis
809 1704 898 1750 pro
942 1689 1142 1736 decimis
1178 1697 1259 1736 aut
1300 1689 1624 1736 oblationibus
1666 1689 1943 1737 obtinendis
1957 1706 1970 1750 3
2020 1704 2170 1738 nemo
2203 1691 2336 1738 enim
2416 1709 2424 1714 ·

276 1761 435 1816 ῗιῖἳξὲεςε.
453 1759 487 1779 ²¹⁵
589 1770 733 1817 debet
769 1770 1061 1818 contendere
1097 1771 1190 1818 nisi
1226 1786 1314 1832 pro
1351 1770 1432 1818 illo
1470 1770 1602 1833 quod
1637 1771 1794 1818 noscit
1829 1785 1936 1818 esse
1975 1771 2065 1819 sibi
2106 1771 2336 1829 debitum,

590 1853 677 1900 sed
702 1861 892 1901 curatus
917 1854 1022 1900 talis
1047 1854 1200 1901 nescit
1225 1854 1438 1901 decimas
1461 1853 1536 1901 vel
1568 1853 1838 1901 oblationes
1871 1868 1980 1902 esse
2013 1853 2103 1902 sibi
2136 1853 2336 1910 debitas,

589 1936 730 1997 igitur
762 1951 850 1997 pro
874 1936 965 1982 illis
1001 1951 1104 1982 non
1140 1936 1283 1983 debet
1320 1936 1628 1984 contendere.
1709 1935 1759 1983 Si
1795 1936 1926 1983 enirn
1961 1949 2063 1983 non
2097 1935 2334 1983 ministrat

593 2017 752 2064 debite
781 2017 878 2063 suis
905 2017 1122 2075 subditis,
1149 2032 1249 2063 non
1284 2025 1355 2064 est
1388 2017 1522 2064 color
1554 2032 1643 2078 pro
1677 2015 1849 2065 talibus
1874 2015 2188 2079 proventibus
2219 2029 2339 2063 con-

590 2097 849 2155 tendendi;
903 2106 949 2144 et
986 2098 1025 2144 si
1061 2099 1298 2145 ministrat
1334 2097 1508 2155 debite,
1535 2113 1647 2145 cum
1682 2097 1775 2145 tale
1810 2097 2127 2146 ministerium
2162 2097 2338 2145 debeat

589 2180 736 2239 gratis
761 2178 861 2225 dari
887 2186 934 2225 et
963 2194 1064 2225 non
1089 2178 1231 2225 vendi
1264 2193 1354 2240 pro
1386 2179 1543 2240 pretio
1574 2178 1842 2240 temporali,
1867 2186 2067 2241 propter
2098 2177 2337 2226 haeresim

593 2259 868 2321 Symoniae,
894 2260 1079 2306 videtur
1103 2259 1236 2320 quod
1261 2275 1350 2320 pro
1378 2259 1466 2306 illis
1499 2274 1602 2306 non
1636 2260 1779 2307 debet
1804 2259 2116 2318 contendere,
2142 2259 2244 2307 imo
2270 2258 2338 2307 sic

590 2340 932 2387 contendendo
956 2340 1131 2387 excidit
1155 2356 1183 2387 a
1207 2341 1393 2387 ratione
1418 2341 1536 2388 tales
1560 2340 1772 2388 redditus
1790 2339 2054 2388 obtinendi.
2115 2339 2338 2388 Similiter

589 2421 694 2468 talis
719 2422 965 2469 contentio
994 2437 1084 2483 pro
1116 2422 1217 2468 istis
1250 2422 1562 2483 proventibus
1594 2436 1697 2468 non
1730 2421 1874 2468 debet
1897 2421 1998 2468 fieri
2022 2421 2114 2469 nisi
2136 2428 2336 2484 propter

588 2503 834 2549 caritatem
853 2517 1001 2563 quam
1026 2510 1216 2549 curatus
1242 2502 1385 2549 debet
1408 2502 1674 2549 haberead
1699 2516 1813 2549 suos
1838 2501 2056 2564 subditos
2070 2518 2084 2561 ;
2121 2501 2208 2550 sed
2231 2516 2333 2550 non

587 2583 771 2630 videtur
794 2597 918 2644 opus
955 2583 1163 2631 caritatis
1197 2584 1268 2631 sic
1301 2598 1474 2630 vexare
1511 2583 1742 2641 subditos,
1767 2583 2190 2631 excommunicare
2224 2591 2271 2632 et
2294 2598 2336 2648 ,a

586 2665 1028 2712 communicatione
1062 2664 1217 2725 plebis
1259 2664 1497 2726 expellere
1535 2672 1734 2726 propter
1767 2664 2018 2712 modicum
2053 2649 2334 2727 temporale.

589 2745 741 2807 Igitur
764 2745 871 2792 talis
903 2747 1092 2793 exactio
1118 2753 1288 2793 vocata
1310 2745 1549 2806 legitima³
1573 2760 1675 2792 non
1711 2752 1784 2793 est
1819 2760 1848 2792 a
1881 2745 2163 2807 presbytero
2197 2759 2334 2792 exer-

588 2826 756 2883 cenda,
783 2841 896 2873 cum
931 2841 1032 2873 non
1069 2827 1127 2874 sit
1163 2826 1460 2888 exemplata4
1496 2841 1525 2873 a
1561 2825 1750 2874 Christo
1787 2833 1833 2872 et
1869 2826 1966 2873 suis
2001 2825 2248 2888 apostolis,
2284 2833 2333 2873 et

587 2908 678 2969 ipsi
702 2906 892 2954 fuerunt
915 2907 1114 2969 plenum
1141 2907 1389 2969 speculum
1412 2907 1534 2954 vitae
1559 2915 1607 2954 et
1632 2907 1766 2968 operi
1799 2906 2117 2954 sacerdotum.
2190 2905 2333 2954 Simi-

587 2988 690 3035 liter
714 2988 832 3035 tales
857 2988 1006 3035 curati
1030 2988 1380 3035 contendentes
1404 3003 1493 3050 pro
1518 2987 1863 3049 temporalibus
1896 2987 2131 3045 nesciunt,
2156 2987 2196 3035 si
2219 2995 2332 3036 sunt

587 3069 806 3115 membra
842 3075 1035 3115 sanctae
1071 3068 1235 3115 matris
1271 3068 1501 3115 ecclesiae
1536 3068 1611 3115 vel
1645 3068 1865 3114 membra
1902 3066 2094 3115 diaboli.
2167 3066 2218 3115 Si
2256 3082 2330 3116 se-

588 3149 747 3196 cunda
771 3148 921 3206 detur,
946 3156 1111 3196 carent
1130 3149 1235 3210 J'ure
1258 3148 1409 3195 taliter
1432 3147 1773 3204 contendendi,
1798 3148 1941 3210 igitur
1964 3163 2024 3195 ex
2055 3148 2146 3195 sibi
2179 3148 2329 3197 dubio

587 3230 637 3276 in
680 3230 748 3277 sic
786 3228 1091 3290 placitando5
1132 3229 1521 3275 contraveniunt⁰
1561 3228 1656 3290 legi
1697 3227 1805 3286 Dei,
1843 3243 1954 3275 non‘
1985 3228 2118 3276 enim
2151 3228 2332 3278 habent

586 3324 676 3371 pro
713 3325 764 3357 se
799 3310 933 3371 leges
967 3309 1219 3367 humanas,
1244 3317 1295 3356 ut
1331 3309 1568 3357 seculares
1605 3308 1918 3368 contendunt,
1944 3308 2030 3357 sed
2063 3323 2183 3372 pure
2207 3311 2332 3358 anti-

642 3429 656 3452 1
685 3429 817 3481 regni]
839 3428 958 3480 regis,
979 3430 1027 3470 C.
1192 3430 1208 3453 ²
1235 3430 1388 3482 verbis]
1409 3431 1660 3476 veritatibus,
1681 3431 1730 3471 C.
1866 3431 1882 3455 ⁸
1908 3429 2114 3483 legitima]
2133 3429 2259 3477 licita,
2279 3431 2329 3472 C.

587 3482 602 3505 4
629 3483 877 3536 exemplata]
899 3485 1084 3530 exercita,
1107 3484 1155 3524 C.
1344 3484 1360 3507 ⁵
1387 3484 1595 3537 placitare,
1615 3485 1684 3524 i.e.
1706 3484 1880 3538 litigare,
1900 3484 1951 3526 cf.
1971 3487 2036 3525 Du
2056 3486 2200 3538 Gange,
2219 3483 2332 3537 glos·
2410 3527 2411 3531 ,

589 3538 751 3584 sarium,
773 3550 850 3577 s.v.
1017 3539 1032 3562 θ
1060 3538 1391 3591 contraveniunt]
1413 3539 1671 3585 conveniunt,
1693 3539 1741 3579 C.

2383 3939 2424 4120 ufir-...amau
2400 3896 2424 3909 ¹.
2422 3792 2424 3814 ..
2399 3755 2419 3762 Ϊ
2420 3704 2424 3714 ,,
2403 3611 2405 3618 ”
2422 3556 2424 3563 ,
