2436 4094
335 403 400 454 88

988 395 1398 461 JOANNIS
1468 396 1819 446 WICLIF
2154 415 2294 444 mnu.

551 542 623 581 tur
655 533 872 595 superius
897 531 1064 578 Urso¹.
1143 530 1250 579 Nec
1274 539 1465 594 oportet
1497 546 1588 579 nos
1620 532 1874 589 sollicitari,
1895 538 2057 578 utrum
2089 543 2292 591 compo-

547 615 671 660 nitur
696 629 756 660 ex
793 612 890 660 suis
926 612 1141 674 partibus
1176 613 1464 671 intensivis²‚
1489 614 1624 676 quod
1659 613 1774 661 alias
1810 613 1860 660 in
1894 619 2061 660 nostra
2096 609 2293 659 stultitia

548 694 719 742 diffuse
749 693 1054 740 tractavimus
1070 709 1082 752 3
1122 693 1209 741 sed
1241 695 1551 757 componitur
1583 710 1644 741 ex
1677 695 1775 742 suis
1809 694 2024 757 partibus
2056 691 2293 756 quantita·

547 777 650 822 tivis
682 790 836 836 usque
870 774 931 822 ad
964 790 1050 822 sua
1081 775 1398 832 indivisibilia,
1423 791 1482 823 ex
1516 776 1690 838 quibus
1723 776 1850 823 varie
1884 772 2292 836 componentibus

547 857 741 904 resultat
774 856 1035 903 formaliter
1067 856 1387 904 substantialis
1418 857 1600 914 forma;
1650 848 1737 904 sed
1767 855 2091 918 principaliter
2123 861 2171 902 et
2207 868 2296 916 per

547 954 597 985 se
622 937 864 999 completa
893 938 1174 995 substantia,
1199 945 1252 986 ut
1281 946 1520 986 noverunt
1549 937 1842 1000 philosophi,
1867 938 1919 984 in
1947 938 2039 984 ista
2069 935 2295 984 materia³

547 1018 796 1066 subtilibus
832 1019 989 1066 verbis
1024 1015 1319 1081 loquentes4,
1353 1019 1420 1066 sic
1456 1019 1590 1081 quod
1626 1034 1727 1066 non
1762 1026 1923 1081 potest
1958 1033 2065 1066 esse
2100 1017 2295 1080 plurior,

546 1099 784 1162 paucior5,
822 1099 896 1147 vel
933 1100 1025 1147 alia
1065 1101 1264 1148 materia
1299 1101 1455 1162 prima
1495 1115 1642 1162 quam
1679 1108 1752 1148 est
1789 1099 1954 1147 modo.
2029 1097 2300 1146 Aristoteles

546 1189 707 1228 tamen
730 1182 913 1228 videtur
937 1181 1110 1239 dicere,
1135 1181 1268 1244 quod
1292 1189 1548 1243 generatur
1572 1196 1659 1244 per
1684 1181 1922 1239 accidens,
1950 1180 2063 1244 quia
2086 1187 2160 1228 est
2183 1180 2296 1228 sub-

541 1263 723 1324 jectum
746 1262 1070 1324 generationis
1094 1263 1365 1325 compositi,
1392 1263 1504 1310 ideo
1529 1263 1869 1316 denominatur
1891 1262 2294 1311 transmutatione

546 1346 824 1402 successiva,
851 1360 949 1406 qua
981 1346 1307 1407 compositum
1339 1353 1609 1407 generatur,
1635 1345 1763 1393 aliud
1794 1341 1986 1392 tamen⁶
2009 1351 2292 1407 generatum

546 1426 679 1488 quod
715 1441 826 1474 cum
861 1426 1158 1488 generatur⁷‚
1186 1427 1254 1474 sic
1289 1426 1635 1489 particulariter
1670 1440 1770 1488 quo
1806 1426 1870 1473 ad
1906 1425 2180 1488 subjectum
2205 1438 2294 1487 pro

545 1515 764 1569 tempore
799 1522 913 1555 suae
937 1508 1264 1569 generationis
1288 1523 1390 1555 non
1423 1516 1510 1566 est,
1537 1508 1788 1555 alteratum
1812 1522 1927 1555 vero
1951 1521 2041 1569 pro
2073 1503 2295 1569 tempore

546 1604 660 1636 suae
697 1588 991 1637 alterationis
1028 1596 1113 1646 est,
1146 1597 1193 1637 et
1227 1589 1402 1652 loquor
1437 1590 1497 1637 de
1534 1604 1640 1637 esse
1676 1588 1880 1637 existere
1916 1587 1992 1635 in⁸
2016 1587 2265 1645 individuo
2281 1601 2295 1646 ;

545 1670 669 1727 ideo,
707 1677 759 1717 ut
795 1670 950 1732 arguit
983 1669 1262 1728 Aristoteles,
1299 1671 1546 1732 generatio
1582 1677 1630 1717 et
1664 1669 1882 1718 alteratio
1924 1668 2296 1731 distinguuntur.

545 1752 608 1799 Et
627 1752 799 1800 eadem
817 1752 1076 1799 materialis
1097 1753 1315 1810 essentia,
1336 1767 1460 1814 quae
1486 1761 1559 1801 est
1582 1751 1750 1814 ignis⁹,
1771 1759 1931 1800 creata
1953 1758 2027 1799 est
2050 1751 2101 1798 in
2126 1748 2296 1798 mundi

546 1835 797 1895 principio,
823 1842 870 1882 et
894 1833 972 1880 illa
997 1835 1218 1891 essentia,
1244 1843 1296 1882 ut
1321 1842 1394 1882 est
1419 1836 1689 1896 susceptiva
1720 1834 1842 1881 illius
1874 1832 2074 1890 formae,
2099 1839 2170 1880 est
2193 1845 2297 1880 ma-

545 1916 660 1962 teria
685 1916 840 1976 prima
854 1932 866 1973 ;
906 1922 953 1961 et
976 1924 1028 1962 ut
1052 1923 1124 1962 est
1149 1917 1198 1963 in
1224 1915 1376 1963 actu¹⁰
1401 1916 1538 1978 ignis,
1564 1923 1636 1963 est
1662 1916 1990 1978 compositum
2014 1930 2075 1962 ex
2098 1913 2300 1961 materia

546 2005 591 2043 et
623 1996 791 2043 forma.
871 1997 1084 2058 Igneitas
1117 1996 1338 2054 autem¹¹,
1372 2013 1496 2059 quae
1529 2006 1601 2045 est
1634 1998 1791 2045 forma
1823 1995 2162 2054 substantialis,
2194 2009 2298 2043 non

545 2086 616 2125 est
653 2078 742 2125 nisi
784 2078 911 2124 illam
954 2079 1214 2125 essentiam
1253 2095 1355 2127 esse
1393 2081 1572 2141 ignem.
1658 2080 1747 2127 Illa
1783 2087 1943 2127 autem
1979 2079 2184 2140 igneitas
2225 2084 2297 2124 est

545 2159 700 2206 forma
739 2160 1074 2216 substantialis,
1114 2160 1227 2222 quia
1263 2168 1335 2208 est
1377 2162 1533 2223 prima
1575 2162 1842 2209 substantia
1877 2159 2188 2222 superaddita
2229 2158 2295 2206 illi

545 2241 794 2297 essentiae,
831 2240 923 2288 etl2
957 2242 1202 2302 praecedit
1238 2241 1542 2300 caliditatem,
1581 2258 1705 2304 quae
1748 2250 1821 2290 est
1861 2242 1991 2289 illam
2032 2242 2293 2289 essentiam

545 2337 649 2368 esse
686 2320 903 2378 calidam,
938 2330 985 2368 et
1020 2323 1088 2370 sic
1125 2322 1184 2369 de
1221 2322 1324 2370 aliis
1358 2322 1700 2380 accidentibus,
1739 2338 1862 2385 quae
1901 2330 2092 2385 oportet
2131 2323 2293 2370 inesse

545 2403 830 2464 composito.
916 2402 978 2450 Et
1018 2403 1084 2450 ita
1124 2403 1489 2465 intelligendum
1531 2412 1603 2452 est
1639 2404 1698 2451 de
1735 2404 1837 2451 aliis
1880 2403 2047 2452 formis
2083 2403 2296 2452 elemen-

545 2484 725 2531 taribus
759 2484 839 2541 sic,
867 2484 1001 2546 quod
1034 2484 1114 2531 illa
1149 2485 1371 2543 essentia,
1396 2494 1447 2533 ut
1481 2493 1553 2533 est
1587 2486 1856 2548 susceptiva
1888 2483 2297 2533 denominationis

545 2565 650 2612 talis
675 2580 799 2627 quae
825 2573 898 2612 est
921 2565 1078 2612 forma
1103 2566 1437 2624 substantialis,
1464 2574 1536 2614 est
1559 2567 1759 2614 materia
1783 2567 1940 2629 prima
1953 2583 1965 2626 3
2004 2575 2052 2615 et
2075 2567 2158 2624 sic,
2184 2580 2298 2614 cum

544 2646 601 2693 sit
624 2648 755 2708 prius
790 2647 1061 2709 susceptiva
1084 2647 1191 2694 talis
1223 2647 1409 2695 formae
1436 2664 1584 2710 quam
1608 2648 1713 2710 ipsa
1744 2657 1818 2696 est
1849 2656 1903 2696 ut
1935 2647 2216 2704 substantia,
2243 2654 2296 2694 ut

544 2736 659 2789 puta
690 2729 815 2790 ignis
848 2736 928 2777 aut
960 2744 1098 2790 aqua,
1125 2737 1171 2776 et
1204 2729 1270 2776 sic
1305 2729 1365 2776 de
1399 2730 1502 2778 aliis
1534 2729 2009 2778 denominationibus
2042 2729 2296 2777 sustantia-

543 2810 679 2867 libus,
707 2810 951 2872 signanter
976 2811 1159 2867 dicitur,
1186 2811 1318 2872 quod
1350 2811 1593 2873 praecedit
1625 2811 1953 2860 substantiam.
2024 2809 2297 2872 Concipere

543 2900 703 2938 autem
728 2892 904 2939 modos
921 2892 1151 2954 loquendi
1175 2892 1576 2954 philosophorum
1602 2893 1651 2939 in
1670 2891 1748 2938 illa
1771 2891 1970 2938 materia
1993 2890 2116 2939 soret
2139 2890 2299 2952 logica

545 2973 792 3020 hodiernis
818 2982 1063 3022 extranea.

612 3054 788 3101 Mixla
807 3063 966 3102 autem
987 3055 1212 3116 concipio
1233 3055 1300 3101 sic
1321 3055 1566 3116 componi,
1588 3069 1699 3101 cum
1720 3053 1989 3101 secundum
2007 3052 2299 3103 Aristotelem

600 3211 611 3233 ¹
644 3211 771 3263 Urso]
805 3216 968 3251 sanctus
1003 3211 1122 3256 Urso,
1159 3211 1221 3250 ed.
1254 3223 1313 3262 pr.
1349 3223 1441 3249 cum
1480 3210 1528 3250 C.
1562 3209 1716 3262 primae
1745 3221 1912 3254 manus3
1956 3208 2107 3253 Birsso,
2142 3208 2211 3252 D..
2242 3208 2295 3248 A.

546 3265 744 3304 secundae
765 3279 919 3304 manus.
1085 3265 1100 3287 ²
1128 3264 1356 3316 intensivis]
1373 3263 1643 3309 intellectivis‚
1661 3263 1723 3302 ed.
1737 3275 1798 3314 pr.
1907 3262 1923 3285 ³
1942 3262 1984 3301 in
2003 3262 2083 3301 ista
2100 3262 2293 3315 materia]

547 3331 627 3356 om.
651 3319 702 3356 A.
895 3319 909 3341 ‘¹
938 3320 1170 3371 loquentes]
1194 3318 1484 3370 colloquentes,
1507 3318 1561 3357 D.
1771 3317 1786 3338 ⁵
1812 3316 2000 3368 paucior]
2021 3321 2092 3355 aut
2110 3316 2294 3368 paucior,

517 3356 521 3426 ᾗ
548 3372 699 3412 A.B.C.
721 3373 782 3411 ed.
805 3386 865 3424 pr.
1075 3374 1090 3396 ⁶
1119 3373 1272 3424 tamen]
1296 3386 1387 3412 cum
1409 3373 1469 3412 ed.
1491 3385 1552 3424 pr.
1770 3370 1784 3393 ⁷
1813 3371 1922 3422 quod
1942 3382 2035 3409 cum
2055 3370 2293 3422 generatur]

547 3438 626 3463 om.
650 3426 800 3466 A.B.C.
823 3428 886 3466 ed.
907 3440 965 3478 pr.
1213 3427 1227 3449 ⁸
1256 3427 1317 3478 in]
1339 3434 1391 3472 et,
1413 3427 1465 3466 A.
1488 3426 1655 3478 primae,
1678 3425 1723 3463 B.
1745 3424 1945 3464 secundae
1963 3436 2123 3469 manuS,
2144 3423 2208 3464 ed.
2229 3437 2292 3475 pr.

547 3479 561 3499 ⁰
592 3491 692 3529 quae
713 3486 773 3518 est
794 3480 919 3532 ignis]
942 3494 984 3520 es
1018 3481 1135 3533 ignis,
1158 3494 1272 3532 quae,
1294 3481 1345 3519 A.
1475 3481 1505 3503 ¹⁰
1533 3480 1574 3519 in
1594 3479 1707 3530 actu]
1730 3485 1835 3525 actu,
1858 3479 1909 3517 A.
2075 3477 2105 3500 ¹¹
2133 3476 2291 3529 autem]

550 3545 628 3569 om.
652 3534 711 3571 ed.
735 3547 794 3584 pr.
1016 3535 1046 3557 ¹²
1075 3535 1134 3585 et]
1157 3541 1214 3581 ut,
1238 3536 1289 3574 A.
