2424 4120
77 372 86 375 κ
122 428 282 466 εικῆ·
325 409 1138 462 SUPPLEMENTUM
1185 412 1677 463 TRIALOGI.

40 604 41 608 Ἰ
75 551 77 553 ’
119 541 477 609 eterogenitas¹
507 561 654 610 super
683 547 788 610 ejus
818 546 1111 596 discordiam
1143 555 1405 598 attestatur.
1475 548 1538 597 Et
1562 549 1674 598 ideo
1706 549 1879 599 caritas

124 625 398 691 apostolica
419 626 578 686 docet,
603 627 854 690 quomodo
887 628 970 676 filii
993 628 1225 678 ecclesiae
1251 629 1430 679 debent
1453 631 1682 680 omnibus
1713 632 1881 680 omnia

73 715 75 717 ’
111 719 234 758 -me
267 707 396 757 facti.
465 707 619 768 Quod
653 709 694 757 si
728 708 896 758 fratres
931 710 1110 769 dicunt,
1135 712 1269 774 quod
1305 713 1354 760 in
1378 714 1607 762 omnibus
1643 729 1745 762 non
1771 722 1883 763 sunt

75 779 78 784 ’
119 788 262 849 talea,
295 789 550 839 manifeste
587 789 865 850 ostendunt,
901 792 1036 854 quod
1077 802 1189 841 sunt
1228 793 1310 841 filii
1351 793 1587 843 Luciferi²
1626 796 1881 845 ecclesiam

60 861 78 927 f
124 879 421 920 venenantes
433 886 448 931 3
497 872 626 921 circa
659 871 756 920 hoc
791 873 923 920 enim
957 880 1031 921 est
1066 873 1276 922 studium
1310 875 1597 935 invidorum,
1629 877 1880 940 quomodo

107 960 339 1018 possent.
360 952 584 1002 ordinem
618 968 761 1002 suum
796 954 1024 1003 extollere
1067 955 1118 1003 in
1158 956 1438 1019 antiquitate
1473 965 1522 1007 et
1557 959 1727 1008 ceteris
1763 963 1884 1008 con-'

69 1055 81 1088 ,·
110 1030 389 1084 ‘ditionibus
413 1035 680 1098 probitatis,
707 1044 756 1084 et
781 1036 899 1085 alias
924 1044 1080 1086 sectas
1105 1038 1388 1101 deprimere.

67 1175 81 1186 ,Ι
159 1167 169 1183 .
197 1113 382 1174 Quarta
404 1117 620 1166 conditio
643 1118 851 1167 caritatis
880 1127 966 1178 est,
991 1119 1126 1183 quod
1157 1137 1247 1167 non
1278 1122 1385 1183 agit
1400 1129 1658 1184 perperam.
1729 1121 1882 1182 Quod

122 1196 191 1247 ὅθ
210 1197 380 1247 fratres
403 1197 690 1248 habundant
706 1200 953 1263 praedicta
970 1201 1162 1260 invidia,
1182 1203 1289 1265 quis
1315 1203 1499 1252 dubitat
1517 1204 1636 1267 quin
1659 1219 1881 1267 prorum-

54 1286 65 1290 ”
118 1280 271 1343 punt*
309 1280 363 1329 in
402 1295 554 1344 opera
590 1282 764 1331 nociva
810 1283 1056 1341 ecclesiae,
1099 1283 1403 1333 aedificando
1444 1293 1492 1333 et
1534 1285 1881 1349 congregando

67 1427 69 1429 ¹
120 1361 358 1426 sibiipsis
378 1363 678 1426 temporalia,
703 1379 828 1428 quae
861 1365 1069 1427 spoliant
1094 1366 1154 1414 de
1187 1366 1355 1429 egenis
1387 1367 1520 1415 aliter
1552 1382 1700 1430 quam
1733 1367 1879 1415 dictat

55 1462 63 1503 J
120 1443 290 1508 tegula
333 1444 557 1494 caritatis.
640 1445 704 1494 Et
750 1446 811 1494 de
858 1445 1090 1494 fructibus
1138 1447 1368 1496 actionis⁵
1414 1463 1669 1512 perperam
1715 1449 1881 1496 talium

9 1567 12 1571 .
54 1550 79 1591 -
118 1525 396 1578 invidorum
421 1526 611 1575 difficile
635 1535 709 1575 est
732 1528 782 1575 in
806 1529 974 1591 paucis
997 1528 1155 1576 verbis
1188 1530 1474 1591 exprimere,
1501 1529 1614 1592 quia
1647 1529 1882 1593 quidquid

119 1604 365 1671 egerunt⁶,
413 1615 487 1657 est
532 1608 703 1657 dolose
750 1610 813 1658 ad
859 1618 1211 1659 nocumentum
1258 1611 1491 1660 ecclesiae
1538 1620 1880 1675 perpetratum.

54 1676 56 1678 V
121 1687 255 1739 Nam
293 1697 527 1753 tanquam
566 1689 726 1739 faeces
769 1700 996 1754 quattuor
1035 1692 1296 1740 humorum
1338 1693 1389 1740 in
1436 1708 1640 1756 corpore
1685 1700 1880 1741 sanctae

47 1805 56 1823 ;
120 1771 288 1820 matris
317 1771 568 1821 'ecclesiae
609 1772 830 1820 videntur
876 1774 927 1820 in
974 1774 1402 1836 spongiositatibus
1450 1775 1555 1838 ejus
1599 1774 1881 1838 generando

118 1860 375 1916 apostema
413 1860 462 1902 et
500 1853 702 1901 morbos
743 1854 864 1902 alios
905 1854 1128 1902 residere.
1214 1854 1434 1903 Christus
1476 1856 1608 1903 enim
1645 1856 1883 1903 ordinavit

54 1948 57 1950 ·
120 1948 301 1998 corpus
333 1949 450 1983 suae
485 1934 716 1983 ecclesiae
752 1936 804 1983 in
831 1943 973 1984 tanta
1008 1936 1282 1984 armonica⁷
1305 1937 1514 1995 caritate,
1540 1938 1675 2000 quod
1710 1938 1750 1986 si
1785 1953 1884 1985 una

117 2017 227 2081 ejus
266 2017 500 2081 particula
539 2017 732 2081 corpori
774 2018 840 2066 illi
888 2017 1104 2076 defuerit,
1147 2027 1303 2066 totum
1350 2019 1444 2067 hoc
1486 2034 1662 2083 corpus
1709 2021 1885 2083 patitur

16 2109 52 2152 ᾗ
107 2089 444 2163 ⁴dyscrasiam3
497 2107 546 2148 et
581 2100 650 2148 sic
686 2098 872 2148 videtur
910 2100 1046 2163 quod
1086 2100 1206 2149 istae
1249 2109 1409 2150 sectae
1450 2102 1502 2149 in
1536 2102 1794 2151 nutriendo
1831 2118 1883 2152 se

48 2167 52 2250 '-
122 2179 268 2245 ipsos
282 2189 432 2245 agunt
455 2196 724 2245 perperam.

122 2276 133 2284 ’
196 2260 370 2321 Qus'nta'
405 2263 622 2312 conditio
659 2271 745 2321 est,
783 2264 918 2326 quod
953 2264 1126 2313 caritas
1163 2264 1473 2314 consentiens
1506 2266 1760 2315 humilitati
1795 2283 1884 2315 non

118 2340 334 2408 irfiatur.
403 2343 557 2404 Quod
597 2344 638 2393 si
677 2344 846 2394 fratres
886 2360 987 2393 non
1026 2347 1250 2395 obstante
1288 2347 1423 2408 quod
1459 2349 1555 2396 sint
1589 2348 1801 2396 mendici
1837 2357 1884 2397 et

54 2447 58 2462 τ
121 2434 380 2491 propterea
413 2426 736 2490 multipliciter
771 2427 1046 2490 spoliantes,
1078 2428 1316 2476 habeant⁸
1353 2444 1437 2477 cor
1471 2431 1628 2492 magis
1663 2430 1883 2478 inflatum

108 2509 349 2579 ¹{superbia
387 2516 488 2557 tam
528 2523 678 2572 opere
725 2524 874 2571 quam
916 2524 1155 2567 sermone,
1198 2524 1408 2572 quorum
1457 2512 1681 2574 superbia
1727 2512 1883 2574 magis

2 2606 20 2640 2.
53 2579 55 2583 ¹
110 2584 277 2640 ‘foetet
317 2605 485 2640 coram
522 2589 648 2648 De0,
691 2591 774 2653 qui
815 2591 1053 2653 superbos
1095 2590 1299 2654 despicit
1340 2599 1388 2639 et
1423 2594 1795 2655 repugnantiam
1831 2594 1881 2640 in

38 2714 50 2740 ,5
78 2679 82 2683 '
115 2671 327 2737 adicem,
363 2687 468 2721 non
502 2672 634 2720 enim
669 2671 828 2720 solum
865 2676 876 2696 ‘
894 2672 1060 2721 dicunt
1095 2679 1143 2721 et
1178 2687 1281 2721 non
1316 2672 1496 2722 faciunt
1505 2671 1551 2732 ⁹‚'
1578 2674 1666 2722 sed
1700 2675 1882 2723 veritati

3 2750 19 2767 ‘¹
38 2786 55 2826 3
119 2754 307 2826 primae
315 2744 564 2803 ¹⁰‘notorie
589 2753 938 2802 contradicunt.

51 2828 54 2882 J
117 2835 124 2863 ·³
153 2874 155 2877 .
191 2834 345 2886 Sexta
370 2835 586 2886 conditio
611 2835 818 2884 caritatis
846 2843 933 2894 est,
958 2835 1093 2899 quod
1127 2851 1216 2883 non
1247 2841 1315 2884 est
1341 2836 1594 2885 ambitiosa.
1666 2836 1816 2896 Quod
1841 2839 1879 2887 si

38 2994 48 3014 ³
121 3014 300 3049 norum
323 3014 381 3048 ac
404 2999 715 3048 dominarum
740 2997 1062 3057 confessores,
1088 3000 1492 3047 communitatum
1515 3007 1564 3047 et
1592 2999 1879 3048 familiarum

121 3079 348 3141 rectoreS,
391 3096 453 3130 ex
493 3095 583 3129 sua
622 3079 879 3144 prudentia
919 3095 1172 3128 causarum
1222 3089 1571 3143 procuratores,
1614 3090 1661 3130 et
1709 3082 1776 3131 sic
1818 3082 1879 3131 de

80 3171 90 3201 '⁸
118 3161 271 3213 aliisss
311 3162 620 3222 excellentiis,
657 3177 782 3226 quae
823 3163 875 3210 in
916 3161 1115 3212 fratrum
1153 3163 1352 3211 statibus
1387 3171 1645 3226 potuerunt
1681 3163 1879 3227 palliari,

2 3262 3 3266 ¹
46 3259 55 3303 ,²
119 3312 121 3314 ,
145 3280 151 3285 “
177 3270 194 3297 ¹
220 3269 495 3323 eterogenitas
521 3269 567 3323 (i.
575 3282 611 3310 e.
639 3269 1006 3323 heterogeneitas)]
1038 3270 1422 3323 ethromogeneitas‚
1453 3270 1612 3332 A.a.o.;
1652 3275 1881 3334 etromoge-

121 3325 266 3372 aeitas,
286 3325 338 3367 C.
610 3323 626 3347 ²
655 3324 851 3378 Luciferi]
872 3324 1026 3372 lucifer,
1045 3325 1126 3365 a.b.
1372 3326 1387 3347 ³
1415 3325 1526 3377 quod
1545 3324 1599 3377 ει]
1621 3330 1661 3366 et
1681 3338 1727 3371 ει,
1746 3325 1880 3367 a.b.C.

51 3387 59 3425 J
122 3378 140 3408 ⁴
165 3377 458 3434 prorumpunt]
478 3383 762 3432 prorumpant,
781 3379 830 3420 C.
994 3379 1010 3403 ⁶
1037 3378 1230 3432 actionis]
1252 3378 1543 3427 accidentibus,
1563 3379 1612 3420 C.
1741 3379 1758 3402 ⁶
1784 3391 1879 3432 ege-

62 3479 63 3482 ,
122 3433 236 3488 runt]
252 3433 424 3487 egerint.
447 3433 499 3476 C.
772 3432 787 3456 ⁷
816 3432 1045 3486 armonica]
1068 3433 1288 3479 Aaronica,
1308 3434 1357 3474 C.
1637 3434 1652 3456 ⁸
1681 3433 1879 3487 habeant]

122 3487 288 3535 habeat,
305 3500 345 3529 a.
526 3487 542 3511 ⁹
570 3487 622 3534 ef.
654 3487 805 3528 Matth.
825 3486 932 3528 xxiii.
953 3498 992 3538 3.
1176 3488 1208 3512 ¹⁰
1236 3486 1409 3541 primae]
1431 3499 1513 3528 om.
1535 3487 1583 3528 C.
1766 3488 1795 3514 ¹¹
1823 3489 1883 3530 sic

55 3550 59 3561 ·’
124 3541 177 3585 de
194 3541 306 3596 aliis]
327 3540 486 3590 ceteris,
507 3542 558 3584 C.

40 2930 46 2981 j·
119 2916 291 2983 fratres
331 2917 547 2966 honores
587 2916 866 2965 mundanos
908 2917 1122 2980 cupiunt,
1158 2917 1292 2980 quod
1333 2918 1426 2966 sint
1464 2918 1688 2966 ductores
1723 2919 1879 2967 domi·
1945 2978 1951 2984 x
